<?xml version="1.0" encoding="UTF-8"?>
<!DOCTYPE html PUBLIC "-//W3C//DTD XHTML 1.0 Transitional//EN"
    "http://www.w3.org/TR/xhtml1/DTD/xhtml1-transitional.dtd">
<html xmlns="http://www.w3.org/1999/xhtml" xml:lang="en" lang="en">
 <head>
  <title>
</title>
<meta http-equiv="Content-Type" content="text/html;charset=utf-8" />
  <meta name='ocr-system' content='tesseract 3.04.00' />
  <meta name='ocr-capabilities' content='ocr_page ocr_carea ocr_par ocr_line ocrx_word'/>
</head>
<body>
  <div class='ocr_page' id='page_1' title='image "./orationesselect01cicegoog_0026.png"; bbox 0 0 2340 3788; ppageno 0'>
   <div class='ocr_carea' id='block_1_1' title="bbox 351 196 743 277">
    <p class='ocr_par' dir='ltr' id='par_1_1' title="bbox 351 196 743 277">
     <span class='ocr_line' id='line_1_1' title="bbox 351 196 743 277; baseline 0.01 -30"><span class='ocrx_word' id='word_1_1' title='bbox 351 198 354 203; x_wconf 93' lang='lat'><em>·</em></span> <span class='ocrx_word' id='word_1_2' title='bbox 394 196 456 277; x_wconf 81' lang='lat' dir='ltr'><strong>rna</strong></span> <span class='ocrx_word' id='word_1_3' title='bbox 471 196 581 251; x_wconf 78' lang='lat' dir='ltr'><strong>sanos</strong></span> <span class='ocrx_word' id='word_1_4' title='bbox 596 198 743 252; x_wconf 81' lang='lat' dir='ltr'><strong>merens.</strong></span> 
     </span>
    </p>
   </div>
   <div class='ocr_carea' id='block_1_2' title="bbox 62 482 1099 3283">
    <p class='ocr_par' dir='ltr' id='par_1_2' title="bbox 258 482 1086 561">
     <span class='ocr_line' id='line_1_2' title="bbox 258 482 1086 561; baseline 0.008 -13"><span class='ocrx_word' id='word_1_5' title='bbox 258 498 344 549; x_wconf 80' lang='lat' dir='ltr'><strong>Cicero</strong></span> <span class='ocrx_word' id='word_1_6' title='bbox 364 499 483 550; x_wconf 81' lang='lat' dir='ltr'><strong>Milonem</strong></span> <span class='ocrx_word' id='word_1_7' title='bbox 501 501 533 550; x_wconf 89' lang='lat' dir='ltr'><strong>de</strong></span> <span class='ocrx_word' id='word_1_8' title='bbox 548 501 578 548; x_wconf 82' lang='lat' dir='ltr'><strong>ri</strong></span> <span class='ocrx_word' id='word_1_9' title='bbox 597 506 741 548; x_wconf 83' lang='lat' dir='ltr'><strong>aoeusetum</strong></span> <span class='ocrx_word' id='word_1_10' title='bbox 760 501 884 561; x_wconf 75' lang='lat' dir='ltr'><strong>defendit,</strong></span> <span class='ocrx_word' id='word_1_11' title='bbox 903 504 949 553; x_wconf 91' lang='lat' dir='ltr'><strong>sed</strong></span> <span class='ocrx_word' id='word_1_12' title='bbox 961 505 997 554; x_wconf 91' lang='lat' dir='ltr'><strong>itn</strong></span> <span class='ocrx_word' id='word_1_13' title='bbox 1011 482 1086 499; x_wconf 46' lang='lat'><strong>*-</strong></span> 
     </span>
    </p>

    <p class='ocr_par' dir='ltr' id='par_1_3' title="bbox 141 565 997 1245">
     <span class='ocr_line' id='line_1_3' title="bbox 141 565 997 631; baseline 0.008 -17"><span class='ocrx_word' id='word_1_14' title='bbox 141 585 144 589; x_wconf 95' lang='lat'>·</span> <span class='ocrx_word' id='word_1_15' title='bbox 224 573 251 615; x_wconf 88' lang='lat' dir='ltr'><strong>nt</strong></span> <span class='ocrx_word' id='word_1_16' title='bbox 268 566 318 616; x_wconf 84' lang='lat' dir='ltr'><strong>ieri</strong></span> <span class='ocrx_word' id='word_1_17' title='bbox 337 567 473 631; x_wconf 76' lang='lat' dir='ltr'><strong>adspeutu,</strong></span> <span class='ocrx_word' id='word_1_18' title='bbox 494 565 566 616; x_wconf 80' lang='lat' dir='ltr'><strong>iussu</strong></span> <span class='ocrx_word' id='word_1_19' title='bbox 584 567 699 630; x_wconf 88' lang='lat' dir='ltr'><strong>Pompeii</strong></span> <span class='ocrx_word' id='word_1_20' title='bbox 716 567 834 618; x_wconf 70' lang='lat' dir='ltr'><strong>militibus</strong></span> <span class='ocrx_word' id='word_1_21' title='bbox 851 571 997 621; x_wconf 88' lang='lat' dir='ltr'><strong>eireumdati</strong></span> 
     </span>
     <span class='ocr_line' id='line_1_4' title="bbox 222 634 994 704; baseline 0.008 -22"><span class='ocrx_word' id='word_1_22' title='bbox 222 641 248 682; x_wconf 88' lang='lat' dir='ltr'><strong>et</strong></span> <span class='ocrx_word' id='word_1_23' title='bbox 274 634 495 686; x_wconf 60' lang='lat' dir='ltr'><strong>acclamationibus</strong></span> <span class='ocrx_word' id='word_1_24' title='bbox 521 635 701 685; x_wconf 74' lang='lat' dir='ltr'><strong>Clodianorum</strong></span> <span class='ocrx_word' id='word_1_25' title='bbox 727 639 884 699; x_wconf 77' lang='lat' dir='ltr'><strong>pmauiatuu</strong></span> <span class='ocrx_word' id='word_1_26' title='bbox 906 652 994 704; x_wconf 84' lang='lat' dir='ltr'><strong>pamm</strong></span> 
     </span>
     <span class='ocr_line' id='line_1_5' title="bbox 223 703 995 768; baseline 0.005 -17"><span class='ocrx_word' id='word_1_27' title='bbox 223 710 366 752; x_wconf 79' lang='lat' dir='ltr'><strong>onustantur</strong></span> <span class='ocrx_word' id='word_1_28' title='bbox 382 703 483 755; x_wconf 71' lang='lat' dir='ltr'><strong>diceret.</strong></span> <span class='ocrx_word' id='word_1_29' title='bbox 510 703 572 753; x_wconf 81' lang='lat' dir='ltr'><strong>Eam</strong></span> <span class='ocrx_word' id='word_1_30' title='bbox 590 718 656 766; x_wconf 88' lang='lat' dir='ltr'><strong>quse</strong></span> <span class='ocrx_word' id='word_1_31' title='bbox 671 711 753 753; x_wconf 82' lang='lat' dir='ltr'><strong>exstat</strong></span> <span class='ocrx_word' id='word_1_32' title='bbox 770 718 816 768; x_wconf 89' lang='lat' dir='ltr'><strong>pro</strong></span> <span class='ocrx_word' id='word_1_33' title='bbox 830 704 926 757; x_wconf 70' lang='lat' dir='ltr'><strong>Mense</strong></span> <span class='ocrx_word' id='word_1_34' title='bbox 940 722 995 756; x_wconf 86' lang='lat' dir='ltr'><strong>oru-</strong></span> 
     </span>
     <span class='ocr_line' id='line_1_6' title="bbox 221 770 996 836; baseline 0.003 -15"><span class='ocrx_word' id='word_1_35' title='bbox 221 770 316 821; x_wconf 85' lang='lat' dir='ltr'><strong>tienem</strong></span> <span class='ocrx_word' id='word_1_36' title='bbox 332 778 424 836; x_wconf 80' lang='lat' dir='ltr'><strong>postea</strong></span> <span class='ocrx_word' id='word_1_37' title='bbox 440 772 550 834; x_wconf 75' lang='lat' dir='ltr'><strong>scripsit,</strong></span> <span class='ocrx_word' id='word_1_38' title='bbox 569 787 626 820; x_wconf 87' lang='lat' dir='ltr'><strong>euru</strong></span> <span class='ocrx_word' id='word_1_39' title='bbox 640 771 700 821; x_wconf 82' lang='lat' dir='ltr'><strong>Milo</strong></span> <span class='ocrx_word' id='word_1_40' title='bbox 715 773 894 822; x_wconf 82' lang='lat' dir='ltr'><strong>condemnatus</strong></span> <span class='ocrx_word' id='word_1_41' title='bbox 907 774 996 824; x_wconf 78' lang='lat' dir='ltr'><strong>Massi-</strong></span> 
     </span>
     <span class='ocr_line' id='line_1_7' title="bbox 222 838 995 904; baseline 0.005 -18"><span class='ocrx_word' id='word_1_42' title='bbox 222 838 282 887; x_wconf 86' lang='lat' dir='ltr'><strong>liam</strong></span> <span class='ocrx_word' id='word_1_43' title='bbox 296 839 439 889; x_wconf 72' lang='lat' dir='ltr'><strong>exantlatum</strong></span> <span class='ocrx_word' id='word_1_44' title='bbox 452 840 554 889; x_wconf 86' lang='lat' dir='ltr'><strong>abisset.</strong></span> <span class='ocrx_word' id='word_1_45' title='bbox 571 839 668 890; x_wconf 78' lang='lat' dir='ltr'><strong>Deinde</strong></span> <span class='ocrx_word' id='word_1_46' title='bbox 682 840 795 891; x_wconf 77' lang='lat' dir='ltr'><strong>defendit</strong></span> <span class='ocrx_word' id='word_1_47' title='bbox 809 840 849 890; x_wconf 88' lang='lat' dir='ltr'><strong>M.</strong></span> <span class='ocrx_word' id='word_1_48' title='bbox 860 839 995 904; x_wconf 75' lang='lat' dir='ltr'><strong>Smeseiwu,</strong></span> 
     </span>
     <span class='ocr_line' id='line_1_8' title="bbox 222 906 995 969; baseline 0.004 -14"><span class='ocrx_word' id='word_1_49' title='bbox 222 908 266 969; x_wconf 86' lang='lat' dir='ltr'><strong>qni</strong></span> <span class='ocrx_word' id='word_1_50' title='bbox 282 906 413 959; x_wconf 84' lang='lat' dir='ltr'><strong>absolutus</strong></span> <span class='ocrx_word' id='word_1_51' title='bbox 428 915 476 957; x_wconf 85' lang='lat' dir='ltr'><strong>est.</strong></span> <span class='ocrx_word' id='word_1_52' title='bbox 504 907 589 958; x_wconf 85' lang='lat' dir='ltr'><strong>Mense</strong></span> <span class='ocrx_word' id='word_1_53' title='bbox 597 908 734 959; x_wconf 76' lang='lat' dir='ltr'><strong>-iieeembri</strong></span> <span class='ocrx_word' id='word_1_54' title='bbox 747 909 775 958; x_wconf 83' lang='lat' dir='ltr'><strong>T.</strong></span> <span class='ocrx_word' id='word_1_55' title='bbox 787 909 913 960; x_wconf 81' lang='lat' dir='ltr'><strong>Munatius</strong></span> <span class='ocrx_word' id='word_1_56' title='bbox 924 909 995 958; x_wconf 86' lang='lat' dir='ltr'><strong>Plan-</strong></span> 
     </span>
     <span class='ocr_line' id='line_1_9' title="bbox 222 974 995 1042; baseline 0.003 -18"><span class='ocrx_word' id='word_1_57' title='bbox 222 988 267 1024; x_wconf 87' lang='lat' dir='ltr'><strong>ens</strong></span> <span class='ocrx_word' id='word_1_58' title='bbox 282 974 373 1036; x_wconf 83' lang='lat' dir='ltr'><strong>Bursa,</strong></span> <span class='ocrx_word' id='word_1_59' title='bbox 388 975 517 1025; x_wconf 69' lang='lat' dir='ltr'><strong>vtribunatu</strong></span> <span class='ocrx_word' id='word_1_60' title='bbox 533 975 615 1040; x_wconf 85' lang='lat' dir='ltr'><strong>piebis</strong></span> <span class='ocrx_word' id='word_1_61' title='bbox 634 978 758 1042; x_wconf 85' lang='lat' dir='ltr'><strong>deposito,</strong></span> <span class='ocrx_word' id='word_1_62' title='bbox 776 985 909 1028; x_wconf 83' lang='lat' dir='ltr'><strong>seeusatus</strong></span> <span class='ocrx_word' id='word_1_63' title='bbox 925 992 941 1026; x_wconf 92' lang='lat' dir='ltr'><strong>a</strong></span> <span class='ocrx_word' id='word_1_64' title='bbox 956 976 995 1026; x_wconf 81' lang='lat' dir='ltr'><strong>Gi·</strong></span> 
     </span>
     <span class='ocr_line' id='line_1_10' title="bbox 223 1044 995 1111; baseline 0.004 -20"><span class='ocrx_word' id='word_1_65' title='bbox 223 1056 314 1092; x_wconf 87' lang='lat' dir='ltr'><strong>oeroue</strong></span> <span class='ocrx_word' id='word_1_66' title='bbox 333 1051 357 1092; x_wconf 88' lang='lat' dir='ltr'><strong>et</strong></span> <span class='ocrx_word' id='word_1_67' title='bbox 376 1044 553 1111; x_wconf 80' lang='lat' dir='ltr'><strong>condemnatos</strong></span> <span class='ocrx_word' id='word_1_68' title='bbox 572 1052 619 1097; x_wconf 81' lang='lat' dir='ltr'><strong>est.</strong></span> <span class='ocrx_word' id='word_1_69' title='bbox 654 1046 709 1096; x_wconf 84' lang='lat' dir='ltr'><strong>iioe</strong></span> <span class='ocrx_word' id='word_1_70' title='bbox 725 1060 791 1095; x_wconf 82' lang='lat' dir='ltr'><strong>sunu</strong></span> <span class='ocrx_word' id='word_1_71' title='bbox 809 1045 850 1096; x_wconf 86' lang='lat' dir='ltr'><strong>vel</strong></span> <span class='ocrx_word' id='word_1_72' title='bbox 867 1045 995 1107; x_wconf 83' lang='lat' dir='ltr'><strong>sequentis</strong></span> 
     </span>
     <span class='ocr_line' id='line_1_11' title="bbox 222 1111 994 1178; baseline 0.005 -20"><span class='ocrx_word' id='word_1_73' title='bbox 222 1111 303 1172; x_wconf 86' lang='lat' dir='ltr'><strong>initio,</strong></span> <span class='ocrx_word' id='word_1_74' title='bbox 322 1119 389 1160; x_wconf 89' lang='lat' dir='ltr'><strong>oerta</strong></span> <span class='ocrx_word' id='word_1_75' title='bbox 401 1120 459 1177; x_wconf 88' lang='lat' dir='ltr'><strong>post</strong></span> <span class='ocrx_word' id='word_1_76' title='bbox 473 1112 635 1175; x_wconf 80' lang='lat' dir='ltr'><strong>Milonianupr</strong></span> <span class='ocrx_word' id='word_1_77' title='bbox 647 1113 776 1175; x_wconf 80' lang='lat' dir='ltr'><strong>iudicium,</strong></span> <span class='ocrx_word' id='word_1_78' title='bbox 794 1115 895 1178; x_wconf 86' lang='lat' dir='ltr'><strong>seripsit</strong></span> <span class='ocrx_word' id='word_1_79' title='bbox 909 1112 994 1163; x_wconf 81' lang='lat' dir='ltr'><strong>Gioero</strong></span> 
     </span>
     <span class='ocr_line' id='line_1_12' title="bbox 221 1178 893 1245; baseline 0.001 -19"><span class='ocrx_word' id='word_1_80' title='bbox 221 1178 299 1229; x_wconf 71' lang='lat' dir='ltr'><strong>libras</strong></span> <span class='ocrx_word' id='word_1_81' title='bbox 316 1179 348 1228; x_wconf 80' lang='lat' dir='ltr'><strong>de</strong></span> <span class='ocrx_word' id='word_1_82' title='bbox 364 1180 483 1245; x_wconf 79' lang='lat' dir='ltr'><strong>iops&#39;dus.l</strong></span> <span class='ocrx_word' id='word_1_83' title='bbox 891 1222 893 1227; x_wconf 93' lang='lat'><em>.</em></span> 
     </span>
    </p>

    <p class='ocr_par' dir='ltr' id='par_1_4' title="bbox 62 1245 1062 1314">
     <span class='ocr_line' id='line_1_13' title="bbox 62 1245 1062 1314; baseline 0.006 -15"><span class='ocrx_word' id='word_1_84' title='bbox 62 1247 100 1303; x_wconf 77' lang='lat' dir='ltr'><strong>t03</strong></span> <span class='ocrx_word' id='word_1_85' title='bbox 149 1247 185 1298; x_wconf 80' lang='lat' dir='ltr'><strong>ol</strong></span> <span class='ocrx_word' id='word_1_86' title='bbox 222 1245 293 1296; x_wconf 71' lang='lat' dir='ltr'><strong>Gora.</strong></span> <span class='ocrx_word' id='word_1_87' title='bbox 322 1245 379 1298; x_wconf 78' lang='lat' dir='ltr'><strong>Ser.</strong></span> <span class='ocrx_word' id='word_1_88' title='bbox 397 1247 522 1311; x_wconf 68' lang='lat' dir='ltr'><strong>Sulpicius</strong></span> <span class='ocrx_word' id='word_1_89' title='bbox 538 1250 630 1314; x_wconf 67' lang='lat' dir='ltr'><strong>Rufius,</strong></span> <span class='ocrx_word' id='word_1_90' title='bbox 648 1248 688 1299; x_wconf 82' lang='grc' dir='ltr'><strong>Μ.</strong></span> <span class='ocrx_word' id='word_1_91' title='bbox 709 1249 827 1299; x_wconf 63' lang='lat' dir='ltr'><strong>&amp;adine</strong></span> <span class='ocrx_word' id='word_1_92' title='bbox 843 1248 993 1300; x_wconf 76' lang='lat' dir='ltr'><strong>Marcellae.</strong></span> <span class='ocrx_word' id='word_1_93' title='bbox 1027 1251 1062 1305; x_wconf 78' lang='lat' dir='ltr'><strong>to</strong></span> 
     </span>
    </p>

    <p class='ocr_par' dir='ltr' id='par_1_5' title="bbox 220 1312 994 1655">
     <span class='ocr_line' id='line_1_14' title="bbox 255 1312 994 1381; baseline 0.003 -17"><span class='ocrx_word' id='word_1_94' title='bbox 255 1312 318 1365; x_wconf 76' lang='lat' dir='ltr'><strong>Oum</strong></span> <span class='ocrx_word' id='word_1_95' title='bbox 340 1319 471 1381; x_wconf 72' lang='lat' dir='ltr'><strong>superiore</strong></span> <span class='ocrx_word' id='word_1_96' title='bbox 492 1332 558 1367; x_wconf 87' lang='lat' dir='ltr'><strong>sune</strong></span> <span class='ocrx_word' id='word_1_97' title='bbox 580 1316 644 1367; x_wconf 74' lang='lat' dir='ltr'><strong>scta</strong></span> <span class='ocrx_word' id='word_1_98' title='bbox 666 1324 767 1367; x_wconf 84' lang='lat' dir='ltr'><strong>nautum</strong></span> <span class='ocrx_word' id='word_1_99' title='bbox 784 1324 864 1379; x_wconf 85' lang='lat' dir='ltr'><strong>esset,</strong></span> <span class='ocrx_word' id='word_1_100' title='bbox 888 1332 920 1366; x_wconf 90' lang='lat' dir='ltr'><strong>ne</strong></span> <span class='ocrx_word' id='word_1_101' title='bbox 938 1319 994 1379; x_wconf 86' lang='lat' dir='ltr'><strong>quis</strong></span> 
     </span>
     <span class='ocr_line' id='line_1_15' title="bbox 220 1385 993 1450; baseline 0.003 -17"><span class='ocrx_word' id='word_1_102' title='bbox 220 1385 361 1446; x_wconf 73' lang='lat' dir='ltr'><strong>prastasias</strong></span> <span class='ocrx_word' id='word_1_103' title='bbox 380 1393 424 1434; x_wconf 89' lang='lat' dir='ltr'><strong>eut</strong></span> <span class='ocrx_word' id='word_1_104' title='bbox 442 1386 582 1436; x_wconf 86' lang='lat' dir='ltr'><strong>oeusuiaris</strong></span> <span class='ocrx_word' id='word_1_105' title='bbox 597 1387 663 1436; x_wconf 84' lang='lat' dir='ltr'><strong>intre</strong></span> <span class='ocrx_word' id='word_1_106' title='bbox 679 1386 876 1450; x_wconf 83' lang='lat' dir='ltr'><strong>quinquennium</strong></span> <span class='ocrx_word' id='word_1_107' title='bbox 892 1387 919 1434; x_wconf 89' lang='lat' dir='ltr'><strong>iu</strong></span> <span class='ocrx_word' id='word_1_108' title='bbox 935 1399 993 1450; x_wconf 91' lang='lat' dir='ltr'><strong>pro-</strong></span> 
     </span>
     <span class='ocr_line' id='line_1_16' title="bbox 222 1452 992 1517; baseline 0.003 -17"><span class='ocrx_word' id='word_1_109' title='bbox 222 1452 329 1502; x_wconf 83' lang='lat' dir='ltr'><strong>rinoiam</strong></span> <span class='ocrx_word' id='word_1_110' title='bbox 351 1453 413 1514; x_wconf 89' lang='lat' dir='ltr'><strong>iret,</strong></span> <span class='ocrx_word' id='word_1_111' title='bbox 436 1455 517 1503; x_wconf 84' lang='lat' dir='ltr'><strong>eoaoti</strong></span> <span class='ocrx_word' id='word_1_112' title='bbox 539 1460 597 1503; x_wconf 86' lang='lat' dir='ltr'><strong>sunt</strong></span> <span class='ocrx_word' id='word_1_113' title='bbox 612 1455 632 1503; x_wconf 93' lang='lat' dir='ltr'><strong>ii</strong></span> <span class='ocrx_word' id='word_1_114' title='bbox 649 1455 792 1517; x_wconf 84' lang='lat' dir='ltr'><strong>provinoius</strong></span> <span class='ocrx_word' id='word_1_115' title='bbox 809 1453 992 1516; x_wconf 83' lang='lat' dir='ltr'><strong>administrare,</strong></span> 
     </span>
     <span class='ocr_line' id='line_1_17' title="bbox 220 1520 992 1585; baseline 0.003 -17"><span class='ocrx_word' id='word_1_116' title='bbox 220 1520 263 1580; x_wconf 89' lang='lat' dir='ltr'><strong>qni</strong></span> <span class='ocrx_word' id='word_1_117' title='bbox 284 1521 311 1569; x_wconf 92' lang='lat' dir='ltr'><strong>in</strong></span> <span class='ocrx_word' id='word_1_118' title='bbox 331 1535 375 1570; x_wconf 85' lang='lat' dir='ltr'><strong>eas</strong></span> <span class='ocrx_word' id='word_1_119' title='bbox 399 1537 414 1570; x_wconf 91' lang='lat' dir='ltr'><strong>e</strong></span> <span class='ocrx_word' id='word_1_120' title='bbox 437 1522 568 1571; x_wconf 82' lang='lat' dir='ltr'><strong>consulatu</strong></span> <span class='ocrx_word' id='word_1_121' title='bbox 586 1530 611 1571; x_wconf 91' lang='lat' dir='ltr'><strong>et</strong></span> <span class='ocrx_word' id='word_1_122' title='bbox 626 1528 745 1585; x_wconf 85' lang='lat' dir='ltr'><strong>praetura</strong></span> <span class='ocrx_word' id='word_1_123' title='bbox 759 1522 871 1572; x_wconf 88' lang='lat' dir='ltr'><strong>nundum</strong></span> <span class='ocrx_word' id='word_1_124' title='bbox 887 1523 992 1570; x_wconf 89' lang='lat' dir='ltr'><strong>iverant.</strong></span> 
     </span>
     <span class='ocr_line' id='line_1_18' title="bbox 220 1586 991 1655; baseline 0.004 -20"><span class='ocrx_word' id='word_1_125' title='bbox 220 1587 306 1650; x_wconf 84' lang='lat' dir='ltr'><strong>itaque</strong></span> <span class='ocrx_word' id='word_1_126' title='bbox 327 1586 440 1638; x_wconf 76' lang='lat' dir='ltr'><strong>(iioeroui</strong></span> <span class='ocrx_word' id='word_1_127' title='bbox 464 1590 555 1655; x_wconf 73' lang='lat' dir='ltr'><strong>obtigit</strong></span> <span class='ocrx_word' id='word_1_128' title='bbox 576 1588 662 1639; x_wconf 82' lang='lat' dir='ltr'><strong>Giiieia</strong></span> <span class='ocrx_word' id='word_1_129' title='bbox 683 1602 729 1653; x_wconf 86' lang='lat' dir='ltr'><strong>pru</strong></span> <span class='ocrx_word' id='word_1_130' title='bbox 750 1588 854 1639; x_wconf 88' lang='lat' dir='ltr'><strong>oonsule</strong></span> <span class='ocrx_word' id='word_1_131' title='bbox 871 1590 991 1654; x_wconf 75' lang='lat' dir='ltr'><strong>regenda,</strong></span> 
     </span>
    </p>

    <p class='ocr_par' dir='ltr' id='par_1_6' title="bbox 180 1654 993 1852">
     <span class='ocr_line' id='line_1_19' title="bbox 180 1654 993 1721; baseline 0.002 -17"><span class='ocrx_word' id='word_1_132' title='bbox 180 1658 183 1663; x_wconf 85' lang='lat'>&#39;</span> <span class='ocrx_word' id='word_1_133' title='bbox 219 1669 276 1704; x_wconf 85' lang='lat' dir='ltr'><strong>eum</strong></span> <span class='ocrx_word' id='word_1_134' title='bbox 295 1657 405 1705; x_wconf 85' lang='lat' dir='ltr'><strong>exereitu</strong></span> <span class='ocrx_word' id='word_1_135' title='bbox 418 1657 532 1721; x_wconf 85' lang='lat' dir='ltr'><strong>peditum</strong></span> <span class='ocrx_word' id='word_1_136' title='bbox 548 1656 604 1706; x_wconf 80' lang='grc' dir='ltr'><strong>ΧΠ.</strong></span> <span class='ocrx_word' id='word_1_137' title='bbox 616 1658 659 1714; x_wconf 83' lang='grc' dir='ltr'><strong>Μ.,</strong></span> <span class='ocrx_word' id='word_1_138' title='bbox 677 1658 790 1719; x_wconf 88' lang='lat' dir='ltr'><strong>equitum</strong></span> <span class='ocrx_word' id='word_1_139' title='bbox 803 1654 906 1706; x_wconf 79' lang='lat' dir='ltr'><strong>MMDG.</strong></span> <span class='ocrx_word' id='word_1_140' title='bbox 933 1656 993 1706; x_wconf 88' lang='lat' dir='ltr'><strong>Sue·</strong></span> 
     </span>
     <span class='ocr_line' id='line_1_20' title="bbox 219 1724 990 1788; baseline 0 -16"><span class='ocrx_word' id='word_1_141' title='bbox 219 1724 296 1772; x_wconf 87' lang='lat' dir='ltr'><strong>oessit</strong></span> <span class='ocrx_word' id='word_1_142' title='bbox 311 1724 338 1771; x_wconf 88' lang='lat' dir='ltr'><strong>in</strong></span> <span class='ocrx_word' id='word_1_143' title='bbox 355 1725 485 1788; x_wconf 76' lang='lat' dir='ltr'><strong>provintia</strong></span> <span class='ocrx_word' id='word_1_144' title='bbox 499 1725 565 1788; x_wconf 77' lang='lat' dir='ltr'><strong>App.</strong></span> <span class='ocrx_word' id='word_1_145' title='bbox 580 1725 694 1774; x_wconf 78' lang='lat' dir='ltr'><strong>claudio.</strong></span> <span class='ocrx_word' id='word_1_146' title='bbox 722 1724 874 1775; x_wconf 81' lang='lat' dir='ltr'><strong>Laodieeam</strong></span> <span class='ocrx_word' id='word_1_147' title='bbox 890 1725 917 1773; x_wconf 88' lang='lat' dir='ltr'><strong>iu</strong></span> <span class='ocrx_word' id='word_1_148' title='bbox 934 1739 990 1788; x_wconf 91' lang='lat' dir='ltr'><strong>pro·</strong></span> 
     </span>
     <span class='ocr_line' id='line_1_21' title="bbox 220 1790 675 1852; baseline 0 -13"><span class='ocrx_word' id='word_1_149' title='bbox 220 1792 332 1839; x_wconf 84' lang='lat' dir='ltr'><strong>vinoiam·</strong></span> <span class='ocrx_word' id='word_1_150' title='bbox 344 1791 415 1840; x_wconf 82' lang='lat' dir='ltr'><strong>veuit</strong></span> <span class='ocrx_word' id='word_1_151' title='bbox 430 1791 495 1852; x_wconf 84' lang='lat' dir='ltr'><strong>prid.</strong></span> <span class='ocrx_word' id='word_1_152' title='bbox 513 1790 568 1838; x_wconf 82' lang='lat' dir='ltr'><strong>liei.</strong></span> <span class='ocrx_word' id='word_1_153' title='bbox 587 1790 675 1839; x_wconf 59' lang='grc' dir='ltr'><strong>δοκι*</strong></span> 
     </span>
    </p>

    <p class='ocr_par' dir='ltr' id='par_1_7' title="bbox 62 1854 1060 1972">
     <span class='ocr_line' id='line_1_22' title="bbox 62 1854 1060 1917; baseline -0.003 -9"><span class='ocrx_word' id='word_1_154' title='bbox 62 1854 103 1911; x_wconf 72' lang='lat' dir='ltr'><strong>idi</strong></span> <span class='ocrx_word' id='word_1_155' title='bbox 146 1857 185 1912; x_wconf 81' lang='lat'><strong>50</strong></span> <span class='ocrx_word' id='word_1_156' title='bbox 219 1855 293 1909; x_wconf 79' lang='lat' dir='ltr'><strong>Gaas.</strong></span> <span class='ocrx_word' id='word_1_157' title='bbox 320 1856 355 1907; x_wconf 87' lang='lat' dir='ltr'><strong>L.</strong></span> <span class='ocrx_word' id='word_1_158' title='bbox 372 1856 493 1905; x_wconf 77' lang='lat' dir='ltr'><strong>Aemiliae</strong></span> <span class='ocrx_word' id='word_1_159' title='bbox 510 1855 630 1916; x_wconf 79' lang='lat' dir='ltr'><strong>Pontiae,</strong></span> <span class='ocrx_word' id='word_1_160' title='bbox 648 1857 676 1905; x_wconf 81' lang='lat'><strong>0.</strong></span> <span class='ocrx_word' id='word_1_161' title='bbox 692 1857 811 1906; x_wconf 65' lang='lat' dir='ltr'><strong>&amp;unaue</strong></span> <span class='ocrx_word' id='word_1_162' title='bbox 827 1857 855 1906; x_wconf 84' lang='lat'><strong>0.</strong></span> <span class='ocrx_word' id='word_1_163' title='bbox 872 1858 904 1909; x_wconf 77' lang='lat' dir='ltr'><strong>F.</strong></span> <span class='ocrx_word' id='word_1_164' title='bbox 919 1857 993 1907; x_wconf 83' lang='lat' dir='ltr'><strong>Mar·</strong></span> <span class='ocrx_word' id='word_1_165' title='bbox 1026 1863 1060 1917; x_wconf 77' lang='grc'><strong>57</strong></span> 
     </span>
     <span class='ocr_line' id='line_1_23' title="bbox 324 1924 409 1972; baseline -0.012 0"><span class='ocrx_word' id='word_1_166' title='bbox 324 1924 409 1972; x_wconf 78' lang='lat' dir='ltr'><strong>eeliaa</strong></span> 
     </span>
    </p>

    <p class='ocr_par' dir='ltr' id='par_1_8' title="bbox 215 1982 1099 2261">
     <span class='ocr_line' id='line_1_24' title="bbox 255 1982 993 2056; baseline -0.001 -15"><span class='ocrx_word' id='word_1_167' title='bbox 255 1989 368 2041; x_wconf 79' lang='lat' dir='ltr'><strong>Gieereni</strong></span> <span class='ocrx_word' id='word_1_168' title='bbox 384 1990 481 2041; x_wconf 83' lang='lat' dir='ltr'><strong>Romae</strong></span> <span class='ocrx_word' id='word_1_169' title='bbox 502 2005 548 2056; x_wconf 86' lang='lat' dir='ltr'><strong>pre</strong></span> <span class='ocrx_word' id='word_1_170' title='bbox 566 2007 594 2042; x_wconf 87' lang='lat' dir='ltr'><strong>re</strong></span> <span class='ocrx_word' id='word_1_171' title='bbox 615 1993 680 2042; x_wconf 81' lang='lat' dir='ltr'><strong>boue</strong></span> <span class='ocrx_word' id='word_1_172' title='bbox 703 1982 776 2056; x_wconf 75' lang='lat' dir='ltr'><strong>geste</strong></span> <span class='ocrx_word' id='word_1_173' title='bbox 796 1989 993 2055; x_wconf 63' lang='lat' dir='ltr'><strong>suppliuationes</strong></span> 
     </span>
     <span class='ocr_line' id='line_1_25' title="bbox 218 2052 992 2125; baseline 0.003 -17"><span class='ocrx_word' id='word_1_174' title='bbox 218 2052 419 2109; x_wconf 66' lang='lat' dir='ltr'><strong>desumuntur·</strong></span> <span class='ocrx_word' id='word_1_175' title='bbox 453 2061 515 2125; x_wconf 84' lang='lat' dir='ltr'><strong>Ipse</strong></span> <span class='ocrx_word' id='word_1_176' title='bbox 528 2060 571 2111; x_wconf 83' lang='grc' dir='ltr'><strong>ΠΙ.</strong></span> <span class='ocrx_word' id='word_1_177' title='bbox 590 2060 644 2110; x_wconf 83' lang='lat' dir='ltr'><strong>liei.</strong></span> <span class='ocrx_word' id='word_1_178' title='bbox 663 2060 733 2111; x_wconf 76' lang='lat' dir='ltr'><strong>Sext.</strong></span> <span class='ocrx_word' id='word_1_179' title='bbox 752 2060 784 2109; x_wconf 91' lang='lat' dir='ltr'><strong>de</strong></span> <span class='ocrx_word' id='word_1_180' title='bbox 801 2059 932 2123; x_wconf 83' lang='lat' dir='ltr'><strong>provincia</strong></span> <span class='ocrx_word' id='word_1_181' title='bbox 950 2060 992 2110; x_wconf 91' lang='lat' dir='ltr'><strong>de-</strong></span> 
     </span>
     <span class='ocr_line' id='line_1_26' title="bbox 217 2125 991 2193; baseline 0.001 -16"><span class='ocrx_word' id='word_1_182' title='bbox 217 2127 309 2177; x_wconf 90' lang='lat' dir='ltr'><strong>eedens</strong></span> <span class='ocrx_word' id='word_1_183' title='bbox 328 2125 356 2177; x_wconf 85' lang='lat' dir='ltr'><strong>G.</strong></span> <span class='ocrx_word' id='word_1_184' title='bbox 374 2127 485 2178; x_wconf 79' lang='lat' dir='ltr'><strong>Caelium</strong></span> <span class='ocrx_word' id='word_1_185' title='bbox 503 2138 662 2191; x_wconf 85' lang='lat' dir='ltr'><strong>quaestorem</strong></span> <span class='ocrx_word' id='word_1_186' title='bbox 685 2130 709 2179; x_wconf 92' lang='lat' dir='ltr'><strong>ei</strong></span> <span class='ocrx_word' id='word_1_187' title='bbox 724 2126 853 2193; x_wconf 86' lang='lat' dir='ltr'><strong>praeieeit.</strong></span> <span class='ocrx_word' id='word_1_188' title='bbox 890 2127 991 2192; x_wconf 88' lang='lat' dir='ltr'><strong>Epheso</strong></span> 
     </span>
     <span class='ocr_line' id='line_1_27' title="bbox 215 2193 1099 2261; baseline 0.003 -17"><span class='ocrx_word' id='word_1_189' title='bbox 215 2193 349 2261; x_wconf 83' lang='lat' dir='ltr'><strong>proiee&#39;tus</strong></span> <span class='ocrx_word' id='word_1_190' title='bbox 360 2195 414 2245; x_wconf 84' lang='lat' dir='ltr'><strong>liei.</strong></span> <span class='ocrx_word' id='word_1_191' title='bbox 429 2196 482 2246; x_wconf 86' lang='lat' dir='ltr'><strong>Oet.</strong></span> <span class='ocrx_word' id='word_1_192' title='bbox 499 2196 613 2247; x_wconf 81' lang='lat' dir='ltr'><strong>Athenas</strong></span> <span class='ocrx_word' id='word_1_193' title='bbox 629 2199 699 2248; x_wconf 84' lang='lat' dir='ltr'><strong>venit</strong></span> <span class='ocrx_word' id='word_1_194' title='bbox 714 2197 779 2261; x_wconf 79' lang='lat' dir='ltr'><strong>prid</strong></span> <span class='ocrx_word' id='word_1_195' title='bbox 796 2197 835 2246; x_wconf 89' lang='lat' dir='ltr'><strong>Id.</strong></span> <span class='ocrx_word' id='word_1_196' title='bbox 854 2195 936 2246; x_wconf 84' lang='lat' dir='ltr'><strong>Petris</strong></span> <span class='ocrx_word' id='word_1_197' title='bbox 949 2197 991 2247; x_wconf 83' lang='lat' dir='ltr'><strong>Ti·</strong></span> <span class='ocrx_word' id='word_1_198' title='bbox 1095 2246 1099 2256; x_wconf 83' lang='grc'><strong>,</strong></span> 
     </span>
    </p>

    <p class='ocr_par' dir='ltr' id='par_1_9' title="bbox 66 2264 1058 2519">
     <span class='ocr_line' id='line_1_28' title="bbox 215 2264 989 2381; baseline 0.003 -68"><span class='ocrx_word' id='word_1_199' title='bbox 215 2278 303 2381; x_wconf 46' lang='lat' dir='ltr'><strong>{rogem</strong></span> <span class='ocrx_word' id='word_1_200' title='bbox 321 2274 425 2330; x_wconf 77' lang='lat' dir='ltr'><strong>segnem</strong></span> <span class='ocrx_word' id='word_1_201' title='bbox 446 2264 554 2327; x_wconf 82' lang='lat' dir='ltr'><strong>reliquit.</strong></span> <span class='ocrx_word' id='word_1_202' title='bbox 590 2265 753 2317; x_wconf 84' lang='lat' dir='ltr'><strong>Brundisium</strong></span> <span class='ocrx_word' id='word_1_203' title='bbox 776 2265 989 2316; x_wconf 82' lang='lat' dir='ltr'><strong>venitV11.Kai.</strong></span> 
     </span>
     <span class='ocr_line' id='line_1_29' title="bbox 66 2387 1058 2461; baseline 0.008 -18"><span class='ocrx_word' id='word_1_204' title='bbox 66 2387 104 2445; x_wconf 72' lang='lat' dir='ltr'><strong>iii</strong></span> <span class='ocrx_word' id='word_1_205' title='bbox 146 2390 183 2446; x_wconf 72' lang='grc'><strong>49</strong></span> <span class='ocrx_word' id='word_1_206' title='bbox 216 2398 288 2449; x_wconf 81' lang='lat' dir='ltr'><strong>coss.</strong></span> <span class='ocrx_word' id='word_1_207' title='bbox 323 2400 352 2451; x_wconf 84' lang='lat'><strong>0.</strong></span> <span class='ocrx_word' id='word_1_208' title='bbox 371 2400 491 2452; x_wconf 64' lang='lat' dir='ltr'><strong>aunam</strong></span> <span class='ocrx_word' id='word_1_209' title='bbox 512 2400 555 2451; x_wconf 78' lang='lat' dir='ltr'><strong>M.</strong></span> <span class='ocrx_word' id='word_1_210' title='bbox 573 2402 603 2450; x_wconf 79' lang='lat' dir='ltr'><strong>F.</strong></span> <span class='ocrx_word' id='word_1_211' title='bbox 623 2402 780 2461; x_wconf 67' lang='lat' dir='ltr'><strong>Marcellin,</strong></span> <span class='ocrx_word' id='word_1_212' title='bbox 806 2403 841 2455; x_wconf 76' lang='lat' dir='ltr'><strong>L.</strong></span> <span class='ocrx_word' id='word_1_213' title='bbox 862 2403 990 2452; x_wconf 79' lang='lat' dir='ltr'><strong>Corneliae</strong></span> <span class='ocrx_word' id='word_1_214' title='bbox 1023 2397 1058 2452; x_wconf 75' lang='lat'><strong>50</strong></span> 
     </span>
     <span class='ocr_line' id='line_1_30' title="bbox 318 2469 530 2519; baseline -0.005 -1"><span class='ocrx_word' id='word_1_215' title='bbox 318 2469 441 2518; x_wconf 76' lang='lat' dir='ltr'><strong>Lmtrsiae</strong></span> <span class='ocrx_word' id='word_1_216' title='bbox 458 2470 530 2519; x_wconf 79' lang='lat' dir='ltr'><strong>Orus.</strong></span> 
     </span>
    </p>

    <p class='ocr_par' dir='ltr' id='par_1_10' title="bbox 212 2535 1067 3283">
     <span class='ocr_line' id='line_1_31' title="bbox 251 2535 987 2602; baseline -0.003 -16"><span class='ocrx_word' id='word_1_217' title='bbox 251 2535 338 2587; x_wconf 78' lang='lat' dir='ltr'><strong>(iioero</strong></span> <span class='ocrx_word' id='word_1_218' title='bbox 352 2537 419 2602; x_wconf 84' lang='lat' dir='ltr'><strong>prid.</strong></span> <span class='ocrx_word' id='word_1_219' title='bbox 433 2535 496 2589; x_wconf 88' lang='lat' dir='ltr'><strong>Nou.</strong></span> <span class='ocrx_word' id='word_1_220' title='bbox 513 2536 566 2586; x_wconf 83' lang='lat' dir='ltr'><strong>len.</strong></span> <span class='ocrx_word' id='word_1_221' title='bbox 578 2537 850 2588; x_wconf 79' lang='lat' dir='ltr'><strong>adiirbemaoeedms</strong></span> <span class='ocrx_word' id='word_1_222' title='bbox 868 2539 894 2588; x_wconf 89' lang='lat' dir='ltr'><strong>in</strong></span> <span class='ocrx_word' id='word_1_223' title='bbox 907 2539 987 2601; x_wconf 88' lang='lat' dir='ltr'><strong>ipsam</strong></span> 
     </span>
     <span class='ocr_line' id='line_1_32' title="bbox 216 2604 989 2656; baseline -0.004 -2"><span class='ocrx_word' id='word_1_224' title='bbox 216 2604 303 2654; x_wconf 83' lang='lat' dir='ltr'><strong>inuidit</strong></span> <span class='ocrx_word' id='word_1_225' title='bbox 324 2605 451 2655; x_wconf 78' lang='lat' dir='ltr'><strong>dammam</strong></span> <span class='ocrx_word' id='word_1_226' title='bbox 474 2605 555 2653; x_wconf 82' lang='lat' dir='ltr'><strong>oiriiis</strong></span> <span class='ocrx_word' id='word_1_227' title='bbox 574 2605 714 2656; x_wconf 81' lang='lat' dir='ltr'><strong>discordiae</strong></span> <span class='ocrx_word' id='word_1_228' title='bbox 732 2607 798 2656; x_wconf 87' lang='lat' dir='ltr'><strong>inter</strong></span> <span class='ocrx_word' id='word_1_229' title='bbox 813 2605 947 2656; x_wconf 80' lang='lat' dir='ltr'><strong>Gaesarem</strong></span> <span class='ocrx_word' id='word_1_230' title='bbox 966 2611 989 2651; x_wconf 92' lang='lat' dir='ltr'><strong>et</strong></span> 
     </span>
     <span class='ocr_line' id='line_1_33' title="bbox 216 2671 989 2738; baseline -0.003 -19"><span class='ocrx_word' id='word_1_231' title='bbox 216 2671 397 2738; x_wconf 72' lang='lat' dir='ltr'><strong>Pompeium.⁴</strong></span> <span class='ocrx_word' id='word_1_232' title='bbox 431 2673 486 2722; x_wconf 85' lang='lat' dir='ltr'><strong>Kai.</strong></span> <span class='ocrx_word' id='word_1_233' title='bbox 503 2673 556 2721; x_wconf 85' lang='lat' dir='ltr'><strong>Ian.</strong></span> <span class='ocrx_word' id='word_1_234' title='bbox 576 2671 670 2723; x_wconf 72' lang='lat' dir='ltr'><strong>famum</strong></span> <span class='ocrx_word' id='word_1_235' title='bbox 694 2680 733 2724; x_wconf 87' lang='lat' dir='ltr'><strong>est</strong></span> <span class='ocrx_word' id='word_1_236' title='bbox 755 2671 860 2733; x_wconf 78' lang='lat' dir='ltr'><strong>sotum,</strong></span> <span class='ocrx_word' id='word_1_237' title='bbox 886 2678 914 2720; x_wconf 89' lang='lat' dir='ltr'><strong>ut</strong></span> <span class='ocrx_word' id='word_1_238' title='bbox 933 2677 989 2719; x_wconf 90' lang='lat' dir='ltr'><strong>aute</strong></span> 
     </span>
     <span class='ocr_line' id='line_1_34' title="bbox 216 2737 989 2798; baseline -0.004 -8"><span class='ocrx_word' id='word_1_239' title='bbox 216 2741 270 2790; x_wconf 72' lang='lat' dir='ltr'><strong>idai.</strong></span> <span class='ocrx_word' id='word_1_240' title='bbox 288 2741 362 2790; x_wconf 83' lang='lat' dir='ltr'><strong>Mart.</strong></span> <span class='ocrx_word' id='word_1_241' title='bbox 381 2740 475 2792; x_wconf 77' lang='lat' dir='ltr'><strong>caeam</strong></span> <span class='ocrx_word' id='word_1_242' title='bbox 496 2740 634 2789; x_wconf 86' lang='lat' dir='ltr'><strong>exereitum</strong></span> <span class='ocrx_word' id='word_1_243' title='bbox 657 2742 807 2798; x_wconf 72' lang='lat' dir='ltr'><strong>dimitteret:</strong></span> <span class='ocrx_word' id='word_1_244' title='bbox 830 2743 853 2790; x_wconf 91' lang='lat' dir='ltr'><strong>si</strong></span> <span class='ocrx_word' id='word_1_245' title='bbox 876 2753 928 2787; x_wconf 89' lang='lat' dir='ltr'><strong>non</strong></span> <span class='ocrx_word' id='word_1_246' title='bbox 950 2737 989 2787; x_wconf 86' lang='lat' dir='ltr'><strong>ia-</strong></span> 
     </span>
     <span class='ocr_line' id='line_1_35' title="bbox 215 2805 989 2872; baseline -0.005 -14"><span class='ocrx_word' id='word_1_247' title='bbox 215 2815 295 2868; x_wconf 89' lang='lat' dir='ltr'><strong>eeret,</strong></span> <span class='ocrx_word' id='word_1_248' title='bbox 320 2824 378 2858; x_wconf 90' lang='lat' dir='ltr'><strong>eum</strong></span> <span class='ocrx_word' id='word_1_249' title='bbox 395 2811 518 2859; x_wconf 83' lang='lat' dir='ltr'><strong>adversus</strong></span> <span class='ocrx_word' id='word_1_250' title='bbox 533 2822 587 2857; x_wconf 88' lang='lat' dir='ltr'><strong>rem</strong></span> <span class='ocrx_word' id='word_1_251' title='bbox 603 2809 674 2872; x_wconf 90' lang='lat' dir='ltr'><strong>publ.</strong></span> <span class='ocrx_word' id='word_1_252' title='bbox 694 2810 819 2860; x_wconf 74' lang='lat' dir='ltr'><strong>isaurum</strong></span> <span class='ocrx_word' id='word_1_253' title='bbox 834 2807 924 2857; x_wconf 81' lang='lat' dir='ltr'><strong>videri.</strong></span> <span class='ocrx_word' id='word_1_254' title='bbox 960 2805 989 2854; x_wconf 89' lang='lat' dir='ltr'><strong>Ei</strong></span> 
     </span>
     <span class='ocr_line' id='line_1_36' title="bbox 215 2872 985 2940; baseline -0.004 -15"><span class='ocrx_word' id='word_1_255' title='bbox 215 2875 278 2928; x_wconf 73' lang='lat' dir='ltr'><strong>Scio</strong></span> <span class='ocrx_word' id='word_1_256' title='bbox 294 2877 451 2927; x_wconf 82' lang='lat' dir='ltr'><strong>intercedunt</strong></span> <span class='ocrx_word' id='word_1_257' title='bbox 468 2879 527 2927; x_wconf 87' lang='lat' dir='ltr'><strong>trib.</strong></span> <span class='ocrx_word' id='word_1_258' title='bbox 547 2876 633 2940; x_wconf 90' lang='lat' dir='ltr'><strong>pl.&#39;M.</strong></span> <span class='ocrx_word' id='word_1_259' title='bbox 647 2878 780 2927; x_wconf 65' lang='lat' dir='ltr'><strong>Antonius⁴</strong></span> <span class='ocrx_word' id='word_1_260' title='bbox 790 2882 815 2924; x_wconf 90' lang='lat' dir='ltr'><strong>et</strong></span> <span class='ocrx_word' id='word_1_261' title='bbox 831 2874 862 2933; x_wconf 77' lang='lat' dir='ltr'><strong>Q.</strong></span> <span class='ocrx_word' id='word_1_262' title='bbox 876 2872 985 2928; x_wconf 76' lang='lat' dir='ltr'><strong>Cassius.</strong></span> 
     </span>
     <span class='ocr_line' id='line_1_37' title="bbox 214 2940 1067 3009; baseline -0.005 -14"><span class='ocrx_word' id='word_1_263' title='bbox 214 2943 322 2995; x_wconf 84' lang='lat' dir='ltr'><strong>Senatus</strong></span> <span class='ocrx_word' id='word_1_264' title='bbox 346 2947 505 3006; x_wconf 82' lang='lat' dir='ltr'><strong>oonsulibus,</strong></span> <span class='ocrx_word' id='word_1_265' title='bbox 525 2944 696 3009; x_wconf 87' lang='lat' dir='ltr'><strong>praetoribus,</strong></span> <span class='ocrx_word' id='word_1_266' title='bbox 720 2943 826 2993; x_wconf 87' lang='lat' dir='ltr'><strong>tribunis</strong></span> <span class='ocrx_word' id='word_1_267' title='bbox 842 2942 879 3007; x_wconf 87' lang='lat' dir='ltr'><strong>pl.</strong></span> <span class='ocrx_word' id='word_1_268' title='bbox 897 2942 986 3005; x_wconf 90' lang='lat' dir='ltr'><strong>iisque,</strong></span> <span class='ocrx_word' id='word_1_269' title='bbox 1064 2940 1067 2947; x_wconf 82' lang='lat'>&#39;</span> 
     </span>
     <span class='ocr_line' id='line_1_38' title="bbox 213 3011 985 3078; baseline -0.004 -14"><span class='ocrx_word' id='word_1_270' title='bbox 213 3016 257 3076; x_wconf 90' lang='lat' dir='ltr'><strong>qui</strong></span> <span class='ocrx_word' id='word_1_271' title='bbox 273 3027 319 3078; x_wconf 93' lang='lat' dir='ltr'><strong>pro</strong></span> <span class='ocrx_word' id='word_1_272' title='bbox 338 3014 484 3064; x_wconf 87' lang='lat' dir='ltr'><strong>oonsulibus</strong></span> <span class='ocrx_word' id='word_1_273' title='bbox 501 3012 534 3063; x_wconf 78' lang='lat' dir='ltr'><strong>dd</strong></span> <span class='ocrx_word' id='word_1_274' title='bbox 550 3013 638 3062; x_wconf 86' lang='lat' dir='ltr'><strong>urbem</strong></span> <span class='ocrx_word' id='word_1_275' title='bbox 656 3019 734 3071; x_wconf 86' lang='lat' dir='ltr'><strong>eraut,</strong></span> <span class='ocrx_word' id='word_1_276' title='bbox 756 3011 890 3074; x_wconf 77' lang='lat' dir='ltr'><strong>negotium</strong></span> <span class='ocrx_word' id='word_1_277' title='bbox 908 3011 985 3071; x_wconf 87' lang='lat' dir='ltr'><strong>dedit,</strong></span> 
     </span>
     <span class='ocr_line' id='line_1_39' title="bbox 213 3079 986 3145; baseline -0.001 -15"><span class='ocrx_word' id='word_1_278' title='bbox 213 3090 240 3131; x_wconf 89' lang='lat' dir='ltr'><strong>ut</strong></span> <span class='ocrx_word' id='word_1_279' title='bbox 258 3092 386 3142; x_wconf 88' lang='lat' dir='ltr'><strong>ourarent,</strong></span> <span class='ocrx_word' id='word_1_280' title='bbox 411 3098 444 3132; x_wconf 92' lang='lat' dir='ltr'><strong>ue</strong></span> <span class='ocrx_word' id='word_1_281' title='bbox 462 3083 522 3145; x_wconf 89' lang='lat' dir='ltr'><strong>quid</strong></span> <span class='ocrx_word' id='word_1_282' title='bbox 539 3096 580 3130; x_wconf 86' lang='lat' dir='ltr'><strong>res</strong></span> <span class='ocrx_word' id='word_1_283' title='bbox 598 3081 700 3145; x_wconf 88' lang='lat' dir='ltr'><strong>publiea</strong></span> <span class='ocrx_word' id='word_1_284' title='bbox 717 3079 860 3129; x_wconf 87' lang='lat' dir='ltr'><strong>detrimenti</strong></span> <span class='ocrx_word' id='word_1_285' title='bbox 877 3087 986 3144; x_wconf 83' lang='lat' dir='ltr'><strong>oeperet.</strong></span> 
     </span>
     <span class='ocr_line' id='line_1_40' title="bbox 212 3148 987 3211; baseline -0.001 -13"><span class='ocrx_word' id='word_1_286' title='bbox 212 3149 312 3210; x_wconf 63' lang='lat' dir='ltr'><strong>(sineru,</strong></span> <span class='ocrx_word' id='word_1_287' title='bbox 336 3166 392 3200; x_wconf 86' lang='lat' dir='ltr'><strong>euru</strong></span> <span class='ocrx_word' id='word_1_288' title='bbox 410 3148 505 3199; x_wconf 76' lang='lat' dir='ltr'><strong>frustra</strong></span> <span class='ocrx_word' id='word_1_289' title='bbox 522 3151 607 3199; x_wconf 90' lang='lat' dir='ltr'><strong>omnia</strong></span> <span class='ocrx_word' id='word_1_290' title='bbox 625 3157 693 3198; x_wconf 89' lang='lat' dir='ltr'><strong>esset</strong></span> <span class='ocrx_word' id='word_1_291' title='bbox 715 3154 847 3211; x_wconf 82' lang='lat' dir='ltr'><strong>expertus,</strong></span> <span class='ocrx_word' id='word_1_292' title='bbox 870 3164 935 3210; x_wconf 85' lang='lat' dir='ltr'><strong>quae</strong></span> <span class='ocrx_word' id='word_1_293' title='bbox 953 3149 987 3197; x_wconf 91' lang='lat' dir='ltr'><strong>ad</strong></span> 
     </span>
     <span class='ocr_line' id='line_1_41' title="bbox 212 3215 986 3283; baseline -0.005 -16"><span class='ocrx_word' id='word_1_294' title='bbox 212 3220 371 3268; x_wconf 80' lang='lat' dir='ltr'><strong>concordiam</strong></span> <span class='ocrx_word' id='word_1_295' title='bbox 388 3219 553 3283; x_wconf 86' lang='lat' dir='ltr'><strong>pertinerent,</strong></span> <span class='ocrx_word' id='word_1_296' title='bbox 575 3225 711 3283; x_wconf 86' lang='lat' dir='ltr'><strong>postquam</strong></span> <span class='ocrx_word' id='word_1_297' title='bbox 729 3215 833 3275; x_wconf 84' lang='lat' dir='ltr'><strong>Caesar,</strong></span> <span class='ocrx_word' id='word_1_298' title='bbox 857 3216 986 3267; x_wconf 85' lang='lat' dir='ltr'><strong>Rubieone</strong></span> 
     </span>
    </p>
   </div>
   <div class='ocr_carea' id='block_1_3' title="bbox 207 3328 421 3342">
    <p class='ocr_par' dir='ltr' id='par_1_11' title="bbox 207 3328 421 3342">
     <span class='ocr_line' id='line_1_42' title="bbox 207 3328 421 3342; baseline 0.009 -4"><span class='ocrx_word' id='word_1_299' title='bbox 207 3328 421 3342; x_wconf 74' lang='lat' dir='ltr'>——n—-</span> 
     </span>
    </p>
   </div>
   <div class='ocr_carea' id='block_1_4' title="bbox 209 3370 984 3486">
    <p class='ocr_par' dir='ltr' id='par_1_12' title="bbox 209 3370 984 3486">
     <span class='ocr_line' id='line_1_43' title="bbox 239 3370 983 3434; baseline -0.001 -11"><span class='ocrx_word' id='word_1_300' title='bbox 239 3370 259 3433; x_wconf 80' lang='lat' dir='ltr'><strong>i&gt;</strong></span> <span class='ocrx_word' id='word_1_301' title='bbox 274 3380 301 3421; x_wconf 78' lang='lat' dir='ltr'><strong>so</strong></span> <span class='ocrx_word' id='word_1_302' title='bbox 317 3379 375 3424; x_wconf 76' lang='lat' dir='ltr'><strong>sss.</strong></span> <span class='ocrx_word' id='word_1_303' title='bbox 392 3383 431 3426; x_wconf 84' lang='lat' dir='ltr'><strong>rx.</strong></span> <span class='ocrx_word' id='word_1_304' title='bbox 446 3381 459 3422; x_wconf 81' lang='lat' dir='ltr'><strong>r</strong></span> <span class='ocrx_word' id='word_1_305' title='bbox 473 3384 530 3425; x_wconf 70' lang='lat' dir='ltr'><strong>exa.</strong></span> <span class='ocrx_word' id='word_1_306' title='bbox 572 3383 594 3434; x_wconf 73' lang='lat' dir='ltr'><strong>r)</strong></span> <span class='ocrx_word' id='word_1_307' title='bbox 614 3381 660 3426; x_wconf 84' lang='lat' dir='ltr'><strong>on.</strong></span> <span class='ocrx_word' id='word_1_308' title='bbox 677 3381 706 3421; x_wconf 76' lang='lat' dir='ltr'><strong>ao</strong></span> <span class='ocrx_word' id='word_1_309' title='bbox 719 3383 766 3425; x_wconf 75' lang='lat' dir='ltr'><strong>stt.</strong></span> <span class='ocrx_word' id='word_1_310' title='bbox 782 3378 810 3425; x_wconf 82' lang='lat' dir='ltr'><strong>v.</strong></span> <span class='ocrx_word' id='word_1_311' title='bbox 826 3381 847 3424; x_wconf 84' lang='lat' dir='ltr'><strong>r.</strong></span> <span class='ocrx_word' id='word_1_312' title='bbox 862 3382 882 3423; x_wconf 85' lang='lat' dir='ltr'><strong>r.</strong></span> <span class='ocrx_word' id='word_1_313' title='bbox 901 3380 933 3422; x_wconf 86' lang='lat' dir='ltr'><strong>ro.</strong></span> <span class='ocrx_word' id='word_1_314' title='bbox 950 3378 983 3422; x_wconf 81' lang='lat' dir='ltr'><strong>ro.</strong></span> 
     </span>
     <span class='ocr_line' id='line_1_44' title="bbox 209 3434 984 3486; baseline 0.003 -11"><span class='ocrx_word' id='word_1_315' title='bbox 209 3434 410 3486; x_wconf 65' lang='lat' dir='ltr'><strong>susurrant.</strong></span> <span class='ocrx_word' id='word_1_316' title='bbox 426 3436 448 3481; x_wconf 79' lang='lat' dir='ltr'><strong>r.</strong></span> <span class='ocrx_word' id='word_1_317' title='bbox 475 3438 498 3482; x_wconf 81' lang='lat' dir='ltr'><strong>n</strong></span> <span class='ocrx_word' id='word_1_318' title='bbox 513 3435 570 3478; x_wconf 81' lang='lat' dir='ltr'><strong>rnre.</strong></span> <span class='ocrx_word' id='word_1_319' title='bbox 586 3435 642 3478; x_wconf 82' lang='lat' dir='ltr'><strong>svs</strong></span> <span class='ocrx_word' id='word_1_320' title='bbox 659 3436 692 3481; x_wconf 84' lang='lat' dir='ltr'><strong>ru.</strong></span> <span class='ocrx_word' id='word_1_321' title='bbox 979 3438 984 3447; x_wconf 77' lang='lat'><strong>·</strong></span> 
     </span>
    </p>
   </div>
   <div class='ocr_carea' id='block_1_5' title="bbox 126 3487 926 3555">
    <p class='ocr_par' dir='ltr' id='par_1_13' title="bbox 126 3487 926 3555">
     <span class='ocr_line' id='line_1_45' title="bbox 126 3487 926 3555; baseline -0.006 -1"><span class='ocrx_word' id='word_1_322' title='bbox 126 3511 185 3554; x_wconf 84' lang='lat' dir='ltr'><strong>erc.</strong></span> <span class='ocrx_word' id='word_1_323' title='bbox 203 3511 292 3555; x_wconf 76' lang='lat' dir='ltr'><strong>enar.</strong></span> <span class='ocrx_word' id='word_1_324' title='bbox 880 3498 900 3549; x_wconf 76' lang='lat' dir='ltr'><strong>n</strong></span> <span class='ocrx_word' id='word_1_325' title='bbox 921 3487 926 3498; x_wconf 83' lang='grc'><strong>’</strong></span> 
     </span>
    </p>
   </div>
   <div class='ocr_carea' id='block_1_6' title="bbox 0 0 1174 3788">
    <p class='ocr_par' dir='ltr' id='par_1_14' title="bbox 0 0 1174 3788">
     <span class='ocr_line' id='line_1_46' title="bbox 0 0 1174 3788; baseline 0 5"><span class='ocrx_word' id='word_1_326' title='bbox 0 0 1174 3788; x_wconf 95' lang='lat' dir='ltr'><strong> </strong></span> 
     </span>
    </p>
   </div>
  </div>
 </body>
</html>
