2340 3788
367 186 448 246 cAP.
463 194 592 301 19721.
608 194 634 256 t·
649 197 778 254 ae—co.
1024 192 1089 258 cla

60 345 201 399 caeteros
216 336 258 394 ed
270 334 387 397 lacinus
401 335 533 413 impulit,
557 337 707 413 cupiditas
721 339 896 402 retinendae
911 345 1085 418 possessio·

59 420 115 493 nis,
130 434 169 479 ca
184 417 272 479 Sittio
288 432 348 479 non
364 419 466 492 luerit,
488 421 622 495 praediis
643 421 814 483 deminutis.
856 421 908 485 57.
928 427 991 485 lam
1010 443 1085 490 varo

61 502 135 568 illud
146 517 240 577 qnam
253 501 439 575 incredibile,
456 519 545 578 quam
561 504 742 576 absurdum,
764 504 817 578 qui
829 506 945 567 Romae
960 509 1085 571 caedem

63 587 173 659 lacera,
191 583 245 659 qui
259 584 338 644 hanc
355 586 462 644 urbem
472 585 660 645 inflammare
675 588 779 659 vellet,
801 603 871 648 eum
889 589 1085 653 familiarissi-

62 685 142 729 mum
155 680 250 728 'suum
272 666 420 728 dimittere
442 669 480 728 ab
500 685 534 729 se
556 677 585 729 et
606 669 768 729 amandare
784 670 816 729 in
830 671 949 732 ultimas
972 680 1084 736 terrast

63 760 159 813 utrum
174 767 237 826 quo
255 749 373 810 facilius
388 753 503 812 Romae
523 767 573 823 ea,
596 768 674 826 quae
690 753 871 826 conabatur,
889 755 1037 827 efiiceret,
1059 756 1086 817 si

64 832 253 916 inHispania
275 833 426 893 turbatum
447 841 550 894 essell
569 836 610 895 At
630 834 705 894 haec
725 833 796 910 ipsa
815 843 872 910 per
891 852 926 895 se
944 835 1012 895 sine
1024 838 1087 897 ulla

65 916 275 978 coniunctione
292 917 468 990 agebantur.
503 919 550 975 An
564 917 595 975 in
609 917 699 977 tantis
714 918 817 994 rebus,
834 927 895 979 tam
909 918 998 978 novis
1013 935 1085 978 con-

64 1000 149 1074 siliis,
161 1000 232 1060 'tam
246 999 444 1074 periculosis,
463 1000 721 1087 tamturbulentis
743 1001 896 1062 hominem
917 1000 1086 1061 amantissi-

64 1099 139 1145 mum
152 1082 212 1156 aui,
224 1081 504 1155 familiarissimum,
525 1082 804 1144 coniunctissimum
819 1084 940 1154 ollicils,
957 1099 1087 1144 consuc-

64 1165 173 1239 tudipe,
186 1178 257 1254 usu,
272 1164 480 1226 dimittendum
495 1182 566 1226 esse
579 1167 801 1227 arbitrabaturt
825 1167 899 1228 Veri
914 1166 1011 1228 simile
1024 1183 1086 1226 non

63 1257 116 1324 eal,
129 1257 171 1322 ut,
190 1265 281 1326 quem
294 1246 324 1307 in
341 1249 485 1310 secundis
500 1250 601 1324 rebus
621 1265 711 1325 quem
725 1249 756 1310 in
768 1250 837 1311 ocio
849 1267 971 1327 semper
982 1249 1086 1310 secum

63 1332 225 1405 habuisset,
239 1332 320 1392 hune
334 1330 364 1392 in
379 1333 518 1394 adversis
532 1333 607 1394 etin
622 1350 659 1395 eo
674 1335 812 1407 tumultu,
824 1351 914 1408 quem
925 1334 992 1408 ipse
1004 1349 1085 1393 com-

62 1416 199 1490 parabat,
222 1416 260 1499 eb
281 1431 315 1476 se
337 1415 506 1498 dimitteret.
549 1415 600 1480 58.
629 1419 701 1492 Ipse
726 1427 826 1478 autern
848 1416 1009 1479 Sittius-
1024 1433 1085 1476 non

62 1500 138 1559 enim
152 1497 225 1559 mihi
240 1500 411 1560 deserenda
433 1508 480 1560 est
501 1517 594 1561 causa
610 1499 698 1560 amici
713 1501 824 1571 veteris
842 1509 933 1576 atque
953 1498 1085 1574 hospitis

24 1636 26 1643 .
61 1614 99 1627 -
109 1581 136 1642 is
147 1582 239 1641 horno
256 1591 304 1643 est
319 1592 371 1643 aut
385 1599 422 1642 ea
436 1583 548 1643 familia
561 1599 598 1642 ac
609 1583 778 1656 disciplina,
792 1591 826 1643 ut
840 1583 899 1643 hoc
917 1583 1000 1643 credi
1013 1600 1085 1658 pos-

10 1686 12 1733 ῑ
62 1663 112 1738 sit,
132 1681 202 1725 eum
217 1665 329 1725 bellum
351 1666 466 1739 populo
480 1667 617 1725 Romano
634 1666 734 1725 lacere
756 1664 912 1726 voluisset
932 1674 979 1737 ut,
999 1659 1085 1727 cuius

60 1756 160 1822 pater,
190 1763 284 1821 quum
305 1747 416 1805 caeteri
438 1748 603 1806 delicerent
623 1745 739 1805 finitimi
759 1763 795 1806 ac
811 1747 919 1818 vicini,
942 1747 1084 1822 singldari

60 1828 209 1890 exstiterit
223 1827 253 1884 in
268 1844 333 1886 rem
349 1826 499 1900 publicam
507 1835 650 1887 nostram
666 1828 767 1888 ollicio
782 1836 812 1888 et
826 1829 903 1898 fide,
919 1827 947 1888 is
961 1828 1020 1888 sibi
1033 1845 1085 1887 ne-

59 1912 168 1973 tarium
187 1909 425 1981 bellum,contra
445 1907 573 1983 patriam
593 1908 820 1982 suscipiendum
838 1916 978 1984 putarem
998 1908 1086 1968 cuius

59 2011 112 2055 aes
127 1991 261 2051 alienum
276 1989 430 2064 videmus,
445 1991 577 2064 iudices,
592 2008 652 2052 non
668 1991 808 2062 libidine,
831 1991 887 2052 sed
901 1989 1021 2064 negocii
1034 2006 1086 2064 go·

57 2076 144 2137 rendi
166 2073 266 2135 studio
288 2090 359 2136 esse
380 2084 580 2136 contractum:
604 2074 657 2150 qui
676 2074 717 2136 ita
733 2075 848 2136 Rornae
869 2073 986 2147 debuit,
1006 2081 1040 2134 ut
1055 2073 1086 2133 in

57 2157 225 2235 provinciis
238 2166 267 2219 et
280 2157 310 2218 in
324 2159 427 2233 regnis
439 2158 468 2219 ei
481 2159 629 2220 maximae
644 2159 792 2234 pecuniae
803 2159 993 2230 deberentur,
1009 2173 1086 2234 quas

59 2259 152 2317 quum
168 2249 292 2317 peteret,
309 2258 370 2302 non
389 2242 538 2303 commisit
559 2252 591 2304 ut
615 2242 662 2303 sni
682 2250 896 2318 procuratores
919 2239 1086 2317 quidquam

58 2325 160 2386 oneris
176 2325 302 2386 absente
316 2342 351 2386 se
366 2329 563 2387 sustinerentc
581 2328 686 2387 venire
701 2343 807 2387 omnes
825 2342 897 2386 suas
911 2324 1086 2399 possessio·

57 2424 112 2470 nes
129 2417 160 2468 et
174 2409 357 2485 patrimonio
374 2426 408 2469 se
424 2409 616 2470 ornatissimo
632 2410 758 2484 spoliari
772 2408 876 2470 maluit
891 2425 981 2483 quani
994 2410 1085 2467 ullam

56 2508 173 2553 moram
191 2491 331 2568 cuiquam
350 2493 416 2552 fieri
436 2492 619 2553 creditorum
643 2509 776 2553 suorum.
819 2491 870 2553 59.
890 2496 918 2550 A
939 2507 1001 2567 quo
1020 2487 1085 2563 qui·

57 2576 127 2634 dem
141 2590 261 2649 genera,
278 2575 406 2649 indicae,
424 2582 483 2650 'ego
501 2592 665 2649 numquam
682 2574 782 2648 timui,
808 2592 901 2650 quum
915 2575 945 2633 in
966 2572 1018 2631 illa
1039 2570 1084 2643 rei

55 2657 198 2732 publicae
217 2665 397 2734 tempestate
417 2673 565 2718 versarer.
615 2659 779 2719 illuderet
804 2657 961 2733 bominum
986 2668 1085 2727 genus

55 2739 200 2811 horribile
215 2750 249 2800 et
258 2741 549 2816 pertimescendum,
573 2741 625 2815 qui
645 2749 727 2809 tanto
749 2756 854 2800 amore
872 2755 943 2800 suas
960 2750 1085 2810 posses·

55 2823 161 2883 siones
183 2824 315 2899 amplexi
336 2825 491 2895 tenebant,
509 2831 542 2883 ut
555 2824 593 2883 ab
607 2823 646 2884 iis
663 2825 798 2884 membra
818 2822 907 2884 cilius
929 2818 1031 2878 divelli
1048 2831 1085 2877 ac

55 2905 183 2965 distrahi
199 2923 294 2981 posse
308 2907 436 2968 diceres.
481 2905 586 2967 Sittius
607 2923 772 2982 numquam
793 2905 851 2965 sibi
873 2901 1085 2976 cognationem

55 3004 124 3052 cum
139 2989 272 3062 praediis
288 3007 360 3050 esse
374 2989 557 3050 existimavit
574 2988 648 3050 suis.
691 2991 796 3062 ltaque
812 3004 847 3047 se
862 3002 923 3046 non
938 2983 1030 3044 modo
1046 2999 1085 3044 ex

54 3070 232 3146 suspicione
246 3073 319 3132 tanti
334 3073 470 3146 sceleris,
482 3089 586 3132 verum
601 3071 691 3133 etiam
703 3088 741 3130 ex
757 3071 838 3131 omni
852 3067 1006 3129 hominum
1021 3083 1087 3129 ser«

53 3170 144 3216 mone
159 3171 220 3214 non
235 3155 335 3228 armis,
353 3158 410 3215 sed
423 3155 605 3230 patrimonio
620 3172 676 3214 suo
693 3152 867 3214 vindicavit

135 3237 212 3297 XXI.
222 3237 272 3298 60.
282 3239 345 3298 lam
361 3255 433 3300 vero
448 3239 531 3312 quod
547 3238 666 3309 obiecit,
673 3235 876 3311 Pompeianos
890 3238 962 3305 esse
975 3230 1086 3294 asulla

53 3318 213 3390 impulsoS,
228 3329 261 3376 ut
275 3322 313 3375 ad
328 3321 416 3377 istam
429 3320 667 3376 coniurationem
688 3327 781 3389 atque
801 3320 839 3376 ad
856 3317 915 3377 hoc
935 3315 1084 3375 nefarium

53 3398 172 3457 lacinus
185 3399 375 3467 accederent,
391 3398 525 3461 idonius
537 3398 620 3450 modi
635 3397 674 3449 sir
685 3399 851 3465 inlelligere.
864 3417 926 3451 nnn
942 3412 1085 3464 possum.
