2340 3788
95 118 166 228 '142
352 156 393 215 ΙΝ
405 155 439 219 1..
455 152 665 215 CATILINAM
680 151 820 213 ORATIO
836 153 873 216 ll.

105 310 216 388 partim
230 310 320 369 etiam
336 305 507 381 sumptibus
526 304 557 364 in
576 313 678 365 vetere
698 319 770 366 aere
790 303 890 363 alieno
908 304 1058 368 vacillant
1088 309 1143 384 qni

105 391 304 465 vadimoniis,
317 389 453 462 iudiciis,
475 386 701 463 proscriptione
715 388 866 448 bonorum
881 386 1055 464 desengati,
1073 408 1142 473 perg

51 524 54 531 .
105 476 191 537 multi
207 484 238 536 et
255 491 294 534 ex
308 474 384 535 urbe
401 479 432 532 et
445 487 485 531 ex
498 471 581 546 agris
596 487 632 530 se
645 470 676 529 iu
691 469 743 532 illa
758 476 859 529 castra
879 471 1021 532 conferre
1035 474 1139 537 dicun-

104 570 167 622 tur.
195 559 298 619 llosce
313 572 371 632 ego
387 572 450 615 non
466 563 527 615 1111
539 554 651 615 milites
670 570 759 614 acres
777 569 868 628 quum
881 553 1065 617 infitiatores
1078 561 1141 619 len·

105 653 155 704 tos
170 658 241 703 esse
255 640 394 701 arbitror.
416 637 473 711 Qui
484 638 623 699 homines
637 637 777 712 primum,
792 637 819 696 si
834 643 914 696 stare
925 653 984 697 non
997 651 1140 717 possunt,

106 734 258 798 corruant,
274 723 396 796 sedita,
411 730 521 783 utnon
539 723 631 782 modo
649 720 765 793 civitas,
780 720 837 779 sed
852 736 892 780 ne
906 718 1001 781 vieini
1015 723 1140 798 quidem

105 808 237 886 proximi
251 806 392 869 sentiant.
428 805 505 865 Nam
521 805 596 864 illud
612 821 674 864 non
687 802 839 876 intelligo,
858 820 949 877 quam
964 807 1003 866 ob
1017 810 1141 883 rem,sl

104 892 210 954 vivere
228 892 357 952 honeste
372 905 434 949 non
452 896 598 964 possunt,
623 886 724 962 perire
743 885 872 961 turpiter
886 886 995 961 velint,
1017 899 1071 951 aut
1088 907 1142 953 cur

106 976 223 1037 minore
241 976 349 1036 dolore
366 972 519 1049 perituros
534 989 570 1034 se
581 969 776 1044 oulnmultis,
793 986 884 1044 quam
895 970 923 1029 si
934 970 994 1032 soli
1003 984 1140 1048 pereant,

105 1060 295 1122 arbitrentur.
312 1057 363 1119 22.
379 1055 521 1130 Quintum
534 1071 632 1131 genus
647 1063 694 1116 est
704 1051 933 1129 parricidarum,
951 1054 1140 1132 sicariorum,

106 1144 240 1219 denique
255 1142 387 1202 omnium
399 1140 657 1201 facinorosorumz
674 1154 753 1213 quos
767 1152 826 1212 ego
841 1152 861 1196 a
874 1136 1003 1198 Catilina
1016 1156 1080 1201 non
1093 1158 1141 1203 re·

106 1243 202 1287 voco:
226 1241 296 1284 nam
314 1239 415 1298 neque
432 1224 471 1285 ab
492 1239 530 1284 eo
551 1220 655 1283 divelli
670 1229 801 1297 possunt
821 1229 852 1282 et
869 1230 999 1296 pereant
1018 1240 1097 1284 sane
1109 1225 1140 1284 in

106 1307 281 1378 latrocinio,
298 1306 442 1383 quoniam
457 1315 528 1368 sunt
541 1305 584 1366 ita
596 1306 695 1378 multi,
717 1312 750 1365 ut
762 1319 820 1364 eos
835 1316 940 1364 carcer
950 1320 1065 1381 capere
1079 1324 1141 1370 non

107 1390 216 1467 possit
248 1390 438 1450 Postremum
452 1399 552 1451 autem
567 1404 666 1463 genus
680 1395 804 1449 estnon
819 1389 918 1447 solum
933 1404 1071 1463 numero,
1090 1408 1141 1453 ue-

105 1491 173 1535 rum
188 1472 278 1533 etiam
293 1488 404 1547 genere
419 1472 489 1547 ipso
513 1480 604 1548 etque
621 1471 697 1545 vita,
721 1471 805 1546 quod
818 1470 977 1545 proprium
994 1472 1141 1536 catilinae

106 1565 168 1632 est,
193 1555 314 1616 deeius
329 1555 464 1628 dilectu,
481 1556 573 1616 immo
594 1571 668 1615 vero
689 1556 729 1615 de
743 1554 907 1628 complexu
921 1555 988 1615 eius
1007 1572 1045 1617 ac
1060 1557 1141 1632 sinu,

107 1656 188 1715 quos
201 1655 284 1715 pexo
299 1639 425 1714 capillo,
444 1640 572 1712 nitidos,
591 1647 644 1699 aut
657 1638 812 1698 imberbes
829 1646 882 1698 aut
900 1638 979 1700 bene
992 1638 1141 1703 barbatos

107 1722 227 1796 videtis,
242 1721 401 1783 manicatis
416 1729 448 1782 et
465 1722 609 1783 talaribus
623 1720 752 1797 tunicis,
763 1720 842 1782 velis
858 1721 1002 1797 amictos,
1015 1739 1078 1783 non
1093 1732 1140 1785 to·

106 1806 163 1883 gis,
181 1822 310 1882 quorum
326 1805 424 1868 omnis
438 1805 588 1867 industria
604 1805 682 1866 vitae
697 1813 728 1865 et
740 1804 886 1880 vigilandi
902 1805 988 1865 labor
1005 1805 1037 1865 in
1053 1814 1141 1867 ante-

105 1889 226 1951 lucanis
241 1888 348 1951 coenis
366 1889 563 1964 expromitur.
598 1888 650 1951 23.
664 1888 699 1947 ln
714 1887 763 1949 his
777 1887 921 1964 gregibus
936 1904 1043 1948 omnes
1055 1890 1141 1951 elea-

105 1982 199 2048 tores,
217 1989 325 2034 omnes
340 1973 485 2048 adulteri,
495 1990 601 2035 omnes
615 1971 725 2046 impuri
739 1971 949 2046 impudicique
964 1980 1139 2034 versantur:

105 2057 137 2114 hi
153 2057 240 2129 pueri
252 2064 311 2116 tam
323 2057 415 2131 lepidi
434 2074 470 2116 ac
486 2055 606 2117 delicati
618 2072 680 2115 non
693 2056 792 2118 solum
803 2070 907 2117 emere
920 2063 951 2115 et
964 2056 1071 2131 amam,
1085 2074 1141 2117 ne·

108 2153 169 2211 que
183 2147 306 2199 cantare
321 2148 351 2199 et
367 2141 517 2214 psallere,
531 2140 587 2201 sed
604 2138 695 2199 etiam
713 2137 794 2198 sicas
811 2139 930 2199 vibrare
944 2148 974 2199 et
989 2156 1139 2216 spargere

106 2234 224 2279 venena
241 2220 428 2283 didicerunt:
444 2223 496 2298 qui
511 2221 572 2282 nisi
586 2228 714 2295 exeunt,
742 2221 801 2282 nisi
825 2229 969 2297 pereunt,
999 2223 1090 2284 etiam
1111 2226 1139 2284 si

106 2301 233 2362 Catilina
248 2303 386 2379 perierit,
405 2305 515 2367 scitote
534 2306 594 2365 hoe
609 2304 641 2364 in
660 2321 695 2364 re
710 2304 834 2380 publica
849 2305 1041 2366 seminarium
1059 2307 1139 2367 Cati-

105 2383 244 2444 linarium
260 2386 400 2448 futurum.
422 2391 535 2449 Verum
549 2400 649 2449 tamen
665 2388 740 2463 quid
755 2388 813 2449 sibi
828 2387 878 2449 isti
894 2388 998 2450 miseri
1012 2391 1140 2451 volunt?

105 2468 180 2528 Num
200 2484 273 2528 suas
289 2485 395 2531 secum
409 2473 602 2533 mulierculas
617 2472 729 2533 suntin
747 2480 848 2532 castra
865 2472 1006 2533 ducturi?
1043 2473 1140 2546 Quem

106 2553 284 2612 admodum
309 2561 409 2614 autem
430 2555 490 2617 illis
509 2571 613 2615 carere
631 2564 788 2631 poterunt,
814 2554 863 2615 bis
877 2556 1058 2630 praesertim
1077 2556 1139 2615 iam

105 2634 268 2697 noctibus?
283 2652 343 2711 quo
358 2645 459 2698 autem
471 2647 560 2714 paeto
571 2639 613 2698 illi
621 2639 816 2713 Apenninum
827 2646 920 2713 atque
930 2638 999 2699 illas
1010 2638 1138 2713 pruinas

106 2734 142 2779 ac
153 2718 242 2780 nives
253 2720 427 2795 perferent?
438 2721 498 2782 nisi
509 2721 623 2784 idcirco
636 2739 672 2783 se
683 2721 803 2783 lacilius
814 2721 946 2782 hiemem
956 2723 1139 2785 toleraturos

106 2810 220 2876 putant,
238 2804 321 2878 quod
337 2802 412 2863 nudi
428 2803 458 2864 in
475 2804 623 2867 conviviis
641 2807 753 2867 saltare
769 2805 950 2866 didicerunt.

165 2886 216 2945 lli.
224 2885 306 2947 210
320 2888 432 2948 bellum
438 2904 549 2963 magno
560 2905 653 2964 opere
661 2890 947 2964 pertimescendum,
958 2906 1050 2965 quum
1056 2888 1140 2949 hanc

106 2965 146 3026 sit
159 2967 315 3031 habiturus
334 2970 637 3033 Catilinascortorum
650 2972 807 3034 cohortem
819 2972 1012 3049 praetoriam.
1026 2974 1142 3034 lustru·

105 3046 147 3107 ite
163 3066 258 3126 nunc,
276 3053 416 3128 Quirites,
433 3055 601 3117 contrahas
616 3065 676 3117 tam
689 3058 863 3132 praeclams
876 3056 1021 3118 Catilinae
1032 3056 1142 3131 copias

106 3139 209 3190 vestra
225 3136 379 3207 praesidia
395 3148 578 3215 vestrosque
594 3139 762 3201 exercitum
784 3149 815 3202 et
829 3140 960 3217 primum
978 3139 1144 3215 gladiatori

104 3212 149 3273 illi
166 3216 305 3278 contecto
327 3230 358 3282 et
371 3223 477 3284 saucio
498 3224 642 3284 consules
661 3223 924 3300 imperatoresque
944 3232 1068 3284 vestros
1086 3240 1144 3297 op-

105 3295 343 3372 ponitezdeinde
352 3305 546 3367 eontraillam
554 3308 767 3383 naufragorum
775 3309 902 3369 eiectam
910 3323 947 3368 ac
955 3305 1143 3367 debilitatam

105 3397 227 3446 manum
238 3381 346 3446 liorem
358 3387 451 3451 totius
459 3389 563 3451 ltaliae
575 3406 611 3451 ec
625 3391 720 3452 robur
734 3391 864 3453 educite.
879 3392 942 3452 Iam
954 3406 1029 3453 vero
1044 3389 1144 3452 urbes
