2340 3788
301 206 383 266 CAP.
398 214 527 268 18-20·
542 212 568 273 S·
582 214 711 272 ao-tt-
987 204 1028 268 15

48 371 102 431 ige
125 354 240 430 aliquid
260 356 367 416 saltem
386 357 561 429 commode,
581 363 672 416 utne
692 359 780 431 plane
794 346 927 420 videaris
938 358 970 419 id
983 360 1027 419 la·

48 454 91 509 re,
117 438 201 513 quod
216 446 320 513 aperte
338 429 428 509 larii,
450 438 541 499 huius
559 438 663 499 miseri
678 441 805 502 lortunis
818 450 849 502 ct
861 442 1028 504 herum-vl-

48 536 106 581 ·um
132 519 236 581 talium
264 521 399 595 dignitati
422 521 559 581 illudere.
580 556 623 566 —
642 521 834 583 Exheredare
857 526 950 584 lilium
970 540 1026 583 vo*

48 609 66 665 l.
82 632 127 643 -
143 602 238 676 Quam
253 603 293 664 ob
307 612 453 665 causamn
466 637 508 647 -
523 604 644 664 Nescio.
658 637 701 647 —
713 604 1027 667 Exheredavitnet—

49 702 80 745 ιι.
95 718 141 732 --
169 685 242 758 Quis
263 686 437 761 prohibuitt
449 720 492 732 -
513 687 677 761 cogitabat.
691 719 733 729 -—
753 687 950 766 [Cogitabatl]
973 689 1025 749 Cui

48 768 100 829 riti
120 800 164 815 —-
186 768 312 828 Nemini.
336 804 372 815 -
396 768 474 843 puld
495 777 543 829 est
562 770 643 829 aliud
663 768 777 830 iudicio
798 785 835 827 ac
855 771 972 845 legibus
989 787 1025 831 ac

48 850 162 911 iestate
174 858 279 911 vestra
293 852 374 912 abuti
392 853 432 911 ad
448 859 606 926 quaestum
623 860 715 926 atque
729 853 770 910 ud
784 851 951 924 libidinem,
966 853 1025 912 nisi

48 949 63 993 c
85 934 183 994 modo
205 950 353 994 accusare
367 942 459 1009 atque
472 934 504 994 id
519 935 667 1008 obiicere,
690 936 772 1009 quod
786 935 910 1008 planum
926 936 1026 994 lacere

48 1017 172 1078 nmodo
186 1017 383 1091 nonpossis,
396 1033 549 1077 verumne
566 1016 686 1079 coneris
698 1018 842 1092 quidemr
867 1015 1026 1077 ibtllemo

48 1106 141 1160 strum
157 1106 219 1171 est,
233 1099 339 1171 Eruci,
356 1099 428 1174 quin
445 1098 521 1161 sciat
533 1100 587 1161 tibi
601 1099 772 1161 inimicitias
787 1116 858 1161 cnm
877 1099 948 1160 Sex.
963 1101 1025 1162 Ro'·

48 1196 68 1241 o
87 1182 189 1241 nielles
210 1197 297 1242 esse:
320 1181 422 1244 vident
441 1198 548 1244 omnes
569 1200 630 1257 qua
650 1184 689 1242 de
704 1198 798 1244 censa
811 1183 871 1242 huc
885 1181 1025 1243 inimicus

48 1264 124 1327 rios=
144 1263 244 1324 sciunt
255 1263 382 1326 huiusce
388 1265 525 1340 'pecunia
538 1273 565 1325 te
580 1265 742 1326 adductum
755 1282 837 1327 esse.
859 1266 936 1339 Quid
950 1280 1024 1340 ergo

48 1354 73 1407 u
90 1348 135 1407 ita
153 1354 253 1408 temen
275 1357 421 1422 quaestus
440 1357 470 1409 te
485 1348 628 1424 cupidum
641 1364 713 1410 esse
729 1349 901 1423 oportebat,
921 1357 955 1409 ut
969 1349 1023 1409 bo·

48 1446 67 1490 ιι
85 1428 338 1508 existimationem
359 1439 389 1492 et
407 1433 506 1506 legem
519 1430 685 1491 Remmium
705 1439 829 1505 putares
842 1431 957 1506 aliquid
971 1447 1023 1490 va-

48 1519 231 1587 euportere.
258 1513 322 1574 XX.
335 1515 543 1575 Accusatores
559 1516 670 1576 multos
686 1514 801 1577 essein
818 1514 937 1575 civitate
951 1514 1023 1574 utile

52 1640 61 1669 ,
81 1602 118 1656 ut
136 1600 218 1654 metu
238 1595 426 1658 contineatur
446 1596 588 1657 audacia:
608 1613 715 1658 verum
728 1607 830 1659 temen
844 1598 905 1658 hoc
921 1596 963 1658 its
975 1604 1024 1657 est

48 1680 86 1750 le,
99 1685 137 1745 nt
152 1693 192 1736 ne
205 1679 295 1752 plene
308 1679 469 1739 illudamur
484 1679 523 1738 ab
538 1679 777 1742 accusatoribus
810 1682 962 1741 Innocens
975 1689 1023 1740 est

48 1761 161 1834 apium,
180 1777 287 1820 verum
298 1768 407 1831 minen,
420 1762 835 1836 quamquamubestnculpa,
847 1761 1023 1836 suspicione

48 1858 177 1903 sennen
193 1850 284 1901 caret
318 1841 450 1900 tametsi
463 1841 607 1901 miserum
622 1850 683 1915 est,
703 1851 803 1902 tamen
818 1843 862 1914 ei,
878 1843 930 1917 qui
942 1843 1023 1902 hunc

48 1932 139 1999 neat,
155 1923 274 1999 possim
287 1922 496 1998 aliquomodo
511 1924 680 1998 ignoscere.
701 1923 798 1997 Quum
815 1924 894 1983 enim
908 1923 1024 1997 aliquid

48 2016 107 2069 mut
128 2007 214 2081 quod
233 2005 334 2081 possit
353 2006 515 2066 criminose
535 2023 572 2067 ac
591 2006 764 2083 suspiciose
779 2006 896 2079 dicere,
919 2013 1024 2081 aperte

48 2088 149 2151 inseri
167 2097 199 2149 et
220 2089 395 2151 calumniari
415 2089 517 2150 sciens
532 2106 593 2150 non
607 2090 754 2150 videatur.
791 2086 843 2150 56.
864 2089 963 2162 Quare
978 2090 1022 2149 la·

48 2188 179 2235 somnes
193 2171 324 2247 patimur
338 2188 408 2234 esse
426 2189 516 2247 quarn
536 2173 684 2248 plurimos
704 2181 914 2245 accusatores,
938 2173 1022 2248 quod

49 2270 162 2328 ocens,
176 2255 203 2314 si
218 2263 380 2317 accusatus
397 2254 451 2330 sit,
466 2256 584 2317 absolvi
600 2264 717 2331 potest,
739 2272 870 2329 nocens,
892 2255 951 2316 nisi
970 2272 1020 2316 ac·

48 2346 123 2399 utus
150 2337 253 2412 luerit,
282 2339 477 2400 condemnari
496 2356 558 2400 non
578 2348 694 2414 potest:
725 2338 829 2400 utilius
849 2349 897 2400 est
920 2347 1021 2399 autern

48 2418 115 2483 olvi
129 2418 321 2482 innocentem
336 2438 427 2496 quem
441 2431 600 2482 nocentem
614 2438 738 2482 causam
751 2439 812 2482 non
828 2422 939 2481 dicere.
957 2423 1020 2479 An-

48 2504 118 2564 ibns
141 2502 253 2565 cibaria
273 2504 395 2579 publice
410 2504 548 2564 locantur
561 2513 591 2564 et
608 2520 699 2565 canes
717 2507 837 2565 aluntur
850 2505 881 2564 in
900 2502 1020 2577 Capito-

48 2636 50 2649 .
74 2594 110 2647 ut
135 2585 306 2661 significent
325 2588 353 2646 si
373 2588 456 2647 lures
470 2586 617 2648 venerint
650 2591 692 2648 At
714 2590 797 2648 lares
811 2587 1021 2647 internoscere

48 2688 53 2729 ι
75 2677 225 2745 pessunt=
253 2669 424 2743 significant
439 2678 554 2740 tamen,
575 2669 602 2728 si
623 2670 675 2744 qui
688 2678 781 2734 noctu
796 2671 826 2727 in
842 2665 1020 2740 capitolium

48 2752 149 2826 erint,
170 2760 200 2813 et
221 2753 292 2826 quie
313 2753 345 2812 id
365 2761 412 2813 est
429 2751 648 2827 suspiciosum,
670 2751 790 2813 tametsi
810 2749 927 2810 bestiae
941 2755 1019 2820 sunt

48 2845 93 2897 ren
104 2834 138 2894 ln
148 2850 215 2895 eam
226 2845 342 2910 partem
357 2834 458 2910 potius
468 2843 612 2910 peccant,
625 2852 704 2909 quae
716 2843 764 2895 est
775 2831 901 2892 cautior.
919 2830 1019 2904 Quod-

48 2924 113 2980 Luce
139 2935 262 2994 quoque
285 2934 377 2978 canes
400 2921 523 2990 latrent,
549 2935 640 2992 quum
656 2919 733 2977 deos
751 2917 911 2975 salutatum
924 2913 1018 2990 aliqui

48 3002 147 3074 erint,
163 3001 421 3076 opinor‚iiscrura
432 3001 656 3075 subringentur,
666 3000 750 3074 quod
761 3013 848 3057 acres
860 2999 918 3059 sint
928 2999 1018 3059 etiam

48 3106 70 3160 ι,
91 3101 187 3160 quum
212 3084 347 3159 suspicio
368 3086 450 3145 nulla
467 3083 514 3146 sit.
554 3081 604 3144 57.
627 3081 782 3143 Sirnillima
797 3089 843 3141 est
859 3091 1016 3143 accusato-

48 3186 56 3229 ι
69 3167 161 3229 ratio.
190 3169 250 3228 Alii
266 3176 399 3229 vestrum
414 3184 539 3229 anseres
555 3176 638 3239 sunt,
656 3166 707 3240 qui
725 3174 838 3227 tantum
851 3167 941 3227 modo
956 3167 1017 3225 clu·

48 3262 88 3324 rt,
104 3268 220 3312 nocere
232 3268 293 3311 non
311 3259 454 3326 possunt,
476 3251 526 3310 alii
541 3266 647 3321 canes,
665 3250 717 3324 qui
731 3260 761 3310 et
771 3251 877 3310 latrare
893 3258 923 3310 et
937 3263 1016 3307 mor·

48 3350 65 3395 e
84 3343 229 3410 possunt.
258 3334 375 3393 Ciburiu
395 3334 484 3394 vobis
506 3333 647 3409 praeberi
669 3332 821 3393 videmus:
841 3339 1016 3392 vosautem

48 3420 124 3479 rime
144 3417 262 3478 debetis
284 3417 316 3475 in
331 3433 386 3477 eos
403 3416 547 3492 impetum
562 3416 677 3495 lucere,
696 3417 747 3494 qui
760 3423 928 3478 merentur.
951 3411 1027 3470 blec
