2340 3788
343 140 424 200 cnr.
440 148 573 205 ιι-ιι.
594 148 621 209 ι.
636 150 769 209 ιι-ιι.
1008 149 1072 217 aas

31 288 163 362 invidia,
177 290 219 349 M.
232 305 305 349 vero
321 288 445 351 Antonii
459 288 591 351 maxima
606 291 726 366 glorias
743 292 795 356 tl.
815 295 919 370 ouidi
939 299 1070 362 comitiis

33 374 65 435 in
88 387 197 446 campo
219 371 360 446 quotiens
374 381 514 447 potestas
528 372 599 434 iuitt
618 391 711 447 quum
731 376 781 437 ille
807 370 839 438 in
866 390 973 457 saepta
992 384 1069 444 irru-

31 457 148 531 pissel,
169 454 289 530 gladios
307 456 558 530 destringendos,
580 455 700 531 lapides
716 457 874 521 iaciendos
888 464 1069 542 curavisset,
1104 470 1107 474 ’

33 537 105 597 dein
132 537 232 598 subito
259 539 343 600 vultu
368 538 492 599 Milonis
510 538 688 613 perterritus
716 540 835 616 ingeret
861 545 901 604 ad
928 546 1068 620 Tiberim,

32 637 94 680 vos
116 630 146 682 et
169 637 275 681 ornnes
290 621 364 681 boni
385 629 456 682 vola
476 620 632 696 laceretis,
651 631 685 683 ut
698 622 804 685 Miloni
818 624 862 686 uti
881 626 991 690 virtute
1011 648 1069 691 sua

32 704 151 764 liberet.

97 786 176 846 XVI.
194 786 289 860 Quem
305 784 397 860 igitur
412 802 480 847 tum
495 787 629 848 omnium
643 787 740 862 gratia
757 790 861 864 noluit,
879 789 960 853 hunc
974 793 1090 855 voluit·

31 884 100 928 cum
115 869 288 943 aliquorum
310 869 456 943 querelas
477 886 568 945 quem
587 870 668 944 iure,
686 887 776 945 quem
791 872 873 948 loco,
889 888 980 948 quem
996 883 1069 935 tem·

31 969 119 1027 pore,
138 967 230 1027 quem
242 952 366 1026 impune
382 968 443 1012 non
458 962 507 1014 est
520 969 624 1026 ausus,
640 952 720 1013 hunc
735 953 858 1026 iniuria,
870 955 976 1028 iniquo
988 957 1069 1031 loco,

32 1034 132 1095 alieno
148 1045 298 1108 tempore,
313 1035 449 1108 periculo
467 1033 574 1111 capide
591 1052 652 1095 non
668 1035 818 1098 dubitavit
833 1038 996 1099 occideret
1013 1037 1068 1101 te.

28 1117 226 1192 praesertim,
243 1116 377 1193 iudices,
399 1135 492 1194 quum
516 1117 644 1179 honoris
663 1118 844 1193 amplissimi
863 1120 1017 1181 contentio
1038 1129 1069 1184 et

29 1201 97 1259 dies
116 1199 306 1261 comitiorum
321 1203 473 1274 subesset,
492 1217 553 1276 quo
569 1200 693 1276 quidem
708 1202 972 1278 tempore-scio
987 1202 1070 1263 enim

30 1299 122 1356 quam
137 1282 241 1343 timida
263 1282 302 1344 sit
317 1283 440 1346 ambitio
462 1293 636 1360 quantaque
649 1294 679 1346 et
697 1300 788 1361 quam
803 1285 933 1347 sollicita
953 1287 992 1347 sit
1014 1302 1068 1347 cu·

27 1365 144 1440 piditas
161 1367 339 1428 consulatus
353 1402 397 1415 -
411 1367 522 1441 omnia,
536 1384 597 1429 non
612 1368 704 1432 modo
721 1384 800 1444 quae
814 1369 998 1444 reprehendi
1011 1384 1067 1444 pa·

28 1451 106 1521 lam,
122 1450 178 1510 sed
195 1450 284 1510 eliam
300 1466 380 1525 quac
396 1452 527 1512 obscure
543 1449 669 1526 cogitari
683 1459 829 1527 possunt,
845 1453 1002 1525 timemus,
1016 1468 1067 1512 ru-

27 1548 160 1607 morem,
178 1533 310 1595 fabulam
326 1535 446 1608 licum,
462 1537 560 1594 levem
576 1534 848 1609 perhorrescimus,
863 1551 918 1596 ora
933 1535 1066 1596 omnium

27 1624 122 1689 atque
135 1618 242 1677 oculos
260 1618 419 1679 intuemur.
456 1616 534 1677 Nihil
549 1626 597 1677 est
612 1617 691 1678 enim
705 1625 767 1677 tam
784 1619 888 1691 molle,
906 1626 967 1678 tam
983 1627 1066 1679 teue-

25 1716 111 1772 rum,
136 1707 195 1759 tam
218 1707 271 1759 aut
292 1700 400 1775 fragile
420 1707 474 1759 aut
492 1698 628 1759 flexibile
649 1714 739 1774 quam
758 1702 903 1761 voluntas
917 1716 990 1775 erga
1005 1716 1066 1761 nos

27 1797 205 1855 sensusque
217 1779 337 1854 civium,
354 1782 406 1856 qui
427 1797 488 1841 non
506 1782 597 1840 modo
611 1780 794 1854 improbitati
806 1781 978 1842 irascuntur
994 1798 1066 1843 tan-

26 1863 219 1934 didatorum,
241 1862 299 1922 sed
319 1862 409 1923 etiam
426 1862 457 1923 in
477 1870 560 1922 recte
579 1862 668 1922 lactis
690 1878 784 1938 saepe
804 1862 971 1924 fastidiunt
1012 1861 1065 1925 43.

25 1948 117 2008 Hunc
134 1945 225 2020 igitur
240 1944 320 2004 diem
336 1945 435 2020 campi
452 1952 605 2020 speratum
623 1954 716 2021 atque
728 1953 905 2020 exoptatum
920 1943 978 2005 sibi
994 1960 1065 2019 pro·

26 2046 150 2106 ponens
166 2028 254 2099 Milo,
276 2027 410 2089 cruentis
427 2029 567 2089 manibus
582 2029 685 2090 scelus
707 2036 738 2088 ct
753 2030 871 2088 lacinus
887 2042 960 2102 prae
972 2043 1007 2086 se
1021 2027 1065 2087 le·

25 2130 101 2173 rens
118 2121 148 2172 et
163 2111 328 2186 confitens,
349 2111 389 2171 ad
408 2112 460 2171 illa
480 2120 611 2188 auguste
631 2111 834 2172 centuriarum
855 2108 997 2184 auspicia
1012 2125 1065 2169 ve-

27 2195 152 2255 niebat?
173 2195 269 2268 Quam
282 2193 341 2255 hoc
359 2210 421 2256 non
434 2194 580 2257 credibile
595 2194 629 2254 in
644 2194 719 2256 hoct
743 2211 835 2269 quam
855 2190 937 2255 idem
950 2190 981 2251 iu
996 2191 1065 2252 Glo-

27 2278 80 2339 dio
95 2294 155 2339 non
168 2276 368 2339 dubitandum
383 2277 456 2353 quiir
470 2295 506 2339 se
524 2277 574 2337 illc
580 2279 739 2340 interiecto
746 2276 859 2337 Milone
870 2282 1065 2351 regnaturum

26 2370 165 2438 putaret!
182 2359 282 2434 Quidt
299 2362 384 2436 quod
399 2371 491 2437 caput
511 2370 558 2422 est
575 2360 738 2433 audaciae,
752 2357 880 2432 iudices,
895 2357 964 2434 quis
977 2356 1063 2431 igno·

25 2455 75 2505 rat
88 2444 249 2504 maximam
264 2443 439 2505 illecebram
452 2461 525 2505 csse
536 2443 686 2519 peccandi
699 2440 884 2516 impunitatis
900 2447 1010 2516 spem?
1029 2440 1064 2497 ln

26 2538 96 2588 utro
115 2527 207 2602 igitur
226 2529 304 2588 haec
326 2528 401 2589 iuitl
419 2527 450 2587 in
469 2529 598 2600 Milone,
627 2525 680 2602 qui
706 2525 796 2585 etiam
824 2540 905 2584 nunc
924 2510 1005 2615 reiis·
1017 2526 1066 2614 est

27 2610 100 2671 lacti
115 2619 167 2672 aut
179 2610 330 2686 praeclari
346 2620 399 2672 aut
411 2619 494 2672 certe
510 2609 695 2682 necessarii,
713 2623 753 2666 an
770 2605 801 2666 in
816 2605 933 2677 clodio,
956 2620 1008 2677 qur
1023 2610 1065 2661 rta

28 2692 144 2755 iudicia
169 2710 366 2770 poenamque
392 2700 631 2770 contempserat,
656 2700 689 2751 ut
713 2706 783 2750 eum
805 2686 880 2749 nihil
901 2687 1065 2746 delectaret

29 2777 116 2853 qnod
130 2786 182 2838 aut
194 2786 251 2852 per
267 2786 404 2839 naturam
420 2779 467 2837 las
482 2785 565 2836 esset
578 2783 630 2835 aut
644 2789 701 2848 per
714 2775 800 2848 leges
816 2769 946 2831 liceret?

90 2858 141 2920 44.
170 2860 232 2921 Sed
248 2860 323 2937 quid
337 2876 395 2936 ego
412 2864 627 2935 argumentost
649 2854 722 2931 quid
738 2857 827 2931 plura
841 2852 988 2926 disputat
1011 2848 1063 2922 Te,

31 2945 65 3018 Q.
77 2941 173 3020 Petili,
189 2944 320 3019 appello,
338 2942 484 3019 optimum
497 2950 527 3003 et
541 2938 737 3002 fortissimum
749 2937 863 2999 civem=
878 2944 918 3009 te,
928 2933 969 2993 Μ.
982 2933 1064 3004 Cato,

28 3035 142 3099 testor,
165 3043 245 3102 quos
259 3026 332 3089 milri
346 3026 450 3087 divina
465 3024 616 3102 quaedam
632 3038 702 3083 sors
721 3020 805 3081 dedit
825 3016 955 3081 iudices.
996 3017 1063 3076 Vos

30 3129 70 3172 ex
83 3110 125 3170 M.
138 3109 276 3173 Favonio
297 3108 427 3172 audistis
443 3107 581 3170 clodium
601 3104 660 3166 sibi
672 3102 790 3165 dixisse
806 3107 836 3163 et
849 3098 977 3163 audistis
992 3097 1064 3158 vivo
1082 3170 1091 3183 .

30 3193 137 3256 clodio
158 3194 324 3270 periturum
337 3192 480 3255 Milonem
500 3189 611 3252 induo.
652 3187 726 3248 Post
743 3186 823 3246 diem
842 3185 960 3246 tertium
977 3187 1066 3274 gesta

29 3295 80 3340 res
96 3286 145 3340 est
159 3294 251 3354 quam
265 3277 394 3338 dixerat.
438 3274 534 3348 Quum
549 3272 600 3332 illc
613 3286 676 3331 non
692 3266 835 3329 dubitarit
856 3264 977 3342 aperire
993 3260 1065 3335 quid

30 3360 187 3438 cogitaret,
204 3376 261 3422 vos
270 3359 402 3436 potestis
412 3355 550 3419 dubitare
567 3353 642 3430 qnid
658 3350 785 3414 leceritt
796 3350 891 3499 {qu
907 3344 959 3409 ts.
972 3342 1066 3417 Quem
