2340 3788
102 142 165 208 eoo
389 140 464 200 rao
485 140 517 198 n.
539 138 670 200 susrro
693 94 844 200 annuo.

105 295 298 362 eiicerentur,
321 287 348 349 si
361 288 590 350 Themistoclem
612 288 709 364 illum,
734 297 978 350 conservatorem
997 290 1125 367 patriae,

104 394 167 438 non
189 371 331 435 deterruit
352 388 371 431 a
392 388 427 432 re
441 371 561 446 publica
575 373 765 432 defendenda
784 387 841 431 nec
855 371 980 432 Miltiadi
1002 375 1123 434 calami-

104 466 167 530 tae,
186 457 237 533 qui
252 457 332 515 illam
346 452 495 514 civitatem
509 456 610 530 praullo
626 463 696 514 ante
712 461 861 527 servarat,
882 471 983 528 neque
997 457 1124 518 Aristidi

105 542 192 615 iuga,
208 539 261 614 qui
273 554 351 605 uuus
367 536 499 597 omnium
512 536 695 598 iustIssimus
711 536 806 596 luisse
820 535 952 608 traditur,
970 539 995 596 si
1013 549 1124 613 postea

105 622 213 684 summi
230 621 367 681 eiusdem
384 618 511 679 civitatis
527 619 597 694 viri,
614 636 691 695 quos
706 617 880 679 nominatim
897 621 1046 694 appellari
1062 641 1124 682 nou

105 713 152 766 est
165 720 309 776 necesse,
331 702 497 778 propositis
519 710 562 764 tot
577 701 725 776 exemplis
740 698 914 761 bacaudiae
928 703 1124 779 levitatisque

104 788 271 864 popularis,
284 794 383 846 tamen
396 801 481 845 suam
492 801 553 844 rem
566 785 718 858 publicam
730 783 811 842 illam
826 785 1037 859 defenderunt,
1051 789 1125 861 quid

104 887 161 931 uos
182 872 302 930 undem
324 869 425 928 lacere
446 865 606 939 debemus,
630 867 760 942 primum
785 867 816 925 iu
844 883 880 925 ea
906 867 1027 928 civitate
1052 872 1122 942 nati,

103 951 186 1014 unde
200 961 265 1012 orto
286 950 357 1009 milri
376 948 508 1023 gravitas
522 956 553 1009 et
566 950 739 1023 magnitudo
756 949 846 1008 animi
861 950 993 1021 videtur,
1015 952 1124 1011 lumin

103 1025 185 1096 taum
199 1033 295 1108 gloria
308 1032 497 1104 insistentes,
519 1039 553 1092 ut
567 1033 667 1093 omnia
686 1032 816 1092 humana
828 1032 942 1091 leviora
958 1032 1056 1094 videri
1071 1036 1123 1094 de-

103 1119 202 1189 beant,
220 1115 330 1177 deinde
343 1117 382 1175 ad
398 1132 464 1175 eam
478 1131 541 1174 rem
555 1112 734 1190 publicamt
722 1115 864 1174 tuendam
875 1116 1024 1190 adgressi,
1043 1134 1125 1192 quae

14 1198 20 1205 '
104 1208 186 1261 unta
203 1197 345 1273 dignitate
359 1206 422 1270 est,
441 1206 475 1258 ut
489 1214 554 1257 eam
576 1198 791 1257 defendentem
803 1196 943 1258 occidere
960 1215 1022 1258 non
1040 1200 1123 1281 aliud

104 1282 144 1343 sit
160 1298 250 1358 quam
265 1288 488 1355 oppugnantem
505 1296 604 1339 rerum
620 1288 672 1354 pot
660 1279 730 1339 tiri?

184 1363 314 1423 LXVIII.
337 1360 406 1423 142.
436 1362 590 1422 Homines
602 1361 723 1436 Graeci,
748 1378 826 1437 quos
838 1363 938 1423 autea
958 1338 1123 1436 nominavi,

103 1445 206 1521 inique
226 1462 244 1503 a
263 1444 328 1504 suis
350 1444 467 1504 civibus
488 1445 619 1504 damnati
641 1454 732 1519 atque
753 1446 889 1520 expulsi,
908 1453 1022 1516 tamen,
1048 1447 1126 1526 quia

103 1530 181 1588 bene
199 1535 268 1587 sunt
285 1528 323 1586 de
340 1526 403 1587 suis
419 1526 519 1586 eritat
508 1527 587 1587 tibus
602 1527 714 1599 meriti,
731 1536 810 1588 lanta
823 1527 915 1588 hodie
933 1528 1026 1603 gloria
1047 1538 1126 1589 sunt

103 1626 165 1670 non
183 1611 212 1668 iu
229 1608 354 1669 Graecia
369 1610 475 1681 solum,
494 1611 549 1669 sed
566 1609 654 1670 etiam
670 1612 751 1685 apud
765 1628 822 1671 nos
837 1619 929 1687 atque
943 1611 973 1670 in
988 1612 1124 1671 caeteris

102 1692 206 1764 terris,
229 1701 261 1752 ut
282 1708 351 1764 eos,
372 1708 390 1750 a
410 1691 520 1766 quibus
541 1693 582 1751 illi
604 1692 746 1768 oppressi
767 1702 850 1766 sunt,
872 1709 960 1753 nemo
976 1692 1123 1766 nominet,

102 1776 209 1836 horum
231 1775 426 1835 calamitatem
447 1774 640 1843 dominationi
660 1776 777 1836 illorum
800 1793 904 1836 omnes
926 1783 1123 1850 anteponant.

83 1890 88 1925 l
103 1858 175 1931 Quis
186 1856 479 1932 Karthaginiensium
494 1856 589 1932 pluris
605 1859 659 1919 luit
667 1859 835 1918 Hannibale
851 1858 988 1932 consilio,
1002 1857 1125 1933 virtute,

86 1936 193 2001 lrebus
208 1939 318 2015 gestiS,
334 1939 385 2014 qui
400 1956 561 2019 nauscam
576 1950 619 2002 tot
634 1941 865 2015 imperatoribus
881 1941 992 2001 nostris
1008 1957 1063 2016 per
1078 1949 1126 2001 tot

103 2039 199 2082 annos
222 2023 259 2082 de
280 2023 406 2096 imperio
424 2032 453 2082 et
468 2025 506 2082 de
520 2024 616 2097 gloria
630 2024 816 2084 decertavit?
836 2025 922 2084 Hunc
940 2023 987 2084 sui
1003 2023 1089 2083 cives
1107 2041 1125 2082 e

103 2105 222 2164 civitate
244 2105 410 2164 eiecerunt:
431 2121 488 2164 nos
510 2106 598 2166 eliam
619 2107 736 2166 hostem
757 2106 861 2166 litteris
883 2109 994 2167 nostris
1018 2115 1047 2166 et
1062 2123 1127 2166 me-

20 2224 25 2232 -
101 2189 196 2246 moria
209 2186 348 2246 videmus
365 2204 435 2247 esse
451 2189 640 2249 celebratum.
675 2188 743 2249 143.
773 2190 836 2262 Qua
855 2206 888 2248 re
902 2189 1052 2249 imitemur
1067 2206 1125 2249 no·

102 2275 181 2328 stros
195 2270 320 2340 Brutos,
345 2270 499 2342 Camillos,
522 2271 652 2344 Ahalas,
674 2273 801 2345 Decios,
817 2271 937 2346 CurioS,
954 2271 1125 2345 Fabricios

99 2350 259 2425 Maximus,
272 2350 441 2426 Scipiones
452 2354 604 2426 Lentulos,
617 2354 772 2422 Aemillos,
785 2355 1019 2415 innumerabiles
1033 2355 1124 2427 alios,

101 2431 153 2508 qui
168 2433 246 2491 hanc
260 2450 322 2492 rem
337 2436 486 2508 publicam
504 2437 724 2496 stabiliverunt:
747 2454 824 2512 quos
847 2439 987 2512 equidem
1001 2436 1032 2495 in
1048 2437 1128 2504 deo-¹

98 2532 163 2576 rum
190 2513 399 2576 immortalium
425 2527 513 2578 coetu
538 2536 573 2578 ac
599 2536 723 2579 numero
745 2537 871 2593 repono.
904 2523 1051 2578 Amemus
1070 2538 1124 2594 pa-

98 2598 199 2669 triam,
219 2615 379 2672 pareamus
392 2600 524 2673 senatui,
540 2604 734 2662 consulamus
747 2603 848 2663 bonis=
866 2609 1044 2676 praesentes
1063 2604 1125 2661 Iru-

99 2690 165 2742 ctus
183 2683 384 2756 negligamus
400 2684 583 2757 posteritatis
601 2685 714 2759 gloriae
732 2686 914 2746 serviamus:
932 2684 963 2743 id
980 2700 1053 2744 esse
1070 2702 1125 2758 op-

98 2763 200 2824 timum
216 2773 366 2838 putemus,
385 2767 468 2839 quod
487 2767 542 2827 erit
556 2767 772 2828 rectisSImum:
789 2783 948 2843 speremus
971 2782 1051 2840 quae
1070 2784 1123 2826 vo-

97 2846 212 2918 lumuS,
226 2849 281 2906 sed
298 2847 380 2921 quod
398 2847 542 2908 acciderit
556 2852 701 2910 feramus:
717 2852 883 2925 cogitemus
902 2849 1034 2923 denique
1055 2866 1123 2910 eor·

96 2944 155 3001 pus
177 2929 310 2989 virorum
332 2930 451 2990 sortium
469 2949 708 3027 magnorumque
725 2933 878 2994 hominum
896 2949 966 2992 esse
982 2933 1123 3004 mortale,

97 3009 187 3068 culmi
204 3028 278 3073 vero
301 3021 399 3073 motus
424 3022 453 3073 et
473 3014 590 3075 virtutis
612 3015 736 3111 gloriam
763 3017 992 3091 sempiternam·
1018 3029 1124 3088 neque

96 3089 174 3149 hanc
195 3094 368 3191 opinionem
391 3095 417 3155 si
438 3097 467 3154 in
484 3099 534 3156 illo
554 3098 744 3158 sanctissimo
760 3100 890 3159 Hercule
908 3105 1124 3156 consecratam

96 3171 250 3246 videmus,
266 3179 352 3238 cuius
369 3195 497 3274 corpore
512 3182 665 3252 ambusto,
681 3181 772 3241 vitam
788 3183 853 3241 eius
867 3188 897 3241 et
912 3179 1053 3254 virtulem
1069 3180 1124 3239 im·

96 3255 261 3316 mortalitas
283 3261 445 3334 excepisse
470 3262 598 3336 dicatur,
620 3264 718 3322 miuus
741 3265 948 3323 existimemus
971 3278 1043 3336 e0S,
1071 3260 1125 3337 qni

94 3337 172 3400 hanc
194 3347 303 3400 molam
323 3358 385 3401 rem
409 3345 559 3417 publicam
581 3345 644 3405 suis
665 3346 800 3408 consiliis
821 3355 872 3406 aut
892 3346 1048 3408 laboribus
1071 3349 1126 3405 aut
