2340 3788
111 173 169 249 tu·
347 184 386 241 m
403 183 434 242 c.
450 179 710 242 martanam.
726 179 762 238 11.
776 178 848 239 Lm.
862 179 914 239 rv.

113 333 186 410 quid
206 330 328 407 gravius
347 331 378 391 in
398 332 505 391 Heium
527 326 670 390 statuisse
692 329 901 389 Mamertinos=
929 346 1021 404 quam
1040 340 1133 405 putas

63 426 69 441 ¹
112 413 318 477 auctoritatem
331 413 512 473 laudationis
533 427 638 471 eorum
656 413 799 483 loturam,
823 411 849 470 si
874 412 905 471 in
927 428 1011 485 eum,
1041 429 1134 488 quem

112 503 230 559 constet
242 511 347 555 verum
361 513 417 570 pro
427 494 599 556 testimonio
611 493 742 566 dixisse,
756 510 885 568 poenam
901 494 1134 556 consuluerintr

112 578 242 640 Tametsi
255 594 334 654 qnae
355 587 402 638 est
417 579 474 638 ista
489 577 637 649 laudatio,
658 594 749 652 quum
770 577 908 636 laudator
928 577 1132 652 interrogatus

113 663 214 722 laedat
235 676 364 721 necesse
383 656 449 721 est'l
477 660 575 733 Qnidt
595 658 646 719 isti
664 661 837 719 laudatores
857 658 899 718 tui
918 674 1020 719 nonne
1034 666 1131 721 testes

112 744 171 805 mei
185 751 274 803 sunt?
296 744 391 804 Heius
407 751 454 823 est
468 742 620 802 laudator:
641 742 729 802 laesit
741 741 929 815 gravissime.
960 742 1132 801 Producam

113 835 265 888 caeteros=
279 826 448 886 reticebunt
463 840 542 899 quae
557 832 698 899 poterunt
713 824 851 896 libenter,
868 825 969 884 dicent
982 839 1063 897 quae
1077 841 1130 884 ne·

113 926 202 971 cesse
222 908 279 969 erit
299 908 434 983 ingratis.
465 907 581 981 Negent
600 904 648 965 isti
666 905 832 966 onerariam
845 922 954 965 navem
967 905 1131 967 monianum

111 993 299 1053 aedificatam
314 1006 385 1051 esse
398 989 581 1049 Messanae?
597 998 721 1062 negent,
742 989 769 1047 si
791 997 930 1062 possunt
960 989 1081 1063 Negent
1101 987 1130 1049 ei

63 1102 67 1113 ·
112 1075 182 1134 navi
198 1082 369 1135 senatorem
381 1070 590 1131 Mamertinum
603 1071 723 1144 publice
740 1071 933 1144 praefuisset
946 1071 1062 1131 onnam
1077 1087 1129 1131 ue·

114 1166 198 1233 gent!
232 1155 308 1215 Sunt
322 1153 410 1213 etiam
426 1162 558 1227 caetera,
577 1169 655 1228 quae
669 1154 748 1213 molo
762 1153 879 1228 integra
898 1169 1075 1226 reservare,
1096 1160 1130 1214 ut

113 1255 203 1314 quam
213 1235 367 1296 minimum
377 1237 446 1295 dem
456 1235 513 1295 illis
528 1235 672 1311 temporis
683 1236 723 1295 ad
733 1235 937 1297 meditandum
948 1236 1128 1305 conflrman-

114 1323 247 1394 dumque
264 1317 436 1392 periurium.
458 1317 509 1380 20.
529 1319 611 1379 llaec
632 1318 685 1379 tibi
698 1317 831 1378 laudatio
850 1320 998 1395 procedat
1019 1318 1051 1377 in
1073 1336 1129 1379 nu-

111 1418 241 1463 merum:
256 1401 287 1459 hi
299 1409 329 1461 te
344 1400 482 1460 homines
495 1401 673 1463 auctoritate
688 1418 745 1461 sua
762 1401 938 1477 sublevent,
961 1401 1013 1477 qui
1029 1409 1060 1461 tc
1075 1418 1127 1462 ue·

113 1500 172 1559 que
193 1483 304 1543 debent
323 1483 483 1557 adiuvare,
503 1485 529 1543 si
550 1485 684 1558 possint,
702 1498 802 1558 neque
816 1491 960 1558 possunt,
978 1484 1007 1544 si
1026 1483 1128 1558 velim,

113 1566 223 1641 quibus
237 1574 270 1626 tu
284 1565 421 1641 privatim
438 1565 561 1625 iniurias
585 1565 729 1640 plurimas
752 1566 1011 1641 contumeliasque
1031 1568 1127 1641 impo-

113 1647 214 1721 suisti,
233 1666 293 1723 quo
307 1649 337 1707 in
352 1648 464 1723 oppido
484 1650 591 1709 multas
605 1647 732 1707 familias
747 1656 826 1708 totas
843 1649 874 1707 in
887 1648 1127 1723 perpetuumin·

113 1734 209 1791 lamas
226 1731 285 1790 tuis
299 1732 411 1805 stupris
426 1729 609 1806 flagitiisque
623 1729 730 1791 iecisti.
761 1735 802 1790 At
815 1730 937 1805 publice
953 1730 1128 1791 commoda-

113 1815 159 1875 sti.
190 1813 257 1873 Non
271 1813 337 1874 sine
351 1829 459 1887 magno
476 1812 597 1888 quidem
610 1813 655 1873 rei
668 1812 807 1888 publicae
826 1813 1065 1887 provinciaeque
1080 1812 1127 1873 Si·

112 1896 199 1956 ciliae
219 1896 405 1957 detrimento.
443 1896 542 1956 Tritici
564 1896 697 1956 modium
720 1910 759 1952 ix
782 1895 864 1954 milia
887 1903 987 1970 empta
1008 1897 1128 1971 populo

110 1980 247 2039 Romano
261 1981 333 2039 dare
347 1978 496 2038 debebant
510 1987 540 2038 et
550 1978 695 2050 solebant,
710 1978 765 2037 abs
779 1986 809 2037 te
820 1980 887 2038 solo
897 1978 1060 2039 remissum
1071 1986 1126 2039 est.

110 2061 307 2134 Respublica
327 2059 534 2127 detrimentum
555 2060 640 2132 lecit,
662 2061 744 2135 quod
764 2077 818 2135 per
837 2069 866 2121 te
886 2060 1005 2135 imperii
1027 2061 1076 2121 ius
1096 2059 1126 2119 in
1156 2096 1168 2151 ,¹2

112 2159 174 2202 una
199 2142 316 2201 civitate
341 2142 524 2203 imminutum
552 2150 613 2203 esa
643 2141 750 2214 Siculi,
776 2143 860 2217 quod
883 2141 984 2218 ipsum
1005 2160 1068 2204 non
1087 2143 1126 2203 de
1160 2179 1168 2213 r

115 2239 230 2284 summa
243 2223 383 2283 frumenti
399 2225 563 2284 detractum
579 2233 635 2297 est,
651 2225 707 2284 sed
722 2226 897 2286 translatum
911 2224 943 2284 in
957 2223 1123 2299 Centuripi·
1150 2272 1168 2315 Γ

113 2320 170 2364 nos
185 2314 215 2365 et
224 2305 417 2378 Halaesinos,
433 2305 579 2367 immunes
596 2308 737 2381 populos,
754 2315 785 2367 et
798 2307 856 2368 hoc
871 2308 939 2382 plus
951 2306 1122 2383 impositum
1145 2296 1168 2389 ’ζ

115 2403 205 2461 quam
220 2388 297 2447 ferro
315 2396 450 2461 possent.
479 2386 529 2449 al.
561 2389 674 2449 Navem
688 2389 836 2464 imperare
850 2389 980 2450 debuisti
1002 2407 1043 2451 ex
1061 2391 1121 2451 loe-
1145 2388 1168 2487 ,j

112 2471 198 2530 dere:
212 2468 354 2530 remisisti
367 2469 397 2527 in
411 2470 583 2531 triennium:
603 2471 725 2533 militem
738 2473 853 2532 nullum
867 2489 1010 2546 umquam
1027 2486 1119 2547 popa·
1143 2520 1168 2572 ῃ

112 2552 197 2613 scisti
212 2568 267 2626 per
280 2561 323 2612 tot
337 2569 443 2612 annos.
473 2553 584 2614 Fecisti
597 2552 682 2626 item,
704 2562 737 2614 ut
751 2556 922 2628 praedones
938 2556 1052 2616 solent:
1072 2548 1134 2641 qui.

112 2653 204 2710 quum
219 2635 323 2695 hostes
339 2650 511 2695 communes
530 2636 590 2696 sint
600 2636 741 2709 omnium,
758 2645 857 2697 tamen
870 2637 991 2712 aliquos
1006 2638 1064 2697 sibi
1079 2636 1119 2696 in·

112 2719 237 2779 stituunt
258 2718 386 2791 amicos,
413 2717 522 2790 quibus
550 2735 611 2778 non
626 2719 717 2779 modo
739 2728 877 2794 parcant,
905 2736 1010 2780 verum
1035 2718 1119 2781 eliam

111 2801 225 2874 praeda
242 2818 320 2877 quos
337 2806 475 2874 augeant,
492 2808 522 2860 et
535 2817 590 2862 eos
606 2802 749 2873 maxime,
771 2801 825 2877 qui
843 2801 955 2863 babent
977 2801 1118 2878 oppidum
1140 2770 1154 2901 :i

112 2892 281 2956 opportuno
309 2886 394 2955 loco,
430 2900 489 2958 quo
516 2900 609 2958 saepe
633 2885 805 2944 adeundum
829 2883 867 2944 sit
890 2884 1035 2957 navibus,
1063 2898 1123 2943 nou·
1152 2895 1157 2919 ⁷

112 2980 273 3038 numquam
294 2966 383 3027 etiam
402 2967 585 3027 necessario.
615 2967 650 3026 x.
680 2965 815 3026 Phaselis
835 2966 900 3039 illa,
927 2984 1020 3041 quam
1045 2963 1118 3040 oepit
1146 3010 1149 3017 -

110 3046 141 3103 P.
159 3045 317 3121 Servilius,
338 3066 398 3109 non
418 3049 515 3109 luerat
534 3050 606 3108 urbs
625 3057 714 3109 antea
729 3049 850 3109 Cilicum
871 3057 902 3111 et
919 3049 1117 3125 praedonum

110 3126 196 3204 Lycii
218 3127 313 3202 illam,
338 3130 444 3192 Graeci
466 3131 619 3206 homines,
644 3130 824 3192 incolebant.
862 3131 923 3192 Sed
951 3132 1037 3207 quod
1060 3104 1168 3231 arai-,⁸

112 3210 177 3270 eius
195 3210 358 3271 modiloco
373 3221 464 3287 atque
480 3215 521 3273 ita
534 3211 669 3287 proiecta
682 3213 712 3272 in
726 3215 826 3285 altum,
848 3222 881 3275 ut
895 3221 922 3273 et
936 3223 1086 3277 exeuntes
1103 3202 1168 3271 c-i'

111 3292 213 3353 Cilicia
232 3293 403 3366 praedones
422 3311 516 3370 saepe
533 3298 572 3355 ad
594 3311 660 3355 eam
674 3297 847 3357 necessario
866 3296 1059 3374 devenirent,
1080 3301 1126 3371 el,-
1141 3270 1168 3329 ²³⁵

111 3392 201 3451 quum
216 3392 250 3437 sc
265 3391 303 3434 ex
319 3374 403 3437 hisce
418 3378 492 3439 locis
508 3379 691 3454 reciperent,
707 3381 815 3441 eodem
829 3380 1029 3458 deferrentur,
1043 3377 1134 3441 asti·-

1145 3448 1168 3503 il:
