2332 3772
334 102 434 162 Ιοιιι).
455 106 582 164 ιι-ιι.
605 110 633 201 a
647 98 776 170 ιιι-ἰι
1019 108 1079 173 ns

54 268 119 313 cam
133 252 311 327 bellumque
325 250 355 311 ln
369 269 405 312 ea
420 252 577 328 provincia
593 255 882 319 administrandum?
904 258 993 322 Fuit
985 278 1014 320 m
1029 261 1075 322 iris

56 334 221 411 provinciis
247 334 391 409 singulari
416 336 602 409 innocentia,
629 338 788 414 gravimte,
817 339 938 402 virtute.
966 344 1076 404 bellurn
1142 367 1144 372 ·

56 419 84 478 in
100 417 207 477 Airica
222 412 386 477 maximum
403 418 542 492 confecit,
560 420 702 479 victorem
717 422 883 482 exercitum
898 426 1075 500 deportavit.

55 499 132 573 Quid
154 514 228 560 vero
249 509 309 560 turn
329 500 494 561 inauditum
516 518 606 576 quam
628 503 758 577 equitem
781 505 949 565 Romanum
974 511 1073 569 trium-

57 582 171 657 piaret
184 584 225 642 At
237 598 305 642 eam
321 598 443 678 quoque
458 601 520 644 rem
535 586 668 658 populus
681 587 837 646 Romanus
852 603 913 646 non
929 592 1060 651 modo
1032 609 1074 650 vr-

56 665 110 738 dit,
132 667 191 725 sed
213 666 346 725 omnium
363 666 502 727 ctiamt
473 668 573 728 studio
589 666 745 727 visendam
762 676 791 728 et
805 671 1075 733 concelebrandam

56 748 180 822 putavit
209 748 261 809 62.
277 748 354 822 Quid
368 757 428 808 tam
444 750 617 810 inusitatum
631 766 722 825 quam
737 759 769 811 ut
784 768 876 827 quum
890 752 950 811 duo
967 768 1075 814 consu-

57 832 99 891 les
120 829 283 890 clarissimi
306 831 522 907 fortissimique
543 841 661 908 essent,
683 850 778 909 eques
791 836 946 894 Romanus
960 835 1000 894 ad
1014 837 1075 896 bel-

57 914 114 973 lum
135 913 300 974 maximum
321 914 699 991 iqrmidolosissimumque
719 933 774 992 pro
797 918 922 977 consule
946 917 1075 978 mittere-

58 1002 122 1056 turt
150 994 266 1056 illissus
287 1005 343 1057 est.
385 999 450 1070 Quo
472 997 593 1073 quidem
614 1007 766 1074 ternpore,
792 1016 885 1075 quum
905 1008 990 1060 esset
1015 1015 1075 1060 non

57 1094 145 1139 nemo
164 1078 197 1137 in
217 1087 325 1140 senatu
346 1080 397 1154 qui
412 1080 526 1141 diceret
545 1099 603 1141 noa
617 1091 750 1158 oportere
765 1087 839 1144 mitti
850 1085 992 1144 bominem
1003 1087 1075 1159 pri-

56 1168 152 1222 octtmr
162 1176 221 1236 pro
233 1167 366 1237 consule,
387 1164 420 1221 L.
435 1163 591 1238 Phiiippus
614 1165 731 1225 dixisse
751 1166 859 1226 dicitur
878 1170 1076 1226 conscilium

55 1260 107 1304 ιιια
119 1249 262 1305 mentia
274 1262 331 1320 pro
345 1251 475 1319 conscie,
489 1249 542 1307 scd
551 1265 607 1323 pro
621 1250 786 1309 consulibus
799 1253 920 1310 mittete.
941 1249 1034 1308 Tanta
1046 1250 1074 1306 in

59 1342 92 1387 co
111 1326 159 1386 rei
176 1327 317 1401 publicae
331 1329 408 1388 bene
423 1330 574 1402 gerendae
590 1348 664 1405 spes
680 1331 933 1404 constituebatur,
956 1339 988 1391 ut
1001 1333 1076 1390 duo-

55 1426 119 1470 rum
142 1412 302 1470 consulnm
316 1426 425 1470 munus
441 1412 530 1472 unius
545 1413 748 1474 adolescentis
764 1414 864 1476 virtuti
878 1413 1075 1475 committere-

57 1501 110 1552 tur.
144 1491 222 1565 Quid
243 1500 302 1554 tam
325 1493 478 1568 singulare
499 1510 589 1571 quam
610 1505 643 1556 ut
656 1513 695 1555 ex
711 1504 834 1557 senatus
849 1498 988 1558 consulto
1002 1495 1076 1570 legi·

56 1574 111 1635 bu's
132 1576 251 1635 solutus
276 1579 464 1636 consulante
480 1578 580 1649 lieret,
601 1594 690 1652 quam
707 1580 799 1638 ullum
813 1581 903 1640 alium
919 1579 1074 1654 magistra·

57 1666 116 1717 turn
135 1674 193 1733 per
212 1659 297 1733 leges
319 1674 429 1733 capere
445 1659 602 1719 licuisset?
629 1659 703 1734 quid
716 1668 777 1719 tam
795 1660 970 1720 incredibile
985 1676 1074 1734 quarn

56 1740 207 1802 utiterum
222 1756 319 1815 eques
333 1743 490 1802 Romanus
507 1757 547 1799 ex
564 1750 688 1801 senatus
704 1744 843 1801 consulto
861 1742 1076 1815 triumpharet?

57 1823 137 1897 Quae
158 1823 189 1881 in
211 1824 349 1883 omnibus
366 1822 537 1883 hominibus
555 1839 635 1882 nova
649 1831 721 1897 post
733 1823 887 1882 hominum
901 1821 1075 1882 memoriam

56 1907 216 1967 constituta
237 1914 320 1981 suot,
341 1923 378 1966 ea
393 1914 453 1966 tam
467 1906 559 1964 multa
572 1921 632 1965 non
649 1914 718 1965 sunt
732 1921 822 1980 quarn
838 1905 929 1978 haec,
952 1904 1074 1978 quaein

57 1988 111 2049 loc
127 2004 190 2048 uno
204 1988 326 2048 homine
341 1988 489 2048 videmus.
512 1986 562 2048 63.
578 1991 680 2061 Atque
694 1988 770 2047 haec
785 1996 828 2047 tot
842 1989 981 2062 exempla
993 1995 1076 2048 tanta

56 2086 90 2130 ac
110 2078 171 2130 tarn
192 2085 274 2130 nova
296 2072 431 2146 proiecta
453 2070 565 2130 suntin
581 2071 719 2130 eumdem
734 2070 917 2130 hominema
933 2070 965 2143 Q
980 2070 1073 2130 Catuli

58 2162 145 2229 atque
160 2171 180 2212 a
195 2161 383 2213 caeterorum
398 2152 534 2214 eiusdem
549 2153 701 2228 dignitatis
716 2152 969 2264 amplissimorum
980 2153 1074 2213 homi·

57 2251 123 2295 num
139 2236 328 2296 auctoritate
939 2266 944 2278 ·

134 2319 226 2378 XXII.
260 2318 324 2390 Qua
344 2332 378 2376 re
397 2316 520 2376 videant
540 2332 579 2376 ne
593 2318 632 2377 sit
645 2316 838 2392 periniquum
852 2327 883 2379 et
896 2335 956 2378 non
975 2321 1073 2378 icrun-

58 2401 138 2474 dum,
162 2401 282 2461 illorum
299 2399 506 2460 auctoritatem
528 2401 566 2458 de
581 2400 632 2459 Cn.
646 2401 781 2474 Pompeii
796 2401 939 2476 dignitate
954 2417 972 2458 a
985 2399 1073 2458 vobis

58 2484 282 2559 comprobatam
303 2496 424 2557 semper
445 2496 530 2552 csse,
550 2490 684 2543 vestrum
705 2482 822 2542 abillis
843 2484 881 2542 de
897 2482 1006 2541 eodem
1019 2480 1074 2539 ho-

58 2565 133 2626 mine
159 2564 306 2626 iudicium
330 2562 497 2640 populique
515 2564 643 2624 Romani
668 2565 873 2626 auctoritatem
902 2560 1074 2635 improbari,

58 2650 232 2721 praesertim
252 2658 344 2722 quum
360 2647 419 2707 iam
435 2662 491 2705 suo
506 2645 571 2705 iure
586 2651 718 2722 populus
731 2649 887 2707 Romanus
901 2644 932 2703 in
948 2643 1007 2701 hoc
1020 2644 1074 2703 ho·
1106 2662 1110 2667 ·

57 2730 133 2792 mine
156 2748 242 2792 snam
262 2730 468 2792 auctoritatem
490 2731 539 2788 vel
554 2737 658 2788 contra
674 2745 794 2801 omnes,
818 2726 870 2802 qui
884 2723 1073 2800 dissentiunt,

59 2814 155 2887 possit
177 2814 356 2886 detendere,
383 2820 545 2887 propterea
566 2812 650 2885 quod
671 2811 779 2870 iisdem
799 2808 866 2868 istis
887 2809 1073 2869 reclamanti—

57 2897 112 2957 bus
133 2913 191 2958 vos
205 2908 296 2957 unum
311 2895 394 2956 illum
408 2910 449 2955 ex
463 2895 602 2955 omnibus
618 2892 774 2966 delegistis
788 2898 878 2966 quern
893 2892 973 2952 bello
987 2908 1074 2968 prae-

56 2980 166 3040 donum
181 2978 418 3056 praeponeretis.
454 2977 505 3038 ol
532 2978 597 3036 Hoc
612 2974 638 3036 si
654 2991 711 3035 vos
729 2983 841 3035 temere
856 2972 970 3035 lecistis
985 2985 1015 3036 et
1029 2975 1074 3035 rei

57 3063 196 3134 publicae
215 3076 321 3137 parum
343 3060 554 3131 consuluistis,
580 3066 662 3119 recte
686 3057 736 3118 isti
761 3055 860 3118 studia
886 3066 988 3118 vestra
1010 3059 1073 3120 suis

57 3145 191 3205 consiliis
205 3160 311 3220 regere
327 3152 489 3205 conantur.
514 3143 561 3202 ain
577 3150 674 3202 autern
690 3157 746 3200 vos
765 3142 834 3215 plus
848 3149 910 3201 tum
927 3143 1005 3200 inre
1020 3156 1073 3214 pu·

58 3226 134 3288 blica
154 3227 290 3299 vidistis,
317 3242 375 3288 vos
396 3227 433 3285 iis
455 3225 695 3300 repugnantibus
716 3240 772 3298 per
795 3232 912 3284 vosmet
929 3226 1015 3298 ipsos
1030 3220 1073 3280 di·

58 3310 195 3381 quitatem
216 3309 287 3371 huic
299 3309 442 3385 imperio,
465 3308 592 3371 salutern
607 3307 673 3370 orbi
687 3315 832 3369 terrarum
846 3303 1001 3375 attulistis,
1020 3300 1073 3360 ali-
