2340 3788
94 575 96 579 ,
131 545 133 550 ·
244 519 336 583 partim
360 516 528 580 'ln1brpinati
550 515 657 578 aliisque
679 516 746 566 villis
773 518 905 581 translgitt
931 533 1022 572 manee

198 622 201 627 -
245 585 344 636 Octobri
365 584 471 638 Romam
491 598 520 632 se
542 583 649 642 conform
672 597 759 633 mense
782 591 867 633 autern
887 585 1022 638 Decembri

245 656 270 703 in
291 653 467 710 Puteolanum,
486 652 531 701 ubi
545 651 600 703 XII.
618 651 673 702 nst.
690 653 742 701 lan.
760 650 895 702 Caesarem
911 655 1021 718 eiusque

244 724 348 773 comites
363 720 474 782 bospitio
491 721 596 782 accepit.
688 748 690 754 -

82 798 133 852 710
174 797 210 850 44
245 790 316 842 Coss.
353 788 381 838 0.
400 787 479 837 Ictim
498 787 594 837 Caesar
616 789 661 847 V„
679 786 719 836 tt.
738 786 869 838 Antoniae.
918 782 921 787 ’

277 859 367 908 Primis
387 855 446 904 anui
466 856 595 905 mensibus
616 854 702 904 Cicero
725 855 834 906 absolvit
859 855 1019 908 Ἆωωὶαηω

244 926 430 989 τὶὶηρταωίοηω.

279 993 371 1043 Caesar
382 991 468 1040 Idibus
478 990 574 1040 Martiis
587 991 613 1041 in
626 991 696 1040 curia
708 1004 723 1039 a
735 991 870 1041 coniuratis
882 990 916 1041 ll.
929 991 1017 1054 Bruto,

244 1061 271 1112 C.
289 1060 375 1110 Cassio
392 1059 498 1122 aliisque
514 1056 667 1107 interficitur.
705 1057 832 1107 Coniurati
847 1073 876 1107 se
892 1061 1018 1124 recipiunt

244 1130 269 1177 in
288 1127 446 1191 Capitolium.
471 1125 602 1176 Dolabella
618 1127 644 1175 in
663 1124 778 1175 Caesaris
795 1126 879 1176 lo'curu
896 1142 947 1176 cos.
961 1129 1017 1178 aul-

244 1195 335 1245 licitur.
716 1237 724 1248 .
853 1238 856 1243 .

279 1262 364 1312 Cicero
382 1261 633 1325 xvt.1tct‚npr.in
649 1264 712 1312 aeda
727 1261 834 1312 Telluris
850 1277 939 1327 pacem
955 1278 1015 1314 sua·

244 1331 286 1381 det
309 1340 334 1380 et
357 1330 538 1380 discordiarum
561 1331 707 1381 memoriam
734 1329 860 1381 oblivione
882 1331 1015 1381 dolendam

244 1408 337 1449 censet.
372 1399 481 1449 Antonio
506 1399 573 1447 idem
596 1411 624 1447 se
645 1398 710 1447 vella
731 1397 881 1460 simulante,
899 1397 1014 1449 Caesaris

243 1467 414 1517 interfectores
436 1465 559 1531 Capitolio
582 1466 749 1525 descendunt;
774 1464 808 1515 ll.
831 1466 907 1517 Bruto
931 1465 1013 1528 Creta,

242 1535 330 1586 Cassio
350 1535 450 1595 Africa,
473 1535 596 1584 'lisbouio
617 1534 693 1598 Asia,
716 1533 816 1584 Cimbro
833 1535 959 1601 Bithynia,
979 1535 1011 1584 Ι).

242 1603 318 1653 Bruto
341 1602 421 1652 Galba
444 1603 543 1652 citerior
561 1603 709 1654 decernitur.
745 1601 838 1652 Caesar
855 1612 938 1653 autern
956 1618 1014 1653 oum

242 1671 330 1721 lunare
347 1671 428 1720 elatus
442 1678 467 1719 et
480 1672 511 1720 ab
524 1673 632 1719 Antonio
651 1671 768 1720 laudatus
784 1678 860 1730 esset,
878 1671 969 1721 Brutus
989 1680 1014 1721 et

242 1737 345 1788 Cassius
363 1755 378 1789 a
395 1739 476 1804 plebis
493 1739 531 1789 ira
548 1739 597 1788 sibi
611 1745 751 1788 metuentes
762 1737 854 1789 Urbem
871 1739 1014 1801 relinquunt

242 1814 267 1856 et
283 1808 354 1857 Antii
376 1816 400 1858 et
416 1807 523 1858 Lanuvii
541 1813 733 1856 commorantur.
769 1806 893 1857 Antonius
916 1807 1014 1857 ltaliam

240 1884 376 1940 percursat
403 1875 488 1927 Cicero
502 1875 575 1926 villas
590 1888 650 1925 suas
668 1875 767 1935 lustrat;
785 1875 921 1939 scribitque
934 1868 1013 1926 libros

242 1945 273 1994 de
290 1953 383 1996 saturo
399 1945 509 2004 decreta,
527 1945 560 1994 de
578 1945 736 2004 marsone,
754 1945 786 1995 de
800 1943 913 2007 fatoftle
930 1946 1013 1994 ωηατ·-

240 2016 292 2073 tia,
318 2015 350 2063 de
367 2020 490 2063 senectute
507 2019 533 2061 et
549 2013 581 2061 de
595 2013 687 2077 picria.
722 2011 852 2062 Dolabella
871 2012 1013 2063 columnam

242 2082 268 2128 iu
286 2081 341 2130 loro
360 2094 375 2129 a
393 2080 468 2143 plebe
485 2078 585 2128 Caesam
608 2087 726 2129 statutam
743 2081 832 2131 evertit
846 2079 1013 2144 hominesque

241 2147 375 2196 seditiosos
390 2147 485 2196 ultimis
501 2147 631 2211 suppliciis
649 2147 732 2198 alilcit.
753 2147 781 2199 C,
795 2148 921 2208 Octavius,
938 2148 1012 2199 heres

241 2212 354 2264 Caesaris
373 2215 507 2279 Apollonia
525 2215 656 2279 Neapolim
676 2218 745 2267 venit
762 2216 828 2267 XIV.
845 2215 900 2266 Kal.
920 2216 1010 2267 Maias.

241 2280 358 2331 Kalendis
375 2283 452 2332 luniis
469 2291 597 2333 senatores
616 2299 672 2333 cum
689 2286 715 2333 in
732 2292 830 2344 sauata,
848 2293 877 2334 ut
886 2283 1012 2335 Antonius

241 2349 365 2409 edixerat,
384 2350 475 2401 adesse
489 2350 595 2411 vellent,
615 2367 740 2403 armorum
760 2355 814 2402 eius
831 2360 899 2403 metu
915 2361 1012 2417 perter-

240 2417 281 2464 riti
298 2417 441 2483 diffugiunt.
478 2418 563 2468 Cicero
580 2419 652 2470 villas
669 2421 722 2471 obit
738 2428 762 2470 et
778 2421 856 2471 libros
873 2421 905 2470 de
921 2422 1012 2485 officiis

240 2485 348 2535 scribere
371 2487 524 2552 aggreditur.
559 2487 590 2537 ltt
612 2504 669 2538 cum
689 2488 793 2538 baberet
814 2490 855 2538 ius
876 2488 1011 2555 legationis

240 2551 346 2613 liberae,
374 2555 506 2604 consilium
534 2557 600 2613 capit
614 2559 647 2616 in
669 2555 799 2607 Graeciam
823 2556 1009 2621 proficiscendi.

238 2620 326 2682 Itaque
345 2619 399 2670 ΧΠ.
421 2622 478 2676 Kal.
497 2621 585 2677 Sextil.
609 2624 682 2676 Velia
703 2624 878 2689 proficiscens,
903 2623 961 2688 (ubi
984 2629 1010 2675 iu

238 2689 296 2753 ipss
312 2689 473 2754 navigatione
493 2691 587 2754 Topica
602 2693 637 2742 ad
652 2693 795 2742 'lbebatiarn
811 2691 925 2758 scripsit)
943 2694 1010 2743 lihe-

238 2758 310 2822 gium
324 2765 350 2807 et
365 2756 420 2807 Kal.
433 2757 502 2809 Sext.
517 2758 653 2826 Syracusas
665 2762 742 2811 venit.
776 2762 838 2810 Inde
851 2769 954 2826 postero
968 2763 1010 2812 die

238 2839 303 2876 nava
320 2840 458 2877 conscensa
473 2830 556 2878 ventis
574 2830 681 2879 reiectus
699 2829 733 2878 ad
752 2829 935 2893 Leucopetram
951 2845 1009 2895 pro-

238 2892 389 2944 montorium
406 2897 461 2960 agri
475 2895 592 2963 Rhegini,
611 2912 668 2947 cum
681 2896 791 2962 Rhegini
808 2897 911 2960 quidam
928 2897 1011 2949 Roma

237 2964 365 3013 venientes
383 2977 413 3012 aa
428 2973 578 3025 narrassent,
596 2980 661 3028 quae
678 2980 750 3030 spem
767 2965 877 3016 lacerent
895 2964 963 3027 iore,
982 2975 1010 3016 nt

237 3029 360 3093 Antonius
376 3030 475 3082 cederet
489 3041 514 3082 et
524 3032 640 3083 Caesaris
657 3033 827 3084 interfectores
844 3033 952 3083 Romam
970 3049 1009 3083 re-

238 3097 332 3160 dirent,
351 3098 494 3150 Ciceronem
512 3116 572 3152 vere
588 3100 725 3151 desiderari
743 3109 776 3162 et,
795 3103 864 3165 quod
880 3101 947 3151 Urbe
965 3104 1010 3153 ab·

237 3174 313 3226 esset,
331 3170 444 3218 accusari
461 3169 594 3230 dixissent,
609 3169 772 3234 profectionis
789 3169 894 3219 consilio
911 3169 1009 3220 abiecto

236 3230 343 3285 Romam
360 3244 478 3301 properat
492 3243 517 3286 et
532 3237 598 3301 prid.
614 3237 669 3286 Kal.
688 3234 757 3301 Sept.
776 3239 803 3287 iu
820 3237 912 3288 Urbem
929 3239 1007 3288 venit.
1053 3297 1057 3301 p

237 3301 360 3351 Antonius
376 3304 433 3355 Kal.
448 3303 516 3369 Sept.
534 3304 649 3354 sonetum
664 3305 751 3356 babuit
769 3306 801 3355 de
817 3305 1009 3372 supplicationi-

236 3369 283 3417 bus
296 3368 397 3420 Caesari
411 3371 583 3422 decernendis.
603 3371 688 3423 Cieero
700 3375 727 3422 in
739 3381 855 3423 senatum
866 3388 917 3423 uon
930 3375 1008 3434 veuit,

235 3434 343 3487 fortasse
357 3447 471 3489 metuens
486 3441 519 3490 ab
529 3440 640 3490 Antonio
655 3442 770 3502 insidias,
788 3443 857 3492 misit
874 3450 960 3491 tamen
975 3442 1010 3492 ad
