2340 3788
361 195 447 257 cae.
461 204 495 258 ιι
506 204 593 259 -st
615 203 642 264 s.
657 206 822 263 roe—rra.
1045 200 1108 266 tto

80 343 213 423 legavit,
235 360 287 404 cas
302 344 351 406 hic
364 345 472 419 partim
486 347 515 404 in
531 346 636 406 hortos
651 346 785 420 Pompeii
799 346 981 423 depuravit,
998 352 1107 426 partim

80 429 114 490 in
130 429 232 487 vittam
248 426 409 502 Scipionis.

145 509 247 570 xtltt
266 508 335 571 110.
355 509 393 570 ttt
406 516 439 571 tu
452 508 481 569 in
498 509 636 572 Caesaris
650 510 794 570 memoria
809 509 960 584 diligeret
980 523 1012 574 tu
1024 516 1107 577 ilium

80 609 170 656 umas
187 599 358 655 mortuum?
372 590 466 665 Quem
482 591 510 652 is
524 593 670 653 honorem
684 592 827 653 maiorem
840 602 1023 655 consecutus
1032 608 1105 668 crat,

84 691 176 750 quam
191 683 224 735 ut
238 674 363 757 haberet
377 674 525 749 pulvinar,
539 674 739 749 simulacrum,
758 674 918 749 fastigium,
936 673 1107 739 flaminem?

81 759 139 818 Est
155 773 228 830 ergo
243 756 372 830 flamen,
386 764 419 817 ut
432 757 512 830 Iovi,
529 766 562 817 ut
574 758 675 831 Marti,
691 766 724 819 ut
735 757 874 831 Quirino,
889 759 936 818 sic
950 758 1020 817 divo
1032 759 1106 821 lulio

82 840 124 898 M.
151 840 325 899 Antonius?
363 838 445 911 Quid*
465 840 554 913 igitur
578 847 705 900 cessas?
738 841 796 901 Cur
819 857 880 901 nou
906 838 1108 914 inauguraret

81 922 178 982 Sume
201 921 295 980 diem:
318 919 387 980 vide
411 920 462 994 qui
481 929 512 983 tc
532 925 704 996 inaugura:
723 923 860 996 collegae
874 938 994 983 sumus:
1017 938 1106 982 nemo

81 1002 215 1078 nugubii.
249 1003 272 1063 0
288 1002 496 1064 detestabilem
510 1004 677 1077 homiuem,
693 1003 759 1065 sive
773 1006 857 1079 quod
872 1006 991 1080 tyranni
1006 1019 1107 1064 sacer-

82 1088 142 1149 dos
164 1102 198 1145 es
213 1085 280 1145 sive
296 1086 378 1158 quod
392 1084 516 1146 mortuil
540 1085 658 1158 Quaero
673 1087 834 1161 deinceps,
855 1103 926 1146 num
940 1087 1106 1148 hodiernus

83 1169 150 1227 dies
173 1167 224 1241 qui
245 1169 285 1227 sit
305 1167 448 1241 ignores?
467 1167 573 1234 Nescis
588 1168 652 1227 heri
668 1175 806 1242 quartum
819 1169 850 1230 ia
865 1169 951 1229 Circo
967 1170 1047 1229 diem
1061 1170 1107 1229 tu·

79 1251 192 1311 dorum
205 1251 410 1309 Romanorum
429 1248 548 1311 fuisset
567 1257 597 1310 te
617 1258 716 1311 autem
729 1255 829 1326 ipsum
843 1253 883 1311 ed
899 1254 1046 1326 poputum
1062 1259 1107 1312 tu·

79 1333 158 1391 iisse
175 1337 209 1391 ut
225 1331 347 1405 quintus
361 1339 518 1406 praeterea
532 1333 598 1393 dies
616 1334 737 1415 Caesari
751 1333 952 1396 tribuereturt
973 1336 1031 1395 cur
1044 1350 1106 1403 non
1144 1347 1148 1356 ·

81 1429 189 1473 sumus
212 1413 410 1487 praetextati?
437 1415 660 1476 Curhonorcm
683 1417 821 1477 Caesaris
843 1425 895 1478 tua
913 1418 981 1492 lege
1004 1419 1107 1478 datum

80 1495 184 1555 deseri
195 1495 345 1570 patimur
363 1513 401 1556 an
414 1499 653 1572 supplicationes
664 1501 807 1561 addendo
817 1499 898 1561 diem
909 1498 1107 1560 contaminari

80 1594 199 1651 passus
210 1594 260 1652 es,
275 1578 444 1653 pulvinaria
457 1580 601 1643 noluistit
621 1582 830 1654 Autuudiquc
844 1582 1020 1655 religionem
1033 1583 1106 1644 totto

80 1668 135 1720 eut
156 1674 392 1732 usquequaque
412 1674 570 1719 conserva.
613 1651 683 1723 111.
705 1660 831 1733 Quaeris
852 1666 1009 1736 placeatne
1033 1663 1107 1723 mihi

80 1739 223 1816 pulvinar
236 1756 322 1811 esse,
339 1741 505 1813 fastigium,
520 1738 681 1801 flaminem.
712 1741 784 1801 Mihi
803 1759 874 1803 vero
889 1743 961 1815 nihii
979 1743 1107 1803 istorum

80 1826 193 1899 piacet.
217 1821 280 1882 Sed
295 1829 336 1894 tu,
355 1821 407 1897 qui
419 1828 489 1882 aete
498 1820 637 1881 Caesaris
652 1821 799 1895 defendis
816 1823 889 1896 quid
902 1831 991 1896 petes
1005 1823 1107 1885 diccrc

81 1922 138 1966 cur
157 1905 216 1986 alia
237 1905 401 1976 defendas,
428 1901 487 1963 alia
506 1920 566 1964 nou
588 1910 699 1965 curcei
722 1902 787 1963 Nisi
806 1904 883 1966 iurte
903 1903 950 1965 vis
971 1906 1058 1966 fateri
1076 1912 1107 1965 te

81 1987 185 2049 omnia
198 1995 329 2062 quaestu
341 1995 408 2061 mo,
423 2003 484 2047 nou
499 1985 578 2047 iltius
591 1986 734 2062 dignitate
748 1986 854 2047 metiri.
882 1986 960 2060 Quid
977 1987 1106 2047 adhaec

80 2070 225 2131 tondemt
244 2070 399 2144 Exspecto
422 2068 502 2130 enim
523 2069 725 2146 eloquentiam
746 2079 835 2131 tuam.
869 2068 1107 2130 Disertissimum

80 2152 215 2228 cognovi
239 2168 330 2212 avum
355 2160 453 2214 tuum:
483 2160 516 2213 at
537 2161 567 2215 tc
591 2150 680 2213 etiam
704 2152 883 2227 apertiorem
909 2152 939 2213 iu
964 2152 1106 2215 diceudo.

80 2235 135 2297 lite
148 2250 312 2310 numquam
328 2237 428 2296 nudus
442 2243 490 2302 est
504 2234 709 2297 contionatus:
726 2243 809 2296 tuum
820 2232 950 2315 hominis
962 2233 1106 2309 simplicis

82 2325 191 2392 pectus
202 2315 344 2377 vidimus.
365 2316 620 2392 Respondebisne
631 2318 670 2377 ad
681 2318 778 2377 hacce
793 2316 975 2379 automnino
987 2317 1106 2379 hiscere

82 2397 234 2460 audebis?
254 2397 373 2472 Ecquid
394 2398 531 2474 reperies
550 2416 591 2463 ex
610 2408 670 2461 tarn
692 2401 782 2474 longa
798 2399 934 2461 oratioue
950 2415 1034 2471 mea,
1055 2395 1106 2459 cui

82 2490 112 2541 tc
138 2481 328 2556 respondere
354 2496 450 2554 posse
471 2483 630 2543 confidas?
661 2481 720 2542 Sed
742 2481 903 2556 praeterita
923 2480 1106 2543 omittamus.

82 2564 186 2626 XLIV.
214 2562 284 2627 112.
306 2562 393 2623 Hunc
408 2578 505 2625 uuum
525 2566 621 2637 diem,
641 2580 748 2636 unum,
769 2565 907 2638 inquam,
928 2562 1106 2623 hodiernum

82 2645 179 2720 diem,
194 2646 253 2706 hoe
268 2654 412 2720 punctum
424 2647 584 2721 temporis,
604 2664 664 2722 quo
678 2648 797 2721 loquor,
812 2645 952 2717 deiende,
967 2644 994 2703 si
1008 2651 1106 2718 potes.

82 2729 144 2790 Cur
164 2737 345 2790 armatorum
366 2744 480 2791 corona
502 2737 625 2790 senatus
640 2738 766 2804 saeptus
781 2735 849 2789 cstt
870 2742 986 2789 carme
1002 2725 1045 2787 tui
1059 2742 1107 2786 sa·

81 2810 193 2872 teliitcs
213 2827 284 2873 eum
297 2809 406 2885 gladiis
420 2809 566 2871 audiuutt
587 2827 640 2872 cur
656 2813 763 2872 valvae
777 2809 964 2873 Concordiae
977 2825 1039 2870 nun
1049 2823 1107 2882 pa-

81 2899 166 2957 tenta
186 2909 241 2954 cur
262 2893 399 2954 homines
421 2892 553 2955 omnium
572 2893 706 2968 gentium
720 2895 849 2955 maxime
863 2893 1027 2963 barbaros,
1047 2891 1108 2951 itu·

80 2991 184 3047 saeos,
204 2991 271 3044 cum
286 2974 403 3050 sagittis
417 2975 545 3037 deducis
562 2975 593 3037 in
608 2978 727 3041 iorum?
740 2974 888 3037 Praesidii
902 2975 950 3044 sui
965 2989 1059 3035 causa
1072 2989 1108 3034 sc

81 3059 185 3119 iacere
205 3059 287 3119 dicit
317 3059 424 3120 Nonne
443 3057 532 3132 igitur
546 3059 663 3121 miliens
679 3061 776 3134 perire
790 3065 837 3120 ast
850 3056 958 3119 melius
972 3073 1063 3132 quam
1077 3056 1108 3115 in

82 3157 141 3203 sua
155 3139 275 3201 civitate
287 3140 354 3203 sinc
364 3149 546 3204 armatorum
557 3141 710 3216 praesidio
723 3157 784 3202 non
796 3156 890 3215 posse
902 3138 1026 3200 viveret
1045 3137 1109 3200 Sed

81 3225 198 3285 nultum
221 3231 269 3284 est
290 3222 383 3296 istuc,
413 3222 485 3291 mihi
511 3225 616 3298 erede,
646 3224 841 3302 praesidium.
883 3220 1059 3285 cenatote
1080 3225 1110 3279 ct

81 3305 296 3367 benevolentia
331 3306 442 3367 civium
472 3316 609 3382 saeptum
639 3314 759 3382 oportet
791 3321 877 3379 esec,
917 3319 979 3365 uon
1007 3299 1108 3361 armis.

74 3386 156 3459 tte.
169 3386 329 3464 Eripietet
342 3389 535 3466 extorquebit
544 3388 599 3451 tibi
608 3388 667 3451 istc
677 3390 810 3465 populus
818 3389 983 3461 Romanus,
996 3384 1109 3447 utinam
