2340 3788
98 171 159 237 llo
296 168 347 226 DE
361 165 516 224 IMPERIO
533 166 588 239 CN.
602 163 754 222 ΡΟΜΡΕΙΙ
771 160 922 222 ORATIO.
1002 170 1007 187 '

98 337 165 381 rere
181 333 344 393 possumus
361 314 523 386 veritatem,
538 322 628 386 atque
639 312 698 372 hoc
713 310 840 381 facilius,
858 311 941 386 quod
955 325 994 370 ea
1007 309 1120 386 omnia,

101 418 178 477 quae
193 415 275 466 ame
288 398 387 457 adhuc
402 397 481 455 dicta
497 404 574 468 sunt,
594 394 684 454 iidem
698 393 749 454 isti
764 409 836 454 vera
850 409 921 453 essa
936 392 1118 465 concedunt,

100 493 129 545 et
143 481 349 542 necessarium
370 479 480 538 bellum
497 495 568 538 esse
586 486 616 536 et
632 471 773 551 m'agnum
794 483 823 536 et
840 476 868 534 in
885 492 946 535 uno
961 476 1014 535 On.
1031 475 1120 536 Pom-

99 565 170 642 peio
186 580 303 624 summa
317 577 387 622 esse
402 560 511 630 omnia.
544 559 592 620 52.
613 559 689 653 Quiri
705 560 794 633 igitur
809 558 850 618 ait
863 557 1067 619 Hortensius?
1087 557 1121 619 Si

99 646 152 708 uni
167 646 267 707 omnia
281 644 439 706 tribuenda
455 643 529 715 sint,
543 641 751 716 dignissimum
767 657 838 701 esse
851 640 1042 716 Pompeium,
1065 642 1122 701 sed

100 724 246 793 adunam
260 737 359 789 tamen
375 726 475 788 omnia
490 725 600 785 deferri
619 740 680 783 non
695 732 847 799 oportere.
884 723 1042 784 obsolevit
1061 724 1123 784 iam

100 814 159 873 ista
179 812 290 882 oratio,
312 828 346 870 re
367 811 458 869 multo
480 807 576 882 magis
594 823 684 881 quam
702 805 804 865 verbis
820 806 957 866 relutata.
999 807 1075 866 Nam
1090 816 1124 867 tu

100 895 195 967 idem,
216 895 249 968 Q.
263 892 420 963 Hortensi,
442 893 535 951 multa
548 906 603 963 pro
621 898 672 949 tua
689 904 804 948 summa
820 887 909 962 copia
924 903 961 948 ac
976 887 1124 964 singulari

102 979 242 1039 facultate
258 973 378 1036 dicendi
394 981 423 1032 et
437 971 468 1031 in
484 980 590 1031 senatu
607 980 712 1031 contra
728 971 825 1030 virum
840 972 963 1042 sortem,
979 973 1016 1030 A.
1033 971 1122 1031 Gabi-

101 1062 192 1131 nium,
209 1059 340 1134 graviter
355 1063 520 1130 ornateque
536 1053 647 1127 dixisti,
665 1071 755 1129 quum
769 1052 796 1114 is
811 1054 849 1113 do
862 1070 924 1113 uno
939 1053 1124 1128 imperatore

103 1152 207 1203 contra
227 1140 399 1215 praedones
418 1133 629 1198 constituendo
653 1139 750 1211 legem
774 1137 1010 1216 promulgasset,
1035 1145 1124 1196 etex

101 1225 161 1286 hoc
174 1224 242 1297 ipso
258 1224 326 1281 loco
342 1221 490 1293 permulta
504 1219 574 1279 item
591 1229 695 1280 contra
712 1235 779 1279 eam
795 1220 891 1292 legem
903 1217 1000 1277 verba
1014 1219 1123 1280 iecisti.

102 1307 152 1368 53.
174 1305 271 1376 butor
289 1312 358 1375 tum,
375 1318 429 1375 per
444 1303 519 1362 deos
533 1302 732 1362 immortales!
756 1301 782 1361 si
796 1302 866 1375 plus
880 1301 962 1374 apud
979 1302 1125 1377 populum

50 1420 53 1429 ν
102 1391 269 1460 Romanum
291 1384 454 1445 auctoritas
476 1393 527 1446 tuo
549 1403 639 1460 quam
658 1384 757 1458 ipsius
777 1383 884 1458 populi
896 1382 1026 1444 Romani
1040 1386 1124 1445 salus

103 1478 134 1530 et
149 1484 220 1529 vera
235 1483 330 1528 causa
343 1466 503 1537 valuisset,
523 1467 614 1528 hodie
629 1468 706 1527 hanc
722 1464 851 1541 gloriam
862 1474 952 1539 atque
967 1466 1027 1525 hoc
1041 1466 1124 1526 orbis

102 1560 200 1612 terrae
214 1549 375 1626 imperium·
387 1558 579 1610 teneremus?
602 1551 651 1608 An
664 1549 718 1610 tibi
732 1560 793 1610 tum
808 1547 965 1623 imperium
976 1549 1036 1608 hoc
1054 1565 1126 1609 osse

103 1633 269 1707 videbatur,
286 1648 378 1708 quum
390 1632 495 1707 populi
504 1631 632 1692 Romani
643 1631 742 1706 legati,
761 1639 939 1711 quaestores
951 1639 1125 1705 praetores-

105 1733 165 1791 que
180 1715 396 1790 capiebanturr
413 1720 562 1790 quum-‘ex
576 1714 715 1775 omnibus
730 1712 896 1790 provinciis
911 1721 1081 1774 commeatu
1094 1724 1127 1774 et

103 1799 221 1874 privato
247 1808 277 1860 et
300 1799 422 1874 publico
448 1797 703 1872 prohibebamur?
735 1813 827 1873 quum
847 1795 888 1856 ita
909 1798 1014 1857 clausa
1034 1796 1125 1857 nobis

104 1892 189 1944 eraut
202 1881 296 1942 maria
308 1881 419 1955 omnia,
434 1889 467 1942 ut
480 1898 580 1956 neque
595 1881 742 1957 privatam
756 1896 819 1940 rem
830 1878 1058 1940 transmarinam
1072 1896 1126 1940 ne·

106 1984 164 2041 quc
179 1965 334 2039 publicam,
345 1964 404 2025 iam
420 1963 504 2025 obire
516 1971 701 2039 possemus?

187 2050 292 2108 XVlll.
314 2046 364 2108 54.
393 2048 476 2121 Quae
498 2047 603 2107 civitas
625 2055 714 2106 antea
729 2062 873 2120 umquam
890 2046 958 2117 luit,
979 2060 1040 2103 non
1055 2043 1125 2104 dico

104 2122 342 2201 Atheniensium,
356 2147 434 2205 quae
446 2131 520 2190 satis
532 2131 590 2189 late
603 2129 756 2203 quondam
768 2145 849 2187 mare
861 2128 995 2188 tenuisse
1007 2126 1127 2201 dieitur,

106 2228 166 2271 non
186 2211 493 2286 Karthaginiensium,
521 2212 572 2286 qui
593 2213 770 2285 permultum
793 2212 892 2270 classe
912 2226 949 2269 ac
970 2207 1126 2270 maritimis

99 2294 197 2353 rebus
213 2293 381 2365 valuerunt,
396 2312 458 2355 non
473 2293 669 2366 Rhodiorum,
688 2310 816 2369 quorum
829 2309 928 2368 usque
940 2292 979 2367 ad
990 2299 1126 2373 nostram

106 2373 280 2436 memoriam
295 2375 456 2452 disciplina
469 2378 585 2436 navalis
602 2384 633 2436 et
647 2374 742 2451 gloria
756 2375 910 2449 remansit,
926 2390 1005 2450 quae
1018 2373 1126 2434 civitas

105 2474 249 2533 umquam
269 2467 357 2517 antea
374 2467 434 2519 tam
454 2458 566 2530 tenuis,
589 2468 650 2518 tam
670 2476 765 2534 parva
784 2460 883 2518 insula
900 2457 954 2518 luit
972 2473 1051 2531 quae
1065 2474 1125 2517 non

105 2550 212 2618 portus
228 2557 301 2600 suos
320 2549 349 2599 et
368 2558 459 2615 agros
474 2550 504 2601 et
519 2540 650 2616 aliquam
667 2551 782 2617 partem
796 2541 930 2614 regionis
945 2548 1036 2614 atque
1055 2556 1127 2599 orae

105 2623 271 2684 maritimae
285 2639 340 2698 per
355 2639 389 2682 se
403 2623 471 2697 ipsa
486 2625 683 2685 detenderet?
709 2627 749 2685 At
762 2624 885 2682 hercule
899 2622 1015 2697 aliquot
1028 2638 1127 2682 annos

106 2706 266 2766 continuos
281 2712 350 2764 ante
364 2707 461 2779 legem
478 2705 632 2765 Gabiniam
647 2709 697 2766 ille
713 2707 844 2780 populus
858 2707 1025 2778 Romanus,
1038 2704 1126 2765 cuius

104 2790 264 2864 usque-ad
284 2795 417 2849 nostram
433 2788 607 2848 memoriam
622 2806 730 2849 nomeu
753 2787 896 2848 invictum
916 2787 946 2847 in
966 2785 1126 2861 navalibus

106 2871 215 2943 pugnis
228 2871 433 2946 permanserit,
447 2887 602 2945 magnaeo
613 2873 705 2932 multo
721 2870 851 2947 maxima
865 2866 950 2947 parte
961 2888 1023 2931 non
1034 2870 1126 2930 modo

106 2951 255 3024 utilitatis,
275 2956 331 3014 sed
345 2953 495 3029 dignitatis
513 2963 604 3029 atque
618 2953 735 3028 imperii
750 2953 860 3013 caruit=
887 2951 938 3015 55.
959 2970 1031 3026 noS,
1051 2969 1128 3028 quo·

106 3048 172 3090 rum
182 3033 311 3096 maiores
321 3037 503 3097 Antiochum
514 3053 616 3112 regem
628 3038 727 3097 classe
738 3037 924 3111 Persemque
935 3044 1128 3110 superarunt,

108 3114 308 3189 omnibusque
328 3119 484 3179 navalibus
506 3118 616 3194 pugnis
630 3119 912 3194 Karthaginienses,
934 3117 1074 3180 homines
1095 3117 1129 3178 in

107 3195 262 3256 maritimis
275 3200 365 3260 rebus
387 3200 653 3262 exercitatissimos
675 3200 958 3277 paratissimosque,
979 3202 1129 3276 vicerunt,

107 3279 129 3338 ii
145 3280 225 3339 nullo
240 3277 270 3337 in
285 3281 353 3340 loco
368 3282 427 3342 iam
440 3284 643 3359 praedonibus
659 3301 750 3359 pares
764 3301 835 3345 esse
845 3293 1036 3359 poteramus:
1058 3301 1128 3357 nos,

110 3362 161 3434 qui
181 3370 268 3422 antea
290 3378 349 3422 non
366 3367 457 3426 modo
480 3364 593 3429 ltaliam
608 3375 700 3431 tutam
720 3366 921 3445 habebamus,
946 3367 1003 3428 sed
1020 3383 1131 3427 omnes
