2340 3788
106 177 168 242 rto
201 174 283 236 nvn.
297 171 506 233 cnrrmuunr
517 168 628 230 onor.
639 170 689 229 nr.
711 169 1059 236 cnr.1-a.s.1-a

106 325 247 397 breviter,
266 324 410 398 Quirites,
426 332 460 382 ut
475 329 506 382 et
526 328 639 396 quante
653 328 684 381 et
701 338 762 395 qua
776 320 894 381 ratione
907 319 1091 396 investigata
1104 331 1139 382 ct

109 407 331 483 comprehensa
348 405 408 467 sint
422 420 494 477 vos,
516 403 569 480 qui
581 403 737 477 ignoratis,
751 420 792 465 ex
807 402 883 465 actis
902 403 983 464 scire
997 403 1137 479 possitis.

190 489 351 565 Principio,
367 497 400 549 nt
414 487 540 547 Catilina
554 486 663 562 paucis
675 494 746 546 ante
760 487 868 547 diebus
881 486 982 561 erupit
995 503 1037 547 ex
1050 488 1135 560 urbe,

109 590 201 652 quum
211 572 338 634 sceleris
352 572 400 632 sui
414 570 534 644 socios,
555 570 684 630 huiusce
698 569 806 630 nelarii
820 568 892 630 belli
903 568 1071 630 acerrimos
1083 571 1136 631 du-

108 674 172 732 ces,
186 659 301 718 Romae
316 654 507 731 reliquisset,
522 669 645 728 semper
661 651 784 729 vigilavi
797 662 828 713 et
844 652 978 729 providi,
996 652 1136 726 Quirites,

106 739 396 817 quemadmodum
416 734 552 796 intentis
573 744 604 796 et
623 743 683 796 tam
705 735 893 804 absconditis
913 735 1035 796 insidiis
1059 737 1137 796 salvi

108 841 178 886 esse
193 826 367 899 possemus.
404 820 440 879 ΙΙ.
469 820 544 878 Nam
558 828 629 891 tum,
647 836 740 894 quum
757 835 797 878 ex
814 819 889 879 urbe
907 817 1066 878 catilinam
1083 818 1135 879 eii-

108 908 225 969 ciebam
240 920 359 964 -non
374 902 454 962 enirn
469 901 527 961 iam
542 917 652 983 vereor
665 902 755 962 huius
771 901 857 962 verbi
870 900 1026 973 invidiam,
1045 918 1146 977 quum·

106 991 159 1052 illa
172 989 269 1064 magis
284 988 323 1048 sit
336 985 478 1058 timenda,
495 986 579 1061 quod
594 983 682 1045 vivus
694 983 803 1045 exierit
816 1018 867 1057 -,
882 985 1023 1059 sedtum,
1043 1003 1137 1061 quum

108 1075 193 1134 illurn
201 1069 395 1133 exterminari
405 1069 555 1141 volebam,
567 1068 774 1143 autreliquam
781 1066 1007 1128 coniuratorum
1014 1085 1137 1129 manum

108 1155 349 1218 simulexituram
360 1161 483 1223 anteos,
498 1151 549 1227 qui
555 1150 745 1223 restitissent,
757 1149 969 1212 infirmossinc
979 1151 1138 1211 illoacde-

106 1236 185 1299 biles
196 1238 261 1298 lore
273 1235 425 1311 putabam.
439 1233 470 1298 4.
478 1238 579 1310 Atque
591 1250 659 1309 ego,
670 1243 703 1297 ut
714 1233 786 1306 vidi,
799 1250 878 1309 quos
888 1234 1022 1295 maximo
1034 1235 1138 1296 lurore

108 1328 139 1381 et
149 1316 550 1381 scelereesseinllammatos
562 1316 706 1392 sciebam,
720 1314 942 1378 eosnobiscum
955 1333 1028 1378 esse
1039 1318 1138 1378 etRo-

108 1419 177 1463 mae
190 1403 390 1473 remansisse,
406 1400 437 1460 in
453 1418 490 1462 eo
507 1401 695 1462 omnes‘dics
710 1408 880 1476 noctesque
894 1400 1088 1476 consumpsi,
1104 1410 1139 1461 ut

109 1485 184 1560 quid
196 1493 330 1560 agerent,
341 1483 415 1559 quid
427 1483 611 1556 molirentur,
627 1484 771 1545 sentirem
783 1500 820 1544 ac
833 1483 983 1558 viderem,
996 1492 1043 1557 ut,
1057 1500 1138 1558 quo·

107 1569 188 1629 niam
203 1567 328 1628 auribus
339 1567 450 1627 vestris
465 1568 589 1642 propter
600 1567 809 1628 incredibilem
821 1562 1057 1642 magnitudinem
1067 1582 1136 1626 sce·

108 1650 180 1713 leris
192 1651 339 1729 minorem
349 1650 440 1710 fidem
452 1653 566 1710 laceret
573 1651 753 1722 oratiomea,
765 1666 830 1711 rem
844 1650 886 1711 ita
897 1649 1137 1727 comprehende·

108 1752 181 1808 rem,
198 1743 230 1795 ut
241 1743 304 1795 tum
319 1734 440 1795 demum
453 1732 561 1793 animis
579 1734 669 1795 saluti
683 1742 804 1795 vestrae
816 1733 1028 1809 provideretis,
1041 1750 1137 1809 quum

16 1864 19 1869 -
110 1818 207 1879 oculis
224 1816 406 1878 maleficium
421 1817 521 1892 ipsum
535 1816 689 1879 videretis.
707 1819 813 1892 ltaque
824 1825 856 1877 ut
868 1816 1003 1892 comperi
1017 1818 1136 1891 legatos

107 1902 307 1976 Allobrogum
318 1900 586 1976 belli'l'mnselpini
596 1910 626 1962 ct
635 1898 1052 1962 tumultusGallioiexcitandi
1062 1915 1138 1960 cau-

109 1986 212 2046 saaP.
223 1985 350 2045 Lentulo
367 1984 633 2058 essesollicitatos,
644 2000 763 2059 eosque
774 1983 805 2043 in
817 1983 944 2043 Galliam
956 1985 996 2044 ad
1007 1998 1082 2045 suos
1095 1982 1137 2042 ci-

107 2083 164 2127 ves
178 2069 350 2142 eodemque
372 2067 479 2128 itinere
500 2084 568 2127 curn
580 2065 685 2127 litteris
703 2066 917 2142 mandatisque
927 2068 968 2126 ad
981 2066 1139 2127 Catilinam

110 2166 182 2210 esse
196 2151 323 2224 missor,
340 2153 544 2225 comitemque
558 2150 596 2210 iis
612 2150 786 2209 adiunctum
801 2164 874 2210 esse
886 2150 918 2209 T.
935 2150 1138 2216 Volturcium,

109 2240 202 2307 atque
222 2233 292 2294 hnic
307 2250 378 2295 csse
393 2235 434 2294 ad
447 2232 602 2294 Catilinam
618 2233 704 2292 datas
727 2232 857 2305 litteras,
876 2235 1045 2294 fucultatem
1064 2232 1139 2292 milri

110 2316 240 2378 oblatam
255 2317 367 2391 putavi,
382 2327 423 2389 ut,
441 2318 524 2392 quod
535 2324 599 2376 erat
608 2315 815 2376 difficillimum
829 2318 973 2392 qnodque
983 2331 1042 2389 ego
1054 2331 1138 2375 sern-

108 2417 164 2474 per
171 2401 314 2474 optabam
323 2401 363 2459 ab
372 2401 419 2460 dis
427 2398 655 2470 immortalibus
666 2407 786 2460 totores
797 2414 858 2459 non
870 2401 969 2460 solum
979 2414 998 2457 a
1007 2414 1065 2470 me,
1079 2399 1139 2458 sed

110 2482 200 2542 etiam
215 2499 233 2541 a
248 2491 356 2542 senatu
370 2493 401 2544 et
415 2500 434 2543 a
448 2483 536 2543 vobis
548 2482 709 2544 manilesto
724 2482 1012 2558 deprehenderetur.
1033 2480 1063 2542 5.
1078 2482 1138 2541 lte-

110 2582 170 2640 que
194 2565 337 2625 hesterno
360 2566 411 2625 die
430 2565 464 2625 L.
484 2566 626 2627 Flaccum
653 2574 683 2626 el
708 2567 739 2626 C.
759 2567 950 2642 Pomptinum
967 2573 1138 2641 praetores,

109 2648 293 2712 fortissimos
307 2657 399 2722 atque
409 2649 635 2710 amantissimos
650 2650 695 2710 rei
706 2649 849 2725 publicae
859 2651 954 2722 viros,
968 2651 1010 2710 ad
1021 2665 1070 2709 me
1082 2665 1137 2708 vo-

110 2732 187 2806 cavi,
201 2749 265 2792 rem
279 2731 420 2806 exposui,
436 2732 510 2807 quid
523 2733 589 2793 lieri
604 2735 739 2808 placeret
750 2733 880 2794 ostendi.
901 2733 948 2794 llli
958 2739 1067 2803 autern,
1085 2731 1139 2804 qui

111 2817 212 2875 omnia
229 2818 316 2877 dere
330 2815 452 2890 publica
468 2817 625 2890 praeclara
639 2826 732 2892 atque
749 2816 872 2891 egregia
886 2817 1046 2887 sentirent,
1068 2814 1137 2874 sine

109 2900 301 2960 recusatione
311 2915 347 2960 ac
359 2898 425 2959 sine
437 2901 498 2960 ulla
508 2916 594 2960 mora
605 2900 766 2975 negocium
773 2907 1025 2975 susceperuntct
1043 2914 1139 2972 quum

109 2979 396 3056 advesperasceret,
425 2985 544 3044 occulte
566 2984 607 3042 ad
623 2992 746 3058 pontem
764 2982 909 3043 Mulvium
929 2991 1138 3058 pervenerunt

110 3069 201 3134 atque
218 3064 260 3124 ibi
272 3066 302 3125 in
317 3064 465 3142 proximis
479 3067 559 3125 villis
581 3065 624 3125 ita
641 3066 785 3141 bipertito
806 3067 942 3136 luerunt,
964 3075 1008 3126 -ut
1018 3064 1138 3126 Tiberis

109 3143 255 3204 intereos
269 3158 300 3208 et
314 3166 393 3224 pons
408 3149 578 3209 interesset
599 3150 715 3210 Eodem
727 3159 825 3210 autem
836 3159 865 3210 et
880 3148 941 3224 ipsi
956 3149 1023 3209 sine
1035 3150 1137 3210 cuiue

110 3242 202 3303 quam
221 3231 397 3303 suspicione
417 3234 529 3292 multos
551 3232 645 3293 lortes
660 3234 742 3294 viros
759 3232 943 3305 eduxerant,
974 3241 1005 3292 et
1025 3249 1085 3307 ego
1101 3247 1140 3291 cx

109 3311 301 3388 praefectura
316 3315 442 3373 Reatina
460 3316 632 3390 complures
654 3317 791 3377 delectos
812 3317 1042 3388 adolescentes,
1062 3332 1138 3390 quo·

108 3408 175 3457 rum
192 3409 288 3470 opere
297 3403 365 3455 utor
375 3397 504 3458 adsidue
519 3398 550 3458 in
561 3401 605 3459 rei
616 3397 757 3473 publicae
766 3396 930 3474 praesidio,
944 3414 1013 3459 cum
1027 3396 1140 3474 gladiis
