2340 3788
383 116 473 176 aaa
487 122 618 180 as-ar.
638 124 810 185 ssu-oa
1049 131 1095 197 05

25 304 29 313 .
58 265 217 345 perdives
231 272 263 325 et
274 264 401 338 nobilis,
416 243 678 328 Laurianomines
688 286 744 344 per
755 271 916 335 triennium
929 274 989 351 isli,
1003 279 1096 354 plena

60 353 161 413 domo
185 349 329 419 telarum,
356 351 520 423 stragulam
536 357 653 410 vestem
674 354 820 430 coniecit,
845 358 919 418 nihil
939 359 999 423 nisi
1020 377 1094 422 con·

60 431 171 511 chylio
186 430 329 493 tinctum:
351 433 486 505 Attalus,
502 433 594 494 homo
610 433 811 511 pecuniosus,
831 440 912 513 Neti,
934 441 1018 519 Lyso
1044 444 1094 504 Li·

64 514 186 595 lybaai‚
209 510 357 574 Critolaus
377 518 511 584 Aetnae,
534 515 700 591 Syracusis
721 519 883 595 Aeschrio,
905 524 1095 599 Cleomenes,

64 599 298 668 Theomnastus,
318 597 424 658 Helori
443 597 646 658 Archonidas.
671 599 744 658 Dies
765 616 813 658 me
829 602 918 664 citius
938 607 1093 681 deiecerit,

65 697 161 757 quam
181 679 312 740 nomina.
344 681 416 754 lpse
430 680 521 739 dabat
535 695 717 755 purpuram,
729 689 844 742 tantum
858 703 982 760 operam
996 692 1094 751 amici.

66 764 177 825 credo.
212 763 276 821 lam
291 761 371 820 enim
385 778 445 821 non
462 762 534 822 libet
549 762 649 822 omnia
667 763 831 824 criminari=
847 769 936 841 quasi
950 769 1008 830 hoe
1021 774 1095 832 mihi

66 863 128 907 uon
153 841 231 906 satis
251 845 291 905 sit
311 846 352 904 ad
375 843 488 903 crimen
509 844 654 906 habuisse
674 854 736 907 tam
755 849 881 909 multum
903 852 985 924 quod
999 853 1094 927 daret,

65 929 206 990 voluisse
220 928 384 1002 deportare
399 934 460 986 tam
474 929 580 999 mulla,
598 928 822 1006 hocdenique,
845 933 928 1007 quod
946 936 1095 1010 concedit,

66 1011 234 1073 amicorum
259 1009 362 1085 operis
389 1024 460 1070 esse
484 1010 515 1069 in
538 1010 668 1071 huiusce
688 1013 771 1073 modi
798 1015 891 1075 rebus
913 1032 1012 1076 usum.
1043 1018 1094 1079 etl.

67 1096 131 1155 lum
147 1110 221 1154 vero
237 1094 334 1154 lectos
349 1101 470 1153 aeratos
485 1101 516 1154 et
529 1095 712 1154 candelabra
727 1099 823 1157 ae'nea
843 1115 914 1158 num
935 1099 986 1159 cui
1006 1116 1094 1175 prue-

65 1187 114 1240 ter
133 1177 226 1237 istum
247 1174 412 1252 Syracusis
439 1191 498 1252 per
517 1177 678 1238 triennium
698 1178 780 1240 iacta
802 1197 882 1241 esse·
894 1178 1097 1244 existimatis?

65 1260 204 1321 Emebat
241 1260 347 1320 Credo.
384 1259 446 1320 Sed
470 1267 584 1320 tantum
599 1277 655 1321 vos
675 1260 837 1336 certiores,
859 1264 992 1338 iudices,
1014 1266 1094 1326 iacio

66 1343 144 1421 quid
159 1343 217 1404 iste
234 1342 264 1402 in
279 1341 438 1416 provincia
453 1353 578 1418 praetor
591 1343 700 1421 egerit,
722 1361 762 1405 ne
775 1346 824 1407 oui
841 1348 918 1408 lorte
934 1347 1100 1423 negligens

65 1425 192 1487 nimium
212 1426 309 1486 luisse
334 1427 473 1487 videatur
495 1443 597 1503 neque
617 1442 652 1487 se
673 1427 763 1500 satis,
793 1446 886 1505 quum
911 1437 1094 1506 potestatem

65 1509 219 1582 habuerit,
240 1509 421 1570 instruxisse
435 1518 466 1571 et
480 1526 617 1570 ornasse.
957 1566 969 1591 ,

152 1593 271 1652 XXVII.
301 1591 400 1653 Venio
417 1608 500 1651 nunc
512 1609 574 1653 non
592 1592 651 1651 iam
673 1593 712 1652 ad
732 1594 858 1665 lurtum,
878 1609 940 1653 non
960 1596 1001 1655 ad
1020 1612 1094 1656 ava·

64 1674 180 1747 ritiam,
202 1692 264 1735 non
279 1675 319 1733 ad
334 1673 543 1748 cupiditatem,
567 1675 624 1733 sed
645 1672 809 1734 eiusmodi
827 1675 960 1748 lacinus,
981 1679 1012 1736 in
1031 1696 1094 1753 quo

64 1758 170 1820 omnia
186 1759 302 1816 nefaria
318 1756 465 1815 contineri
478 1755 551 1812 mihi
564 1763 656 1824 atque
669 1755 772 1815 inesse
788 1755 966 1830 videantur,
982 1759 1012 1816 in
1030 1777 1093 1833 quo
1144 1756 1150 1770 '

63 1840 298 1903 diimmortales
323 1836 444 1907 violati,
465 1833 646 1894 existimatio
668 1843 760 1910 atque
780 1837 944 1896 auotoritas
963 1839 1095 1900 nominis

63 1919 177 2001 populi
193 1917 321 1980 Romani
336 1915 505 1990 imminuta,
523 1914 687 1991 hospitium
703 1917 866 1994 spoliatum
880 1934 919 1999 ac
933 1920 1092 1994 proditum,

58 2001 232 2068 abalienati
248 2002 364 2062 scelere
379 1999 468 2061 istins
483 1999 601 2062 anobis
617 2016 724 2061 omnes
738 2016 829 2076 reges
844 1999 1019 2079 amicissimi
1040 2021 1094 2063 na-

62 2089 245 2161 tionesque,
261 2082 385 2160 quaein
402 2100 507 2144 eorunm
521 2100 616 2159 regno
638 2083 809 2160 sedicione
831 2093 910 2145 sunt.
942 2084 993 2149 ul.
1018 2087 1096 2147 liam

63 2186 158 2247 reges
171 2167 295 2244 Syriae,
310 2165 392 2241 regis
409 2167 552 2228 Antiochi
566 2167 646 2228 lilios
662 2184 792 2243 pueros,
806 2168 891 2245 scitis
908 2170 1023 2233 Romae
1037 2188 1093 2231 nu-

64 2270 122 2333 per
146 2251 258 2312 lulssex
282 2250 333 2325 qui
354 2259 499 2311 venerant
520 2268 580 2312 non
601 2254 728 2327 propter
743 2250 850 2328 Syriae
861 2269 1000 2329 regnum=
1022 2270 1094 2315 nam

66 2338 100 2397 id
118 2336 185 2395 sine
205 2333 413 2394 conuoversia
433 2334 623 2407 obtinebant,
643 2345 676 2395 ut
698 2353 716 2395 a
737 2342 822 2410 patre
841 2345 871 2398 et
889 2340 916 2396 a·
926 2337 1093 2399 maioribus

65 2425 265 2494 acceperant:
280 2418 338 2478 sed
351 2432 478 2492 regnum
497 2417 630 2496 Aegypti
652 2420 692 2479 ad
713 2435 748 2479 se
769 2427 799 2485 et
818 2419 858 2479 ad
877 2419 1010 2481 Selenen
1029 2436 1092 2477 ma-

65 2511 144 2564 trem
170 2516 258 2561 suam
283 2500 435 2574 pertinere
464 2500 692 2562 arbitrabantur.
727 2501 765 2561 lli
786 2502 846 2577 ipsi
868 2512 1094 2577 posteaquam

65 2583 257 2663 temporibus
272 2583 318 2643 rei
332 2583 474 2659 publicae
488 2583 605 2643 exclusi
620 2600 676 2658 per
689 2579 827 2646 senatum
841 2601 933 2659 agere
948 2599 1027 2658 quae
1038 2599 1093 2643 vo-

66 2671 185 2730 luerant
198 2684 260 2728 non
275 2673 447 2742 potuerunt,
463 2664 493 2724 iu
506 2664 625 2741 Syriam
640 2666 669 2725 in
683 2684 810 2743 regnum
824 2666 955 2742 patrium
965 2666 1093 2740 proiecti

66 2759 148 2815 sunt.
179 2750 292 2811 Eorum
306 2751 397 2822 alter,
413 2748 465 2824 qui
478 2749 646 2808 Antiochus
661 2758 801 2822 vocatur,
819 2750 875 2809 iter
889 2764 945 2822 per
960 2747 1093 2809 Siciliam

66 2837 170 2896 lacere
186 2833 291 2896 voluit.
326 2833 431 2907 ltaque
446 2831 504 2892 isto
520 2840 659 2905 praetore
676 2833 758 2892 venit
772 2832 952 2908 Syracusas.
970 2830 1020 2892 62.
1035 2832 1092 2892 llic

65 2921 183 2978 Verres
198 2914 397 2988 hereditatem
411 2914 469 2975 sibi
484 2916 609 2974 venisse
623 2912 783 2974 arbitratus
798 2920 859 2983 est,
883 2914 965 2989 quod
978 2914 1008 2975 in
1024 2915 1091 2977 eius

66 3017 194 3076 reguum
215 3017 251 3060 ae
277 3016 385 3060 manus
410 3008 533 3058 venerat
552 2997 594 3071 is,
613 3010 701 3072 quern
721 2996 780 3058 iste
797 3003 827 3055 et
847 2988 1095 3059 audierat'multa

67 3100 174 3146 secum
189 3084 346 3158 praeclara
360 3082 472 3142 habere
487 3089 517 3141 et
532 3080 753 3156 suspicabatur.
783 3079 872 3141 Mittit
890 3082 1002 3143 homini
1026 3099 1095 3141 mu-

66 3184 142 3229 nera
157 3165 231 3227 satis
246 3168 330 3241 large
342 3165 419 3225 haec
433 3164 473 3224 ud
487 3160 577 3225 usum
591 3164 805 3224 domesticum:
829 3162 902 3236 olei,
923 3165 986 3224 vini
1008 3164 1091 3239 quod

65 3251 169 3311 visum
184 3257 245 3309 est:
268 3250 358 3309 etiam
374 3247 464 3308 tritici
481 3248 565 3322 quod
583 3247 657 3307 satis
679 3255 775 3319 esset,
798 3247 836 3307 de
857 3248 922 3308 suis
943 3245 1091 3307 decumis.

65 3333 185 3395 Deinde
213 3331 313 3408 ipsum
335 3347 438 3407 regem
464 3332 504 3390 ad
527 3346 654 3392 coenam
672 3329 809 3391 vocavit:
840 3338 972 3391 exornat·
991 3329 1095 3402 ample

126 3427 294 3473 crocatur.
880 3414 902 3476 b
