2332 3772
80 193 124 259 ss
240 197 313 259 aaa
336 197 418 258 sua
438 194 575 258 Roscio
596 194 770 257 musano
791 144 951 256 anano,

85 351 171 423 iuria,
186 354 349 425 propterea
366 348 449 422 quod
462 346 607 408 auxilium
623 346 681 408 sibi
695 362 731 407 se
744 354 830 422 putat
844 344 1034 421 adiunxisse,
1047 344 1087 421 qtu‘

86 449 155 494 cum
173 434 268 491 altero
283 446 347 491 rem
362 430 600 490 communicavit.
641 430 690 489 Ad
710 429 797 490 cuius
817 428 908 504 igitur
925 428 1016 489 iidem
1029 444 1086 489 coi·

86 515 189 590 fugiet,
206 529 298 587 quum
316 530 370 587 per
384 514 450 573 eius
464 514 556 574 fidem
569 512 697 572 laeditur
711 512 761 573 cui
776 527 811 574 se
828 511 1035 573 commiseritt
1045 512 1094 573 div·

87 597 139 673 qui
159 614 197 657 ea
218 604 289 657 sunt
304 596 569 656 animadvertenda
583 602 709 669 peccata
725 594 872 668 maxime,
890 610 970 669 quae
983 592 1096 657 diffidi:

86 681 155 740 lime
172 688 399 754 praecaventur
426 679 508 738 Tecti
522 694 592 739 esse
605 679 645 737 ad
664 677 781 738 alienos
803 694 985 753 possumus·
1006 672 1096 772 iniisti-5

85 765 178 824 matta
194 763 345 837 apertiore
359 763 480 822 videant
494 760 949 821 necesseest·soc1umcavere
964 761 1015 835 qui
1026 772 1096 835 pot·-

87 853 212 908 sumust
227 862 317 942 quem
327 844 417 904 etiam
434 843 461 903 si
474 844 642 915 metuimus,
659 843 708 903 ius
723 843 817 903 officii
831 843 989 903 laedimus.
1008 842 1096 907 Rediit

86 929 176 1004 igitur
192 929 322 989 maiores
340 943 417 998 eum,
432 926 483 999 qui
501 925 617 985 socium
638 926 681 985 ici
668 925 825 1000 ieiiisset,
817 943 847 985 m
858 925 994 985 virorum
1006 925 1096 989 boue!

86 1030 152 1073 rum
172 1027 295 1073 numero
316 1025 377 1069 uon
399 1016 539 1083 putarunt
561 1008 664 1068 haberi
685 1017 833 1083 oportere.
877 1005 948 1070 117.
972 1012 1012 1067 At
1025 1018 1094 1067 vett·

86 1097 119 1155 Τ.
132 1095 264 1155 Roscius
278 1109 338 1152 non
358 1107 450 1150 unum
471 1091 515 1151 rei
535 1090 727 1166 pecuniariae
742 1091 859 1152 socium
873 1089 992 1162 fefellit,
1007 1086 1089 1164 (iffi.

87 1176 206 1237 tametsi
224 1189 317 1249 grave
332 1181 394 1247 est,
415 1182 512 1235 tumen
535 1174 748 1248 aliquomodo
771 1189 866 1248 posse
890 1173 961 1234 terri
976 1171 1096 1243 videtui.

90 1274 193 1317 verum
215 1272 325 1317 novem
344 1256 481 1317 honines
501 1255 698 1329 fortissimos,
726 1255 864 1317 eiusdem
884 1254 1031 1325 muneris,
1051 1254 1091 1313 ie'

88 1338 229 1414 gationis,
245 1338 338 1399 officii
354 1341 623 1413 mandatorumque
638 1339 740 1400 socios
761 1338 887 1412 induxit,
904 1338 1031 1412 decepit,
1044 1335 1086 1395 dt·

88 1420 195 1493 stituit,
217 1421 399 1482 adversariis
414 1423 550 1496 tradidit,
573 1422 654 1482 omni
669 1422 775 1482 fraude
789 1429 820 1482 et
840 1420 970 1496 pertidia
983 1416 1085 1481 teieiiitv

89 1504 140 1580 qui
156 1505 194 1564 de
210 1503 277 1565 eius
298 1507 414 1565 scelere
433 1506 581 1600 suspicari
598 1505 670 1564 nihii
682 1511 851 1579 potuerunt,
877 1503 994 1564 socium
1007 1496 1088 1561 oidcii

88 1594 222 1647 metuere
237 1603 298 1648 non
312 1588 489 1660 debuerunt,
504 1587 570 1648 eius
581 1587 722 1647 malitiam
733 1602 795 1648 non
809 1586 959 1660 viderunt,
974 1580 1088 1647 orationi

90 1686 186 1731 vanae
207 1670 408 1731 crediderunt.
444 1673 550 1746 ltaque
570 1686 649 1730 nunc
669 1669 711 1729 itti
735 1669 873 1730 homines
898 1662 1088 1729 honestissimi

88 1761 212 1828 propter
236 1752 324 1814 istius
353 1753 480 1816 insidias
506 1770 613 1829 parum
641 1760 781 1828 putantur
814 1753 894 1813 cauti
905 1740 1089 1841 providique

88 1836 201 1909 fuisse3
229 1837 301 1911 iste,
324 1838 375 1912 qui
395 1837 480 1899 initio
502 1836 638 1912 proditor
661 1835 730 1909 tuit,
738 1834 864 1894 deinde
889 1835 1028 1910 perfuga,
1046 1826 1088 1905 qui

89 1921 185 1995 primo
203 1920 354 1992 sociorum
369 1921 498 1982 consilia
510 1918 695 1980 adversariis
717 1917 904 1989 enunciavit,
926 1916 1036 1977 deinde
1048 1928 1088 1974 so

89 2003 226 2063 cietatem
240 2020 308 2063 cum
322 2003 398 2078 ipsis
414 2002 598 2064 adversariis
613 2001 692 2073 coiit,
714 2009 805 2061 terret
825 2000 914 2061 edam
927 2015 985 2060 nos
998 2014 1034 2058 ac
1046 1992 1089 2056 mi

89 2094 184 2157 natur,
198 2084 293 2144 tribus
313 2085 454 2159 praediis,
470 2084 529 2143 hoc
548 2090 595 2144 est
615 2084 757 2157 praemiis
771 2083 906 2155 sceleris,
921 2078 1089 2144 ornatuslu

88 2165 249 2225 eiusmodi
263 2166 332 2238 vita,
348 2165 498 2237 iudices,
489 2182 520 2223 m
535 2165 583 2224 his
599 2166 804 2241 tottantisque
818 2163 941 2240 flagitiis
952 2166 1010 2225 hoc
1027 2176 1089 2237 que

90 2264 150 2320 que
167 2247 361 2321 maleficium,
384 2250 423 2308 de
445 2264 504 2322 quo
525 2246 667 2307 iudicium
684 2256 739 2322 est,
752 2247 921 2323 reperietis.
963 2244 1089 2309 tta-tit-

89 2330 169 2389 enim
185 2344 330 2403 quaerere
344 2330 386 2391 ita
399 2329 531 2391 debetis=
552 2329 602 2389 ubi
616 2332 708 2391 muita
721 2348 828 2404 avare,
844 2331 937 2391 matta
951 2331 1090 2397 audacter,

89 2414 182 2473 muita
196 2411 347 2486 improbe,
368 2415 461 2473 muita
481 2413 645 2487 perfidiose
666 2415 745 2474 iacta
760 2413 916 2484 videbitis,
940 2413 982 2475 ibi
1002 2412 1091 2485 scelus

91 2510 215 2570 quoque
233 2496 326 2553 latere
350 2494 427 2556 inter
446 2495 497 2553 iila
515 2502 559 2556 tot
575 2494 689 2570 flagitia
709 2504 853 2570 putatote.
897 2494 1029 2556 Tametsi
1042 2494 1092 2553 hoc

91 2577 212 2653 quidem
226 2576 347 2636 minime
361 2577 440 2650 latet,
455 2579 537 2650 quod
551 2578 592 2637 ita
607 2587 778 2654 promptum
799 2587 829 2639 et
843 2578 1033 2653 propositum
1046 2580 1092 2645 ⁰⁸¹·

88 2670 195 2722 utnon
213 2676 252 2720 ex
265 2659 323 2719 iliis
334 2659 499 2733 maleficiis,
515 2676 593 2734 quae
607 2660 637 2720 in
652 2662 702 2723 itio
716 2670 836 2721 constat
850 2677 930 2734 esse,
944 2660 1004 2721 hoc
1017 2656 1092 2720 intel·

89 2743 205 2818 ligatur,
221 2758 327 2803 verum
345 2757 383 2800 ex
398 2742 456 2801 hoc
474 2743 571 2816 etiam,
586 2743 613 2802 si
630 2745 714 2819 quod
729 2744 847 2805 ittorum
863 2745 940 2805 forte
955 2738 1094 2804 dubitabi-

89 2836 144 2897 tur,
163 2824 367 2886 convincatur.
399 2825 476 2898 Quid
489 2828 625 2899 tandem,
649 2843 782 2902 quaeso,
799 2826 939 2887 iudicest
967 2828 1095 2887 numaut

88 2905 139 2965 iiie
161 2907 271 2968 lanista
286 2907 406 2968 otnniuo
421 2909 480 2968 iam
493 2926 511 2969 a
525 2910 626 2985 gladio
648 2911 817 2971 recessisse
839 2908 960 2970 videtur
982 2917 1034 2970 aut
1046 2909 1094 2967 iste

89 2987 257 3062 discipulus
277 2991 418 3065 magistro
446 2996 591 3054 tantulum
613 2994 651 3053 de
671 3001 735 3054 orte
756 2995 947 3055 concederet
979 2994 1036 3054 Par
1055 2994 1095 3049 est

88 3069 221 3144 avaritia,
237 3072 341 3133 similis
357 3074 541 3149 improbitas
554 3077 661 3136 eodem
671 3076 866 3151 impudentia,
878 3075 1001 3150 gemina
1010 3074 1094 3137 aude·

88 3153 144 3213 cia.
177 3155 259 3215 XLI.
280 3155 348 3218 119.
364 3157 496 3231 Etenim,
518 3158 659 3233 quoniam
674 3160 765 3220 fidam
780 3158 915 3234 magistri
936 3156 1093 3235 cognostis,

88 3237 265 3312 cognoscite
278 3256 357 3299 nunc
371 3240 512 3316 discipuli
526 3240 717 3316 aequitatem.
730 3242 799 3303 Dixi
819 3242 879 3302 iam
899 3251 990 3304 antea
1010 3251 1095 3314 saepo

88 3336 212 3382 numero
228 3325 395 3396 postulatos
410 3341 481 3385 esse
494 3325 532 3383 ab
546 3324 613 3385 istis
625 3325 704 3385 duos
716 3342 822 3386 servos
837 3325 868 3384 in
883 3325 1095 3397 quaestionem.

88 3403 132 3465 Tu
147 3421 276 3482 semper,
290 3405 322 3464 Τ.
332 3406 434 3479 Rosci,
448 3407 606 3468 recusasti.
643 3407 760 3481 Quaero
775 3409 830 3469 abs
846 3416 889 3482 te,
904 3406 966 3468 iine
982 3408 1033 3483 qui
1048 3418 1096 3481 po-
