2332 3772
329 175 411 236 CAP.
425 183 539 239 8-11.
561 180 587 243 S·
602 183 733 239 26-38·
987 178 1051 244 398

10 323 130 388 referri
148 327 218 385 volo
229 327 278 385 vel
289 322 482 386 humanitatis
496 323 546 384 vel
561 309 739 391 cl'ementiae
754 327 802 384 vel
815 324 1053 389 misericordiae.

10 409 211 481 {locamus
225 409 345 480 caesar,
357 409 406 481 egi
417 408 525 467 multas
539 408 684 482 equidem
690 415 800 481 tecum,
813 408 884 468 dum
898 416 927 470 te
938 411 969 469 ln
983 412 1051 471 loro

10 489 119 553 tenuit
139 491 215 550 ratio
238 490 388 550 honorum
408 497 543 563 tuorum,
572 499 653 550 certe
675 506 837 564 numquam
864 490 923 550 hoc
938 495 1052 555 ‘moder

10 572 189 650 ignoscite,
213 572 346 633 iudices=
362 571 488 645 erravit,
503 573 609 646 lapsus
625 581 687 645 est,
710 588 771 633 non
793 573 925 647 putavit=
947 574 974 633 si
989 593 1052 636 um·

10 672 115 731 quam
130 655 268 731 posthac.
310 655 361 715 Ad
376 663 530 728 parentem
545 655 590 714 sic
604 654 654 729 agi
667 656 763 729 solet,
778 656 816 715 ad
831 655 964 715 iudicem
985 658 1051 719 Non

10 737 101 809 lecit,
118 754 178 798 non
194 736 345 812 cogitavit:
360 735 432 796 lalsi
444 743 554 809 testes,
575 737 678 797 lictum
693 739 814 797 crimen.
835 737 891 797 llic
912 747 958 810 te,
977 739 1050 798 Cae·

10 837 83 893 sar,
101 821 140 880 de
154 821 234 881 lacto
248 819 359 893 Ligarii
373 817 503 879 iudicem
515 834 602 879 esses
617 819 729 894 quibus
741 819 771 879 in
785 819 947 895 praesidiis
963 821 1052 882 luerit

10 918 151 979 quaere=
168 911 271 973 taceo,
297 917 335 960 ne
350 900 427 960 haec
443 901 564 975 quidem
580 903 706 976 colligo,
724 919 803 977 quae
818 904 949 963 fortasse
971 905 1052 963 vale·

10 994 89 1046 rent
104 983 192 1044 etiam
208 981 290 1058 apud
305 983 449 1043 iudiccm=
465 984 595 1058 Legatus
611 993 680 1044 ante
693 985 805 1045 bellum
820 986 988 1060 protectus,
1002 1002 1050 1045 rc·

10 1069 112 1128 lictus
128 1067 157 1124 in
173 1082 259 1140 pace,
275 1066 356 1126 bello
372 1081 550 1140 oppressus,
566 1067 596 1125 in
613 1083 650 1134 eo
665 1066 734 1141 ipso
751 1083 811 1127 non
829 1067 974 1140 acerbus,
992 1067 1052 1128 iam

10 1158 68 1211 est
84 1155 167 1208 totns
179 1150 279 1208 animo
294 1164 331 1207 ac
345 1148 445 1227 studio
457 1156 537 1210 tuus.
558 1150 608 1208 Ad
622 1149 752 1222 indicem
768 1150 812 1210 sic
826 1149 876 1224 agi
892 1152 978 1222 solet,
995 1152 1052 1211 sed

10 1247 81 1308 ego
101 1231 183 1304 apud
197 1238 353 1305 parentem
373 1231 500 1305 loquor=
520 1231 654 1304 Erravit,
674 1239 787 1292 temere
802 1232 882 1307 lecit,
900 1232 1050 1307 poenitets

10 1317 65 1376 nd·
79 1313 267 1373 clementiam
283 1320 364 1374 tuam
380 1312 536 1388 coniugio,
559 1314 660 1374 delicti
678 1314 797 1374 veniam
815 1324 900 1390 peto,
917 1323 950 1376 ιιι
964 1316 1050 1390 igno·
1142 1333 1145 1338 ·

10 1404 127 1458 scatur
144 1410 207 1456 oro.
251 1394 385 1457 sinemo
399 1394 583 1470 impetravit,
603 1398 800 1472 adroganter:
818 1400 844 1458 si
865 1397 998 1472 plurimi,
1018 1408 1052 1460 tu

10 1480 103 1540 idem
120 1478 165 1537 ier
181 1493 285 1552 opem,
309 1478 360 1554 qni
378 1495 463 1553 spem
479 1478 604 1555 dedisti,
642 1478 692 1541 31.
708 1481 757 1540 An
773 1479 916 1556 sperandi
929 1481 1050 1556 Ligario

10 1577 117 1641 cause
131 1576 192 1620 non
208 1560 260 1633 sit,
286 1578 378 1636 quum
394 1560 466 1620 milri
482 1563 564 1637 apud
580 1570 609 1623 te
624 1563 709 1622 locus
725 1563 868 1624 sitellam
883 1579 939 1637 pro
954 1566 1051 1624 altero

16 1641 230 1718 deprecandit
249 1644 436 1718 Quamquam
456 1660 513 1703 nec
529 1644 560 1703 in
574 1643 632 1703 hac
647 1645 783 1705 oratione
799 1653 934 1719 spesest
948 1648 1050 1719 posita

17 1741 135 1786 causae
149 1740 205 1785 nec
219 1724 250 1783 in
268 1742 373 1785 eorum
385 1724 509 1798 studiis,
525 1725 577 1798 qui
591 1741 610 1782 a
625 1733 655 1785 te
669 1741 724 1799 pro
738 1726 859 1798 Ligario
874 1735 990 1801 petunt,
1006 1727 1049 1787 tui
1145 1744 1154 1751 ·

16 1807 198 1868 necessarii.
240 1807 290 1866 Xl.
309 1805 380 1864 Vidi
400 1804 480 1864 enim
500 1813 531 1866 at
545 1806 676 1878 cognovi
694 1807 767 1880 quid
782 1807 912 1867 maxime
929 1817 1048 1882 specta·

19 1907 87 1963 res,
106 1904 199 1965 quum
213 1904 269 1961 pro
284 1886 413 1947 alicuius
428 1887 525 1947 salute
537 1887 621 1946 multi
636 1888 824 1948 laborarent:
841 1905 951 1949 causas
966 1889 1049 1963 apud

21 1969 233 2045 tarogantium
244 1968 441 2044 gratiosiores
453 1971 622 2044 essequ'arn
634 1971 743 2042 vultus,
763 1987 863 2045 neque
875 1978 1049 2045 tespectare

23 2050 114 2129 qnam
133 2060 205 2112 tuus
228 2060 311 2112 esset
337 2049 531 2113 necessarius
552 2051 596 2123 is,
620 2053 672 2127 qui
697 2059 728 2113 te
752 2059 867 2125 oraret,
896 2053 953 2113 sed
970 2069 1049 2128 quac

22 2136 113 2206 illins,
134 2150 188 2208 pro
205 2150 265 2208 quo
281 2134 440 2195 laboraret.
482 2135 587 2209 ltaque
611 2133 717 2196 tribuis
741 2142 773 2197 tn
793 2136 916 2210 quidem
932 2137 991 2197 tuis
1008 2135 1050 2196 ita

23 2220 176 2288 multant
190 2215 261 2276 mihi
276 2216 429 2276 beatiores
440 2215 483 2276 illi
498 2216 656 2278 videantur
670 2218 827 2291 interdum,
845 2220 895 2294 qui
909 2226 960 2280 tua
974 2217 1048 2279 libe-

23 2301 139 2360 ralitate
156 2300 302 2372 fruuntur,
320 2316 410 2373 quam
424 2307 457 2360 tu
469 2300 547 2376 ipse,
563 2300 615 2376 qni
629 2300 688 2361 illis
703 2311 763 2362 tam
778 2303 871 2363 multa
885 2302 1047 2363 concedas.

25 2381 86 2442 Sed
99 2382 189 2442 video
204 2389 303 2441 tamen
318 2383 401 2456 apud
416 2389 446 2442 te
462 2398 587 2456 causas,
610 2391 643 2443 ut
658 2383 735 2456 dixi,
756 2386 859 2445 valere
873 2387 942 2459 plus
958 2401 1048 2479 quam

24 2480 142 2539 preces,
159 2463 228 2524 ab''
209 2479 309 2537 usqne
320 2472 350 2524 te
364 2463 480 2525 moveri
493 2464 633 2540 maxime,
648 2483 776 2542 quorum
792 2466 990 2528 iustissimum
1003 2467 1048 2524 vi

24 2548 99 2607 deas
116 2545 274 2606 dolorem
266 2562 297 2605 m
299 2546 456 2623 petendo.

85 2627 135 2688 32.
156 2630 189 2688 ln
210 2628 243 2702 Q.
257 2618 377 2725 Ligario
400 2630 612 2691 conservando
629 2632 729 2691 mullis
749 2639 781 2691 tu
796 2631 918 2706 quidem
932 2585 1048 2705 gratum

23 2711 101 2771 lacis
110 2726 293 2772 necessarus
303 2713 371 2786 turs
387 2712 444 2771 sed
455 2711 522 2788 boc,
535 2724 660 2787 quaeso,
673 2714 844 2785 considera,
860 2713 942 2789 quod
955 2712 1047 2771 soles.

21 2793 152 2852 Possum
165 2793 387 2854 fortissimos
359 2810 451 2866 vrros,
468 2794 608 2866 Sabinos,
620 2795 673 2856 tibi
688 2794 929 2871 probatissimos,
940 2801 1048 2855 totum·

24 2890 84 2950 qne
99 2891 203 2949 agmm
220 2877 380 2949 Sabinum,
403 2875 510 2938 lloram
531 2876 635 2938 ltaliae
659 2894 696 2938 ac
717 2879 810 2940 robur
829 2877 875 2937 rei
897 2875 1047 2952 publicae,

22 2973 204 3033 proponere.
248 2959 333 3020 Nosti
355 2958 488 3035 optimos
508 2958 657 3023 homines.
702 2960 917 3020 Animadverte
940 2959 1048 3019 horum

23 3039 156 3100 omnium
177 3042 356 3102 maestitiam
376 3050 408 3102 et
426 3042 578 3103 dolorema
598 3041 698 3116 huius¹
710 3044 741 3104 T.
763 3038 914 3114 Brocchi,·
928 3041 967 3103 de
985 3059 1048 3119 qno

21 3138 84 3182 non
100 3123 202 3184 dubito
218 3124 289 3199 qnid
306 3124 476 3199 existimes,
497 3123 637 3186 lacrimas
651 3126 887 3199 squaloremque
903 3122 1003 3202 ipsius
1019 3134 1050 3187 et

21 3203 76 3263 filii
99 3204 196 3266 vides.
239 3205 289 3268 38.
310 3207 387 3281 Quid
408 3207 447 3267 de
467 3205 608 3268 iratribus
627 3205 747 3267 dimna
765 3205 842 3279 Noli,
854 3206 978 3283 ¹caesar,
993 3225 1048 3283 pn-

21 3295 88 3346 tare
109 3286 147 3347 de
163 3287 253 3348 unius
273 3289 372 3364 capite
392 3305 450 3350 nos
465 3305 567 3364 agere.
610 3291 672 3350 Αιιι
691 3298 753 3352 tres
775 3288 829 3355 tibi
846 3289 958 3366 Ligarii
978 3289 1048 3349 reti-

21 3368 116 3429 nendi
132 3369 162 3429 in
178 3369 383 3433 civitate‘sunt
395 3380 447 3433 aut
460 3380 522 3434 tres
533 3388 573 3433 ex
589 3371 710 3441 civitate
723 3372 952 3435 exterminandi
973 3370 1049 3433 Nom
