2340 3788
409 176 491 239 caP.
505 185 602 246 o—c.
624 183 650 244 s.
665 182 795 278 1l—so.
993 251 995 254 ‚
1047 167 1124 244 381

82 335 237 395 demensi
260 324 305 390 De
325 325 446 389 tuisnet
464 357 507 371 -
535 323 656 387 tametsi
675 323 728 400 qui
754 325 850 401 magis
872 338 942 392 sunt
962 328 1007 392 tui
1027 338 1126 406 quana·

83 413 202 489 quibus
224 418 256 471 tu
276 412 403 471 salutem
421 407 649 483 insperantibus
667 407 847 469 reddidisti!
864 440 908 453 -
932 428 972 472 an
998 429 1037 473 ex
1058 413 1119 475 boc

86 510 232 567 numero,
249 494 300 569 qui
314 507 374 552 una
388 500 488 552 tecum
502 491 644 551 luerunt?
661 490 729 550 Non
745 497 794 550 est
805 491 959 554 credibilis
972 501 1073 557 tantus
1087 496 1119 556 in

85 580 151 638 ullo
169 577 265 649 furor,
284 583 392 649 utque
407 575 486 634 duce
502 570 603 634 omnia
617 587 735 633 summa
749 572 788 633 sit
801 573 946 648 adeptus,
967 575 1056 638 huius
1072 577 1118 638 vi·

85 669 225 721 tamnen
240 665 405 733 anteponat
421 670 511 716 suoe=
533 671 571 714 an
587 656 614 715 sl
628 653 701 714 nihil
715 654 758 716 tui
771 655 905 730 cogitant
919 658 1053 732 sceleris,
1068 676 1119 720 ca·

86 744 222 802 vendum
240 748 287 802 est
299 756 339 800 ne
355 739 428 814 quid
440 736 577 797 inimicit
597 736 675 811 Quit
694 753 800 799 onmes
818 737 907 813 eninr,
923 738 975 815 qui
989 740 1118 817 luerunt,

87 833 144 884 aut
160 840 217 884 sua
231 820 398 899 pertinacia
413 819 504 880 vitam
516 818 682 880 amiserunt
696 828 748 881 aut
761 829 813 880 tua
826 818 1036 884 misericordia
1049 818 1123 884 reti-'

85 914 232 980 nuerunt,
253 914 286 967 ut
299 910 352 964 aot
364 901 438 963 nulli
453 901 607 976 supersint
621 902 660 962 dc
674 901 804 963 inimicis
825 912 877 965 aut
891 906 942 979 qui
959 903 1119 980 superluc-

84 998 158 1049 runt
178 988 238 1048 sint
259 983 444 1047 amicissimi
487 981 539 1043 11.
555 983 617 1043 Sed
630 987 731 1045 tamen
748 1003 840 1060 quum
852 986 883 1046 in
898 987 1006 1048 animis
1021 987 1118 1049 bomi-

85 1088 160 1131 num
184 1077 285 1130 tantae
306 1067 439 1128 latebrae
461 1064 522 1126 sint
541 1074 571 1126 et
591 1066 665 1127 tanti
678 1083 839 1141 recessus,
863 1085 1028 1144 augeamus
1043 1085 1118 1131 sane

86 1151 298 1226 suspicionem
309 1156 407 1211 tuam
422 1147 510 1209 simul
528 1148 607 1208 enim
621 1151 800 1225 augebimus
814 1151 1009 1232 diligentiam.
1043 1152 1118 1212 iiam
1137 1204 1139 1209 .

62 1250 68 1290 ·.
86 1235 159 1309 quis
174 1242 222 1294 est
237 1233 368 1295 omnium
383 1239 443 1293 tam
457 1230 581 1306 ignarus
594 1247 704 1307 rerum,
719 1241 780 1294 tam
793 1233 900 1294 rudis'
891 1251 922 1294 ιιι
936 1250 970 1295 ra
984 1233 1117 1311 publica,

62 1327 149 1377 etam
168 1299 240 1376 nibil
260 1330 404 1391 umquam
424 1329 482 1374 nec
496 1314 535 1375 de
552 1330 612 1376 sua
621 1331 679 1375 uec
701 1315 740 1376 de
755 1316 906 1377 communi
921 1319 1018 1379 saluta
1036 1315 1118 1391 cogi-

62 1408 155 1461 staus
171 1399 298 1472 quinon
312 1398 457 1472 intelligat
473 1406 525 1458 tua
538 1400 638 1472 salute
655 1398 802 1460 contineri
825 1416 912 1460 suam
926 1407 957 1460 et
972 1417 1011 1470 ex
1025 1400 1117 1460 unius

62 1489 138 1545 stua
152 1481 214 1543 vita
228 1482 363 1557 pendere
379 1479 533 1541 omnium?
545 1480 696 1556 Equidem
710 1482 749 1542 de
765 1490 793 1542 tc
808 1481 875 1542 dies
891 1491 1070 1559 noctesque,
1084 1489 1117 1543 ut

72 1564 194 1637 debeo,
213 1565 351 1638 cogitans
363 1579 455 1625 casus
468 1564 623 1624 dumtaxat
633 1563 783 1625 humanos
797 1572 828 1624 et
841 1564 979 1627 incertos·
987 1574 1117 1627 eventus

62 1674 77 1715 ·,;
83 1645 267 1707 valetudinis
285 1655 315 1707 et
331 1654 457 1707 naturae
470 1645 639 1706 communis
655 1645 843 1722 fragilitatem
858 1648 1041 1721 extimesco,
1061 1648 1118 1709 do·

76 1729 214 1802 leoque,
235 1745 329 1802 quum
349 1744 401 1788 res
421 1726 545 1801 publica
561 1726 738 1787 immortalis
759 1743 831 1788 csse
845 1729 970 1803 debeat,
998 1744 1065 1788 eam
1084 1729 1117 1788 in

62 1809 177 1884 [unius
198 1808 334 1871 mortalis
354 1808 455 1868 anima
477 1806 657 1868 consistere
700 1807 752 1869 13.
770 1808 803 1869 Si
824 1811 950 1869 veroad
967 1810 1117 1870 humanos

62 1908 179 1983 qcasus
200 1890 396 1964 incertosque
415 1897 517 1949 motus
538 1889 719 1950 valetudinis
741 1890 866 1950 sceleris
888 1889 978 1951 etiarn
999 1891 1119 1952 accedit

69 1973 327 2069 insidiarumque
340 1971 519 2044 consensio,
544 1987 634 2046 quern
649 1971 756 2048 deum,
771 1971 800 2034 si
814 1972 925 2049 cupiat,
940 1987 1036 2100 posse
1052 1975 1119 2047 opi·

62 2056 174 2134 qtulari
190 2055 235 2115 rei
249 2052 390 2131 publicae
405 2054 585 2115 credamus?

62 2176 78 2216 g
147 2136 227 2197 vlll.
250 2137 357 2198 Omnia
374 2144 444 2199 sunt
457 2138 618 2199 excitanda
633 2136 701 2211 tibi,
717 2138 885 2212 c.caesar,
900 2138 962 2213 uni,
979 2154 1059 2214 quae
1071 2157 1117 2199 ra

62 2236 157 2299 cere
174 2221 283 2292 sentis,
299 2220 391 2281 belli'
383 2220 481 2295 lpsills
497 2220 619 2296 impetu,
638 2221 721 2296 quod
739 2236 868 2285 necesse
884 2221 947 2294 luit,
964 2230 1117 2297 prostrata

62 2313 178 2388 ,atque
194 2305 351 2379 perculsa·
372 2303 584 2365 constituenda
601 2303 727 2378 iudicia,
744 2305 918 2365 revocanda
918 2305 1017 2401 nudes,
1033 2319 1115 2365 com·

64 2384 264 2469 primendae
284 2385 441 2460 libidines,
461 2387 661 2482 propaganda
680 2387 821 2460 suboles,
843 2387 946 2449 omnia
953 2403 1056 2464 ,quae
1071 2387 1118 2448 di·

62 2461 247 2547 lapsuram
260 2467 475 2544 diffluxerunt,
492 2469 608 2531 severis
626 2469 744 2545 legibus
759 2469 919 2532 vincienda
942 2478 1023 2532 sunt.
1066 2468 1117 2532 14.

68 2544 152 2616 Non
167 2552 223 2614 luit
237 2551 464 2613 recusandum
455 2569 491 2612 ιιι
500 2559 583 2613 taum
598 2552 679 2613 civili
693 2553 773 2613 bello
788 2560 934 2628 tantoque
948 2553 1117 2629 animorum

65 2634 195 2697 ardore
202 2645 232 2697 et
238 2651 389 2696 armorum
396 2652 469 2709 qurn
482 2643 627 2710 quassata
641 2635 835 2710 respublica,
849 2635 1035 2711 quicumque
1046 2635 1118 2695 belli

64 2726 214 2779 eventus
240 2720 362 2789 luisset,
391 2720 484 2780 multa
504 2718 645 2792 perderet
668 2726 698 2780 et
714 2727 891 2781 ornamenta
910 2715 1065 2793 dignitatis
1087 2725 1119 2777 et

62 2799 242 2876 praesidia
258 2801 428 2883 stabilitatis
445 2815 520 2862 suae
526 2802 703 2876 m,ultaque
719 2810 847 2878 uterque
861 2802 924 2862 dux
942 2802 1056 2861 laceret
1069 2816 1117 2859 ar-

62 2891 200 2953 matus,
223 2878 301 2959 quae
317 2884 398 2944 idern
415 2892 536 2959 togatus
550 2883 616 2944 lieri
629 2882 849 2959 prohibuisset.
893 2883 978 2958 Quae
994 2883 1117 2958 quidem

62 2965 139 3028 tibi
160 2981 240 3026 nunc
261 2967 362 3028 omnia
380 2966 451 3026 balli
465 2967 591 3028 vulnera
604 2967 742 3028 sananda
757 2977 842 3041 sunt,
864 2967 976 3043 quibus
996 2974 1118 3042 praeter

62 3053 111 3112 te
135 3063 225 3109 nemo
245 3049 359 3110 mederi
375 3058 484 3124 potest
527 3048 579 3111 11.
593 3050 699 3126 ltaque
712 3050 794 3111 illam
808 3059 889 3112 tuam
908 3047 1121 3125 praeclarissi-

62 3143 166 3195 mam
189 3140 219 3192 ct
232 3131 485 3208 sapientissimam
509 3148 616 3193 vocem
632 3133 743 3194 invitus
760 3132 881 3194 audiui:
905 3130 986 3196 Satis
999 3132 1052 3193 diu
1065 3132 1116 3192 vel

62 3223 215 3288 maturae,
230 3215 294 3276 vixi
313 3217 364 3275 vel
386 3215 510 3291 gloriae.
553 3215 650 3287 Solis,
667 3217 694 3276 si
708 3215 749 3277 ita
764 3215 821 3290 vis,
836 3222 960 3279 naturae
974 3215 1115 3286 fortasse,

62 3298 166 3363 uduo
184 3299 290 3370 etiam,
311 3297 338 3358 si
356 3300 470 3373 placet,
491 3297 606 3374 gloriae
614 3320 628 3371 ι,
636 3307 681 3371 at,
698 3299 781 3373 quod
802 3297 966 3361 maximum
981 3304 1043 3368 cst,
1062 3310 1122 3370 pa·=

62 3382 158 3447 artae
174 3390 255 3442 certe
272 3397 387 3456 parum.
431 3381 496 3454 Qua
511 3396 545 3441 re
560 3381 663 3443 omitte
681 3381 795 3456 istam,
806 3397 939 3458 quaeso,
956 3381 1116 3440 doctorum
