2340 3788
329 444 373 525 ll.
401 443 537 524 TULLII
563 443 773 525 CICERONIS

36 601 88 694 ΙΝ
104 598 409 695 Μ.ΑΝΤοΝΙΙ]Μ
427 598 608 694 curuli
623 600 885 718 PHILIPPICA
898 599 1062 720 Plllllll.

380 959 714 1021 ARGUMENTUM.

104 1105 235 1154 Interfecto
246 1104 333 1154 idibus
349 1103 421 1153 Mart.
442 1103 520 1169 [auno
538 1120 564 1170 p.
584 1122 609 1154 u.
630 1122 651 1154 c.
670 1103 743 1169 710]
762 1105 788 1155 C.
806 1103 920 1167 Caesare,
937 1106 968 1154 M.
987 1107 1065 1155 Anto-

32 1177 104 1232 nius,
124 1174 221 1236 collega
237 1173 292 1222 eius
309 1173 335 1220 ln
351 1173 492 1234 consulatu,
511 1175 561 1224 sibi
575 1183 698 1233 metuens,
715 1187 764 1222 nou
782 1172 862 1222 solum
881 1188 911 1224 eo
929 1175 971 1223 dic
984 1175 1064 1231 latuit,

31 1243 213 1292 verumetiam
232 1241 295 1304 texit
318 1241 428 1302 aliquam
452 1243 496 1292 diu
520 1242 627 1292 consilio
642 1256 704 1300 sua,
729 1241 888 1291 simulatione
909 1243 943 1292 ad
963 1250 1065 1305 tempus

32 1310 234 1359 accommodata.
269 1308 393 1358 Postridie
408 1311 468 1360 ldus
483 1319 566 1359 actum
588 1319 628 1359 est
642 1323 698 1359 cum
717 1323 746 1358 eo
765 1311 796 1359 de
814 1312 940 1359 communi
959 1323 1063 1360 concor-

32 1380 77 1428 dia
96 1392 141 1441 per
159 1376 303 1426 consulares
322 1377 401 1426 viros:
419 1385 477 1442 post
496 1379 563 1427 diem
582 1380 692 1437 tertium,
711 1379 755 1441 qui
773 1379 821 1427 luit
836 1377 901 1426 XVI.
921 1377 977 1427 Kal.
992 1378 1064 1442 Apu,

31 1450 61 1495 in
77 1447 165 1495 aedem
182 1445 290 1494 TellurIs
307 1455 442 1495 convocato
459 1456 548 1502 senatu
566 1446 662 1506 Cicero,
680 1454 799 1509 quantum
818 1448 914 1511 inipso
930 1447 986 1507 hait,
1004 1447 1064 1495 iecit

30 1516 197 1563 fundamenta
206 1515 276 1578 pacis
295 1514 528 1577 discordiarumque
546 1517 692 1564 memoriam
715 1530 814 1564 omnem
829 1523 914 1565 vetere
926 1515 1064 1565 Athenien-

32 1585 101 1631 sium
119 1584 234 1646 exemplo
255 1582 379 1631 oblivione
396 1585 548 1646 sempiterna
572 1583 703 1632 delendam
720 1585 825 1649 censuit.
862 1582 916 1641 Quo
933 1584 975 1632 die
991 1598 1064 1647 pree·

32 1651 102 1699 clare
119 1651 150 1698 de
164 1665 191 1698 re
208 1649 308 1712 publica
327 1650 426 1696 locutus
442 1651 575 1708 Antonius,
593 1652 803 1711 consequentibus
819 1651 895 1698 etiam
907 1650 995 1700 diebus
1014 1666 1062 1699 nou

32 1719 113 1768 dubis
131 1731 192 1764 suae
207 1717 341 1765 voluntatis
359 1723 508 1776 argumenta
526 1716 587 1765 dare
604 1717 673 1763 visus
691 1725 741 1765 est:
760 1718 838 1764 mIsso
856 1730 933 1778 parvo
949 1717 1002 1765 filio
1019 1732 1064 1778 pa-

32 1787 73 1833 cis
90 1784 177 1832 obsIde
195 1785 221 1831 iu
238 1781 396 1846 Capitolium,
411 1782 438 1832 C.
451 1782 565 1831 Cassium
582 1785 646 1846 ipse,
656 1783 689 1835 tl.
700 1783 804 1832 Brutum
815 1783 933 1846 Lepidus,
949 1783 1065 1846 pontifex

31 1851 222 1910 maximus,alii
232 1849 295 1898 alios
308 1865 339 1898 ex
350 1849 551 1899 interfectoribus
563 1849 685 1912 Caesaris,
698 1853 803 1915 quipost
809 1851 863 1899 eius
874 1864 970 1910 necem,
976 1850 1065 1914 populi

32 1929 60 1969 et
78 1919 180 1966 Antonii
196 1918 305 1967 maxime
322 1916 432 1966 consulis
446 1927 523 1980 metu,
540 1919 566 1968 in
579 1917 730 1982 Capitolium
747 1932 774 1968 se
792 1917 954 1975 contulerant,
972 1932 1064 1966 coenae

32 1987 213 2038 adhibuerunt.
249 1984 300 2034 Sed
318 1985 401 2035 fictam
417 2000 552 2049 personam
571 1988 695 2036 sustinere
709 1988 755 2036 diu
772 2000 846 2035 nemo
864 1992 954 2050 potest.
982 1985 1064 2044 Quum

32 2057 185 2114 Gaesarem,
209 2068 360 2116 quamquam
381 2055 408 2102 in
425 2054 504 2105 libera
521 2057 622 2105 civitate
637 2055 760 2120 singulari
782 2061 905 2120 potestate
928 2069 1002 2103 usum
1025 2053 1064 2101 iu-

31 2140 95 2174 nere
114 2130 197 2172 tamen
219 2122 301 2172 efferri
321 2121 470 2186 placuisset:
495 2126 539 2186 qui
561 2124 619 2174 tons
635 2124 758 2173 malorum
772 2124 882 2173 omnium
897 2120 945 2170 Iuit
972 2146 1002 2158 -
1026 2123 1064 2170 sic

32 2194 102 2242 enim
120 2200 253 2256 tyrannum
268 2206 317 2239 non
336 2189 417 2243 fuisse
433 2191 606 2255 indicabatur,
631 2206 689 2240 nam
704 2200 867 2258 tyrannorum
884 2203 990 2255 corpora
1005 2204 1064 2254 pro-

30 2262 185 2311 iiciebantur
198 2260 328 2308 inhumata
340 2283 384 2319 -,
398 2259 509 2309 laudavit
519 2275 577 2311 eum
587 2262 619 2310 de
634 2275 703 2309 more
721 2260 846 2310 Antonius
864 2259 889 2307 Iu
906 2258 977 2308 forn:
996 2272 1063 2307 com-

31 2330 231 2390 memoratisque
245 2328 320 2376 rebus
338 2328 369 2375 ab
385 2343 414 2376 eo
440 2329 520 2393 gestis
541 2331 710 2392 maximisque
725 2343 784 2393 erga
800 2326 995 2391 rempublicam
1010 2341 1063 2374 me·

31 2399 99 2455 ritis,
113 2397 237 2460 explicata
254 2396 354 2444 demum
373 2405 473 2445 cruenta
488 2406 568 2457 veste,
586 2399 612 2447 Iu
627 2412 677 2459 qus
690 2410 778 2446 caesus
796 2404 857 2455 erat,
875 2395 961 2443 multis
973 2395 1064 2457 pugio-

32 2480 96 2514 num
115 2465 206 2514 ictibns
219 2463 343 2527 perfossa,
361 2467 481 2514 convertit
496 2466 633 2514 orationem
651 2466 684 2514 ad
701 2464 887 2514 miserationem
904 2474 1063 2513 commoveu·

34 2534 95 2582 dum
110 2532 282 2597 populumque
299 2533 349 2580 iam
365 2532 451 2582 dolore
465 2537 596 2582 incensum
610 2535 637 2582 iu
655 2548 710 2583 eam
728 2532 884 2582 iracundiam
902 2530 1064 2590 furoremque
1083 2565 1085 2569 ‚

33 2599 145 2662 impulit,
165 2609 193 2649 ut
211 2601 295 2648 statim
311 2614 327 2648 a
344 2598 432 2648 funere
450 2602 483 2651 ad
501 2601 602 2651 domum
616 2601 686 2650 Bruti
702 2607 726 2651 et
740 2598 820 2649 Cassii
833 2614 890 2649 cum
906 2598 1004 2648 lacibus
1023 2610 1063 2644 ac-

34 2669 154 2716 currerit:
172 2669 238 2718 unde
253 2682 329 2732 aegre
346 2667 461 2731 repulsus
477 2675 524 2718 est.
560 2668 650 2718 Brutus
668 2677 693 2718 et
711 2667 827 2726 Cassius,
843 2668 920 2717 vitato
938 2663 1064 2730 praesenti

31 2735 165 2801 periculo,
186 2737 323 2786 concitatae
342 2736 509 2786 multitudiuis
536 2739 588 2786 vim
610 2739 726 2788 tImentes
752 2737 906 2797 Antoniique
933 2733 1063 2798 perfidiam
1139 2744 1141 2749 ·

32 2807 88 2853 iam
106 2803 167 2852 satis
177 2805 283 2870 experti,
300 2804 404 2852 surum
420 2813 445 2854 et
456 2805 596 2855 Lanuvium
613 2806 774 2870 aufugerunt,
791 2819 822 2853 eo
832 2802 947 2861 consilio,
963 2808 990 2849 ut
1005 2800 1063 2849 iude

32 2874 62 2920 in
76 2873 220 2934 provincias
236 2887 251 2921 a
268 2881 358 2922 senatu
374 2873 487 2923 decretas
503 2873 727 2937 proficiscerentur.
762 2873 912 2923 Decreverat
924 2875 1007 2917 auteur
1022 2882 1062 2916 se·

32 2947 124 2997 natus,
144 2940 266 3003 postridie
282 2955 358 3002 quam
376 2956 390 2989 e
408 2940 529 3005 Capitolio
549 2940 661 2992 Caesaris
682 2939 855 2990 interfectores
871 2937 1062 2995 descenderunt,

31 3007 110 3056 Bruto
128 3006 234 3068 Cretam,
253 3007 339 3058 Cassio
358 3008 478 3070 Africam,
497 3009 621 3059 'fracculo
636 3011 731 3068 Asiam,
748 3006 846 3057 Cimbro
864 3005 1018 3071 Bithyniam:
1029 3003 1060 3055 D.

32 3075 111 3124 Bruto
130 3075 235 3125 Galliam
254 3077 409 3137 citeriorem,
428 3078 512 3126 datam
529 3093 543 3125 a
560 3076 667 3127 Caesare
685 3085 774 3134 autea,
792 3072 957 3125 confirmavit.
992 3074 1062 3122 idem

32 3150 128 3204 tamen,
143 3145 215 3206 quasi
232 3144 266 3194 ad
280 3146 414 3194 sanitatem
432 3154 571 3203 revocatus,
585 3145 690 3207 reliquis
707 3144 795 3194 diebus
809 3144 834 3192 in
851 3140 974 3207 Capitollo
989 3152 1062 3204 prae·

33 3211 103 3259 clara
119 3220 220 3262 senatus
239 3212 352 3262 consulta
374 3213 441 3276 iecit,
455 3215 566 3278 primum
579 3212 645 3263 illud
663 3228 677 3261 e
695 3212 749 3264 Ser.
768 3209 872 3276 Sulpicii
883 3208 1016 3264 sententia,
1033 3220 1063 3255 ue

34 3293 86 3340 qua
103 3287 162 3343 post
174 3280 233 3328 Idus
246 3279 319 3334 Mart.
336 3282 501 3330 immunitatis
518 3281 604 3330 tabula
621 3295 685 3330 neve
702 3279 780 3329 ullius
796 3279 911 3330 beneficii
929 3277 1063 3342 figeretur:

36 3347 137 3413 deinde,
155 3355 182 3395 ut
201 3348 338 3398 dictaturae
358 3363 449 3398 nomen
466 3349 492 3397 in
507 3355 656 3413 perpetuum
672 3363 686 3396 e
703 3347 840 3413 republica
851 3345 990 3397 tolleretur.
1008 3342 1065 3392 Lux
