2340 3788
102 172 165 237 ttt
384 149 458 232 rao
472 171 506 230 n.
520 106 854 233 munnnnoeauo.
965 242 968 247 ,

101 324 199 393 virtus
221 330 356 399 praestat
380 322 508 383 caeteris
529 320 680 383 omnibus.
722 322 758 381 lt
779 320 863 394 Haec
883 336 996 382 nomen
1019 327 1137 400 populo

103 409 252 477 Romano,
268 405 346 465 haec
363 404 433 465 huic
448 404 514 466 urbi
531 413 685 465 aeternam
700 402 828 479 gloriam
842 404 976 480 peperit=
991 405 1072 469 haec
1087 424 1135 469 or·

102 491 173 550 bem
192 497 339 549 terrarum
359 503 467 564 parere
487 487 557 548 huic
578 486 706 563 imperio
728 487 843 561 coegitt
871 503 979 548 omnes
1000 490 1135 552 urbanae

102 588 163 645 res,
180 571 281 632 omnia
292 570 369 631 baec
383 578 488 632 nostra
502 572 658 646 praeclara
673 571 774 631 studia
784 578 814 630 et
826 569 903 631 haec
916 572 1052 633 lorensis
1069 576 1136 635 laus

104 665 134 717 et
146 653 295 715 industria
309 656 401 716 latent
414 653 445 714 in
460 654 553 715 tutela
566 670 603 714 ac
616 653 771 729 praesidio
786 652 915 714 bellicae
928 654 1060 716 vinctis.
1088 657 1134 718 Si·

102 739 164 800 mul
181 746 273 813 atque
294 736 444 813 increpuit
464 736 600 811 suspicio
622 738 781 808 tumultus,
804 744 885 797 artes
908 736 990 799 illico
1010 749 1136 801 nostrae

103 820 323 883 conticescunt.

186 904 238 967 23.
259 905 297 965 Et
312 901 455 978 quoniam
471 903 543 963 milri
562 902 676 964 videris
691 901 780 962 istam
797 901 954 963 scientiam
971 903 1047 967 iuris
1061 915 1135 967 tam·

104 1005 196 1065 quam
216 987 340 1048 filiolam
360 986 493 1046 osculari
513 995 612 1058 tuam,
635 1002 695 1047 non
716 984 814 1060 patiar
822 993 862 1067 ‚te
883 986 913 1045 in
931 994 1016 1049 tanto
1031 1004 1137 1050 errore

104 1070 235 1142 versari,
260 1077 294 1130 ut
315 1070 396 1129 istud
421 1069 527 1130 neseio
550 1068 639 1144 quid,
665 1070 748 1144 quod
773 1076 855 1128 tanto
876 1084 973 1145 opere
992 1071 1136 1146 didicisti,

103 1155 292 1232 praeclarum
313 1151 428 1226 aliquid
448 1168 519 1214 esse
539 1151 695 1212 arbitrere.
737 1151 815 1211 Aliis
837 1166 895 1227 ego
912 1160 943 1213 te
963 1153 1135 1228 virtutibus,

104 1235 323 1306 continentiae,
347 1233 519 1308 gravitatis,
548 1234 694 1307 iustitiae,
719 1234 806 1307 fidei,
830 1235 961 1296 caeteris
982 1237 1134 1311 omnibus,

104 1319 263 1383 consulatu
274 1327 304 1378 et
315 1316 525 1379 omni'honore
536 1317 876 1393 semperdignissimum
887 1318 1029 1380 iudicavi.
1046 1321 1135 1395 Quod

105 1400 228 1475 quidem
241 1400 288 1460 ius
301 1399 390 1460 civile
401 1400 543 1475 didicisti,
557 1418 619 1462 non
631 1400 739 1472 dicam,
756 1417 880 1475 operam
891 1401 1060 1477 perdidisti,
1075 1404 1136 1463 sed

104 1483 178 1543 illud
193 1482 308 1557 dicam,
329 1484 442 1544 nullam
457 1500 529 1544 esse
541 1483 572 1543 in
593 1484 644 1543 illa
656 1483 826 1558 disciplina
839 1485 983 1546 munitam
1003 1485 1043 1544 ad
1058 1502 1133 1545 con-

103 1567 235 1627 sulatum
247 1565 335 1625 viam
365 1565 475 1627 Omnes
487 1565 567 1627 enim
582 1575 672 1639 artes,
692 1583 771 1641 quae
785 1566 874 1628 nobis
887 1568 992 1643 populi
1001 1567 1135 1628 Romani

106 1649 208 1710 studia
228 1649 405 1723 conciliant,
427 1656 457 1710 et
479 1650 687 1711 admirabilem
707 1649 883 1725 dignitatem
905 1658 936 1711 et
960 1659 1134 1725 pergratam

23 1728 26 1733 ’
103 1731 260 1795 utilitatem
276 1733 388 1794 debent
401 1734 524 1794 habere.
552 1733 603 1793 XI.
617 1730 668 1794 at.
691 1733 815 1793 Summa
829 1733 960 1808 dignitas
974 1733 1068 1794 estin
1084 1733 1132 1806 iis,

105 1815 158 1893 qui
171 1815 292 1878 militari
307 1818 397 1878 laude
412 1819 609 1878 antecellunt:
630 1816 732 1877 omnia
746 1817 841 1889 enim,
854 1833 935 1891 quae
949 1816 1066 1878 suntin
1079 1815 1133 1877 im·

103 1898 190 1976 perio
205 1907 235 1962 et
248 1899 279 1959 in
298 1907 378 1962 statu
393 1899 539 1976 civitatis,
557 1902 595 1961 ab
612 1900 650 1962 iis
666 1898 789 1961 delendi
805 1908 834 1960 et
848 1899 961 1960 firmari
975 1909 1133 1976 putantum

103 2000 222 2044 summa
238 1983 327 2044 etiam
341 1983 471 2044 utilitas=
493 1983 520 2044 si
542 1985 665 2061 quidem
680 1999 785 2044 eorum
801 1982 929 2043 consilio
946 1991 978 2045 et
996 1983 1133 2058 periculo

104 2083 198 2141 quum
212 2082 247 2126 re
261 2066 460 2141 publicatum
475 2066 565 2150 etiam
585 2066 697 2128 nostris
717 2066 810 2126 rebus
828 2065 941 2141 pertrui
954 2082 1132 2141 possumus.

104 2148 211 2209 Gravis
227 2146 316 2221 etiam
330 2149 381 2209 illa
396 2158 444 2210 est
455 2158 485 2210 et
500 2151 591 2230 plena
602 2149 754 2223 dignitatis
766 2149 887 2210 dicendi
899 2149 1038 2223 iacultas,
1055 2166 1134 2223 quae

104 2246 200 2305 saepe
213 2231 308 2292 valuit
321 2232 351 2291 in
366 2234 495 2294 consule
510 2232 687 2307 deligendo,
704 2248 800 2308 posse
814 2232 944 2293 consilio
958 2240 1051 2307 atque
1065 2249 1134 2293 ora-

103 2312 187 2374 tione
199 2320 230 2373 et
244 2323 369 2376 senatus
384 2324 415 2376 et
427 2315 535 2391 populi
550 2323 580 2375 et
594 2331 710 2388 eorum,-
724 2315 841 2390 quires
856 2315 999 2387 iudicant,
1013 2324 1135 2376 mentes

103 2410 295 2471 permovere.
337 2397 495 2471 Quaeritur
515 2401 638 2471 consul,
659 2399 711 2474 qui
734 2398 864 2460 dicendo
886 2414 1135 2473 nonnumquam

104 2479 286 2555 comprimat
300 2479 478 2542 tribunicios
493 2482 627 2555 furores,
651 2481 702 2557 qui
720 2481 900 2543 concitatum
915 2482 1062 2558 populum
1077 2480 1133 2541 lle-

104 2570 180 2637 ctat,
195 2563 248 2639 qui
261 2562 412 2638 largitioni
425 2565 557 2626 resistat.
583 2565 650 2625 Non
665 2565 790 2637 mirum,
813 2564 840 2627 si
858 2567 898 2626 ob
913 2566 993 2625 hanc
1007 2566 1134 2639 laculta·

102 2652 164 2707 tem
178 2646 318 2707 homines
333 2663 428 2723 saepe
442 2647 532 2709 etiam
552 2665 614 2709 non
632 2649 751 2710 nobiles
766 2650 959 2709 consulatum
976 2646 1135 2710 consecuti

13 2768 16 2773 -
104 2736 185 2803 sent,
198 2729 376 2805 praesertim
395 2747 488 2807 quum
501 2731 578 2792 haec
592 2731 699 2792 eadem
713 2748 763 2792 res
778 2731 926 2806 plurimas
940 2731 1065 2806 gratias,
1084 2731 1133 2790 fir-

27 2860 31 2867 .
74 2872 78 2879 ,
102 2810 258 2875 rarissimas
277 2811 440 2887 amicitiae,
464 2813 595 2874 maxima
615 2815 715 2877 studia
735 2814 846 2889 pariata
872 2830 1003 2890 quorum
1023 2814 1055 2874 in
1075 2815 1135 2873 isto

32 2924 39 2937 ·
103 2900 209 2957 vcsbo
228 2895 371 2970 artificio,
393 2896 526 2972 Sulpici,
545 2898 623 2956 nibil·
635 2906 691 2958 est.
733 2896 784 2958 25.
806 2897 938 2958 Primum
953 2897 1087 2973 dignitas
1104 2897 1135 2955 in

103 2974 167 3033 ωτι
181 2979 266 3041 tenui
287 2978 414 3042 scientia
434 2996 495 3042 non
516 2989 713 3055 potestesse.
753 2982 816 3041 Res
831 2980 911 3042 enim
926 2990 998 3042 sunt
1012 2994 1137 3055 parvae,

91 3062 203 3131 propo
221 3062 253 3122 in
275 3062 403 3139 singulis
423 3063 529 3125 litteris
544 3073 637 3138 atque
657 3063 951 3138 interpunctionibus
971 3064 1136 3124 verborum

101 3142 283 3229 §lotapatae
312 3147 445 3220 Deinde,
462 3148 592 3207 etiamsi
609 3145 684 3222 quid
698 3148 781 3221 apud
795 3146 927 3209 maiores
942 3154 1068 3207 nostros
1083 3144 1137 3205 init

28 3260 42 3267 -
100 3224 132 3269 nr
154 3230 216 3284 rsto
237 3228 337 3289 studio
358 3229 581 3304 admirationis,
603 3229 639 3289 id'
657 3230 825 3291 enunciatis
846 3229 958 3291 vestris
979 3228 1137 3307 mysteriis

97 3296 200 3366 totum
221 3316 269 3369 est
289 3320 495 3388 contemptum
517 3322 547 3374 et
567 3312 726 3377 abiectum.
758 3313 867 3374 Posset
887 3313 937 3388 agi
954 3315 1023 3387 lege
1038 3327 1139 3373 necne

94 3378 197 3450 Diluti
214 3392 369 3468 quondam
389 3395 540 3456 salaberta
567 3397 662 3458 lastos
682 3397 763 3456 enim
782 3397 874 3472 vulgo
893 3413 956 3457 uon
973 3396 1140 3458 habebant
