2340 3788
366 142 578 207 cans—10.
600 150 627 211 s.
643 150 772 209 ιιι-ιι.
1038 150 1100 219 131

59 311 200 369 tuorum,
230 304 262 357 at
276 294 308 357 in
326 295 534 370 posteritatem
554 294 739 370 impendeat
772 296 835 357 Sed
846 304 894 359 est
911 297 1001 373 tanti,
1027 300 1100 361 dum

59 384 157 447 modo
172 380 231 441 ista
245 377 285 441 sit
299 378 418 455 privata
431 377 588 441 calamitas
603 388 634 439 et
647 396 666 438 a
679 378 725 439 rei
738 380 879 455 publicae
894 380 1038 456 periculis
1050 400 1100 445 se-

60 468 215 540 iungatur.
238 462 300 525 Sed
314 470 348 523 tu
363 469 397 522 ut
413 460 495 523 vitiis
509 460 570 522 tuis
585 478 808 536 commoveam,
818 471 853 525 ut
865 466 966 540 legum
981 481 1100 541 poenas

61 548 282 629 pertimescas,
298 554 333 607 ut
349 544 539 620 temporibus
554 543 598 605 rei
613 544 754 618 publicae
770 546 881 620 cedes,
900 564 961 609 non
977 558 1026 611 est
1042 567 1098 626 po-

63 630 250 697 stulandum.
268 630 376 703 Neque
390 627 470 689 enim
486 628 513 687 is
529 644 578 699 es,
598 628 738 702 Catilina,
763 636 795 689 ut
809 636 838 689 tc
854 638 907 691 aut
921 633 1021 705 pudor
1034 649 1098 695 um·

19 721 22 727 '
63 732 157 795 quam
178 729 198 773 a
221 710 407 788 turpitudine
427 722 480 773 aut
494 720 593 771 metus
610 729 628 771 a
644 710 780 787 periculo
800 720 853 772 aut
866 713 942 773 ratio
962 716 1099 777 alurore

63 795 266 862 revocaverit.
313 795 364 865 23.
391 794 487 868 Quam
505 796 630 868 obrem,
650 804 684 856 ut
697 810 792 870 saepe
806 796 867 855 iam
883 794 961 868 dixi,
978 799 1099 872 prolici-

64 898 155 947 scere
166 896 214 952 ac,
230 878 258 941 si
271 878 346 939 milri
360 878 493 950 inimico,
507 887 541 939 ut
555 877 726 954 praedicas,
743 887 793 940 tuo
812 877 950 939 conflare
960 878 1009 939 vis
1023 880 1098 939 invi·-

64 967 158 1039 diam,
171 970 258 1025 recta
268 979 363 1039 perge
373 961 404 1021 in
416 960 570 1023 exsilium=
588 961 640 1022 vix
654 963 748 1023 leram
762 978 923 1025 sermones
934 961 1100 1035 hominum,

65 1051 92 1113 si
102 1049 144 1113 id
159 1045 285 1109 leceris=
303 1047 355 1106 vix
368 1046 479 1105 molem
493 1047 582 1107 istius
596 1044 745 1119 invidiae,
768 1046 838 1107 siin
854 1044 996 1107 exsilium
1011 1046 1100 1107 iussu

65 1131 207 1195 consulis
217 1129 300 1205 ieris,
311 1129 480 1190 sustinebo.
499 1130 552 1191 Sin
564 1138 665 1192 autem
677 1128 793 1191 servire
803 1147 890 1191 meae
899 1129 981 1191 laudi
993 1136 1024 1191 et
1034 1131 1099 1204 glo·
1149 1168 1160 1179 ,

17 1228 21 1235 ·
63 1217 128 1279 riae
139 1213 249 1287 mavis,
260 1213 407 1288 egredere
417 1228 486 1275 cum
496 1213 670 1289 importuna
682 1215 900 1277 sceleratorum
911 1218 1012 1288 manu,
1027 1229 1100 1274 con·

65 1302 112 1362 lar
125 1308 158 1361 te
171 1299 213 1359 ed
223 1297 367 1372 Mallium,
383 1296 502 1359 concita
518 1298 657 1374 perditos
669 1296 763 1372 cives,
779 1314 908 1360 secerne
921 1306 952 1359 te
966 1314 985 1358 a
998 1295 1099 1370 bonis,

64 1384 146 1445 inter
163 1380 278 1457 patriae
291 1382 418 1453 bellum,
440 1384 561 1443 exsulto
579 1382 674 1458 impio
690 1383 865 1459 latrocinio,
892 1391 927 1442 ut
940 1398 959 1441 a
974 1398 1022 1443 rue
1037 1397 1100 1441 non

64 1466 184 1529 eiectus
199 1465 239 1525 ad
255 1464 386 1541 alienos,
407 1466 465 1527 sed
478 1465 622 1528 invitatus
636 1466 676 1526 ad
691 1473 761 1527 tuos
775 1483 848 1529 esse
864 1464 1007 1527 videaris.
1047 1464 1100 1527 24.

64 1550 257 1625 Quamquam
273 1548 346 1624 quid
365 1566 424 1624 ego
439 1558 470 1611 te
485 1549 619 1624 invitem,
633 1566 653 1610 a
666 1567 727 1624 quo
741 1550 803 1611 iam
817 1553 912 1612 sciam
927 1566 999 1610 esse
1009 1564 1098 1625 prae·

63 1634 182 1695 uriseos
198 1632 250 1708 qui
265 1632 319 1693 tibi
331 1633 372 1693 ad
391 1633 501 1694 Forum
521 1633 678 1696 Aurelium
695 1637 954 1707 praestolarentur
973 1631 1101 1693 armatis

63 1715 116 1779 eoi
139 1715 236 1778 seiam
253 1724 373 1790 pactam
393 1724 424 1776 et
437 1717 638 1793 ,constitutam
658 1732 727 1775 curn
745 1718 848 1778 Mallio
869 1716 973 1777 diem?
997 1733 1017 1775 a
1037 1732 1099 1790 quo

64 1799 159 1863 otiam
173 1796 306 1873 aquilam
320 1798 403 1857 illam
421 1805 597 1870 argenteam
618 1814 709 1877 quam
731 1798 785 1859 tibi
810 1816 847 1858 ac
871 1798 931 1859 tuis
959 1798 1099 1858 omnibus

63 1882 194 1947 confido
210 1878 416 1955 perniciosam
430 1895 466 1938 ac
481 1879 632 1939 lunestam
646 1880 791 1953 futuram,
806 1877 855 1940 cui
869 1879 952 1940 domi
967 1886 1038 1939 tuae
1052 1895 1100 1939 sa-

63 1966 202 2029 crarium
218 1962 369 2022 scelerum
384 1970 506 2023 tuorum
521 1961 717 2024 constitutum
735 1962 798 2034 luit,
815 1962 911 2023 sciam
928 1976 999 2021 esse
1015 1976 1101 2035 prae-

61 2051 218 2113 missama
248 2045 293 2106 Tu
306 2053 339 2107 ut
354 2045 406 2107 illa
422 2060 527 2107 carere
544 2045 657 2107 diutius
671 2044 786 2122 possis,
801 2063 892 2121 quam
910 2042 1048 2104 venerari
1062 2044 1102 2104 ad

63 2132 197 2196 eaedem
211 2128 413 2205 proficiscens
430 2130 572 2206 solebas,
597 2128 721 2191 aculus
732 2130 882 2191 altaribus
903 2144 999 2204 saepe
1012 2126 1101 2189 istam

64 2216 192 2293 impiam
209 2214 366 2274 dexteram
379 2214 419 2275 ad
436 2230 542 2275 necem
558 2212 670 2276 civium
683 2211 891 2275 transtulisti‘l'
911 2212 947 2273 lt
967 2210 1018 2275 ab.
1040 2212 1102 2271 lbis

65 2300 193 2363 tandem
203 2297 377 2372 aliquando,
394 2316 455 2373 quo
470 2298 571 2360 teiam
583 2297 702 2374 pridem
714 2298 773 2359 ista
784 2307 836 2359 tua
848 2294 999 2373 cupiditas
1011 2294 1101 2357 allie-

66 2393 142 2445 nata
160 2397 198 2443 ao
218 2380 335 2443 furiosa
359 2382 508 2457 rapiebat
551 2384 658 2457 Neque
674 2383 754 2443 enirn
774 2380 828 2443 tibi
844 2381 921 2442 haec
937 2396 989 2441 res
1004 2380 1103 2440 adfert

68 2468 223 2539 dolorem,
245 2467 300 2527 sed
317 2466 479 2541 quamdam
498 2464 707 2527 incredibilem
723 2465 918 2540 voluptatem.
959 2464 1009 2524 Ad
1023 2464 1102 2522 hanc

66 2560 99 2613 te
113 2547 275 2611 amentium
291 2557 399 2610 natura
414 2548 550 2625 peperit,
573 2552 713 2610 voluntas
729 2548 880 2623 exercuit,
902 2550 1024 2609 lortuna
1039 2559 1101 2604 sar·

61 2622 163 2695 bavit.
190 2633 363 2708 Numquam
377 2642 410 2694 tu
427 2649 488 2693 non
502 2632 595 2693 modo
607 2633 716 2708 ocium,
729 2634 786 2694 sed
802 2649 841 2693 ne
855 2632 968 2692 bellurn
980 2625 1102 2703 quidem

66 2716 130 2779 nisi
149 2716 298 2778 melonum
319 2715 502 2792 concupisti.
547 2716 659 2778 Nactus
681 2732 716 2778 es
740 2734 780 2778 ex
800 2713 928 2792 perditis
949 2720 1042 2785 atque
1063 2708 1103 2768 ab

68 2801 153 2863 omni
169 2817 231 2861 non
247 2800 339 2861 modo
354 2801 490 2873 lortuna,
514 2799 726 2862 verumetiam
747 2816 804 2874 spe
819 2794 974 2857 derelictis
989 2789 1103 2853 conda-

66 2894 131 2947 tam
145 2884 354 2960 improborum
367 2900 500 2944 manum.
529 2882 581 2944 26.
600 2883 658 2943 llic
672 2892 705 2945 tu
720 2900 781 2958 qua
797 2879 910 2940 laetitia
925 2877 1105 2953 perimeret

68 2967 183 3045 quibus
199 2966 320 3043 gaudiis
334 2966 525 3029 exsultabis?
547 2973 662 3042 quanta
683 2966 714 3025 in
731 2966 888 3038 voluptate
904 2960 1102 3032 bacchabere,

66 3068 163 3128 quum
184 3050 216 3112 in
236 3059 319 3113 tanto
334 3068 461 3113 numero
477 3058 597 3112 tuorum
621 3064 724 3124 neque
743 3047 852 3109 audies
872 3044 969 3106 virum
989 3045 1103 3107 bonum

67 3150 256 3211 quemquam
271 3152 373 3211 neque
387 3133 529 3196 videbist
558 3135 606 3194 Ad
622 3133 712 3195 huius
728 3132 809 3193 vitoe
824 3125 955 3191 studium
970 3126 1104 3190 meditati

64 3219 110 3281 illi
128 3227 201 3281 sunt
215 3218 268 3295 qui
285 3221 423 3280 teruntur
437 3219 559 3279 labores
574 3217 632 3291 tui,
648 3218 749 3278 iacere
765 3212 850 3275 humi
870 3229 930 3275 non
948 3215 1048 3274 solum
1063 3208 1103 3268 ad

66 3302 275 3366 obsidendum
296 3310 450 3378 stuprum,
480 3318 587 3362 verum
607 3300 699 3362 etiam
719 3300 759 3359 ad
777 3296 896 3359 lacinus
919 3295 1104 3363 obeundum,

63 3386 197 3465 vigilare
216 3402 277 3449 non
297 3389 398 3449 solum
426 3384 622 3448 insidiantem
643 3400 752 3446 somno
776 3381 965 3524 margqfum’
999 3390 1104 3436 verum
