2340 3788
356 154 437 215 cap.
453 164 550 218 a-a
572 160 726 222 §.o-11.
958 158 1059 225 425
1100 146 1103 153 ’

24 325 102 386 gem
116 322 165 367 me
178 316 322 382 umquam
336 303 410 366 istus
425 303 539 366 litteras
553 306 593 366 ad
610 314 640 366 te
654 304 799 366 misisset
830 323 891 381 quo
911 323 961 369 me
980 315 1059 369 teste

26 391 223 454 convincas?
252 397 300 448 Aa
323 386 572 463 chirographos
564 405 595 449 m
611 403 672 462 quo
685 387 782 447 habes
795 386 949 450 scientium
966 406 1058 465 quae-

23 486 179 536 stuosam.
199 471 255 545 Qui
272 463 396 546 possis?
419 469 495 530 Sunt
508 470 588 530 enim
602 469 715 530 librarii
730 485 830 530 manu
857 471 919 530 Iam
930 472 1057 539 invideo

20 550 177 630 magistro
191 564 258 626 tuo,
279 553 332 629 qui
347 561 376 614 te
390 560 473 613 unta
487 553 644 626 mercede,
657 561 810 649 'quantam
823 551 882 612 iam
898 557 1056 630 proteram,

12 640 105 701 nihii
121 654 230 713 sapere
243 639 363 697 doceat.
404 634 434 695 9.
452 634 528 708 qma
549 643 596 697 est
616 635 695 696 enim
710 634 810 696 minus
831 652 894 713 non
907 634 976 695 dico
991 655 1056 705 ora

13 721 121 794 toris,
136 721 191 781 sed
208 720 339 780 bominis
355 733 444 792 qnam
460 718 492 777 id
508 717 639 778 obiicere
653 717 846 790 adversario,
870 718 953 793 quod
967 718 1055 779 itte
1032 738 1058 781 st

19 806 125 866 verbo
140 805 264 880 negarit,
282 799 402 874 longius
418 801 559 876 progredi
573 818 634 862 non
649 800 748 877 possit
762 801 814 877 qui
831 800 998 861 obiecerit?
1019 804 1059 862 At

19 903 88 964 ogo
105 903 166 948 non
181 901 275 962 nego,
297 891 388 958 teque
401 881 431 941 in
445 882 504 944 isto
520 885 589 960 ipsa
604 883 753 945 convinco
777 900 838 945 non
860 883 1058 965 inhumanita-

18 971 66 1032 tis
84 972 198 1041 sotum,
221 967 278 1027 sed
298 965 386 1025 etiam
402 965 561 1026 amentiae.
599 967 688 1040 Quod
707 967 787 1026 enim
800 966 927 1027 verbum
942 967 973 1026 in
991 966 1058 1028 istis

10 1052 136 1115 titteris
158 1060 205 1112 est
227 1065 288 1110 nen
311 1050 431 1124 plenum
449 1048 655 1124 humanitatis,
677 1049 784 1123 officii,
806 1050 1059 1111 benevolentiae!

10 1136 126 1198 Omne
147 1143 247 1194 autem
264 1130 376 1191 crimen
390 1138 473 1191 tuum
488 1140 549 1206 est,
571 1133 655 1208 quod
665 1132 716 1192 'de
725 1141 754 1193 te
768 1132 798 1192 in
812 1132 861 1193 his
876 1132 982 1194 titteris
996 1149 1057 1192 non

10 1219 108 1280 male
121 1214 303 1284 existimem,
322 1214 405 1289 quod
419 1213 549 1275 scribam
562 1216 768 1292 tamquamad
783 1215 1058 1299 civemtamquam

10 1303 66 1364 ad
86 1301 198 1358 bonum
211 1297 324 1370 virum,
346 1312 407 1358 non
428 1305 578 1374 tamquam
598 1299 639 1360 ad
661 1300 842 1360 sceleratum
859 1306 888 1359 et
901 1300 1054 1359 latronem.

10 1389 66 1446 At
84 1397 142 1456 ego
159 1391 224 1442 tuas
239 1381 370 1453 litteras,
395 1380 453 1441 etsi
474 1380 547 1441 iure
559 1390 696 1457 poteram
718 1398 737 1443 a
758 1389 787 1442 te
812 1381 990 1456 lacessitus,
1012 1389 1056 1442 ta·

10 1482 98 1527 meu
114 1481 174 1525 nen
193 1465 357 1539 proferam:
373 1463 484 1540 quibus
498 1465 578 1540 petis
594 1474 627 1527 ut
642 1466 694 1527 tibi
710 1481 765 1540 per
780 1482 829 1526 me
844 1465 934 1527 liceat
951 1481 1055 1541 quem·

12 1549 157 1611 demde
181 1548 289 1608 exsilio
308 1548 471 1622 reducere,
494 1547 679 1624 adiurasque
702 1548 735 1609 id
753 1557 782 1608 te
807 1548 900 1610 invito
921 1565 970 1610 me
994 1565 1055 1610 nun
1149 1558 1151 1565 '

11 1647 99 1694 esse
114 1631 276 1703 iacturum,
292 1630 386 1706 idque
400 1647 418 1690 a
431 1629 647 1705 are-impetras.
674 1630 750 1702 Quid
765 1633 843 1690 enim
858 1648 907 1692 me
922 1631 1056 1708 interpo-

10 1710 131 1776 nerem
145 1712 291 1772 audaciae
304 1720 389 1783 tuae,
414 1727 504 1785 quam
524 1727 630 1786 neque·
648 1714 811 1773 auctoritas
831 1713 921 1773 buius
943 1715 1057 1774 ordinis

10 1810 129 1869 meque
144 1792 324 1854 existimatio
349 1793 455 1867 popuii
468 1792 597 1852 Romani
616 1809 717 1866 neque
738 1794 822 1868 leges
835 1796 915 1854 ultae
929 1803 1058 1868 possent

11 1880 194 1942 coerceret
236 1874 285 1937 10.
299 1876 414 1935 Verum
427 1884 526 1935 tamen
544 1873 617 1950 quid
633 1881 697 1935 erat
714 1876 797 1951 quod
812 1892 861 1936 me
875 1891 1016 1950 regmae,
1031 1875 1058 1936 si

13 1968 94 2024 erat
111 1960 152 2032 is,
171 1960 210 2019 de
225 1972 287 2033 quo
300 1957 450 2033 rogabas,
465 1956 603 2017 caesaris
618 1958 685 2032 iege
698 1957 867 2019 reductus?
894 1957 957 2018 Sed
975 1958 1058 2017 vide·

12 2046 100 2107 licet
114 2058 212 2102 meam
228 2039 352 2116 gratiam
370 2039 465 2100 voluit
476 2056 556 2116 esse,
570 2040 600 2101 in
616 2056 678 2117 quc
693 2057 733 2100 ne
746 2040 844 2117 ipsius
861 2041 982 2117 quidem
996 2041 1057 2101 utta

15 2141 100 2191 esse
121 2133 238 2199 poterat
252 2125 319 2198 iege
335 2125 405 2185 late.

110 2208 149 2265 V.
171 2206 232 2267 Sed
249 2224 342 2282 quum
352 2206 433 2279 mibi,
449 2217 552 2284 patres
567 2206 748 2282 conscripti,
764 2215 793 2268 et
807 2223 864 2284 pro
878 2223 926 2273 me
943 2166 1058 2282 aliquid

18 2301 53 2355 et
71 2290 103 2350 in
120 2290 159 2349 Μ
176 2290 340 2351 Antonium
354 2293 447 2352 multa
461 2291 591 2352 dicenda
605 2291 680 2364 sint,
694 2292 820 2351 aiterum
835 2300 906 2366 peto
921 2307 941 2350 a
959 2290 1055 2362 tobia,

17 2385 58 2437 ut
82 2389 130 2433 me
151 2387 207 2448 pro
227 2388 276 2433 me
296 2373 444 2434 dicentem
463 2374 614 2449 benigne,¹
630 2373 784 2434 aiterum
776 2390 844 2449 ipse
863 2374 993 2434 efficium
1008 2381 1055 2447 ut,

18 2465 134 2520 contra
147 2456 230 2516 iilum
244 2473 336 2531 quum
351 2457 465 2530 dicam,
487 2465 599 2519 attente
616 2455 756 2518 audiatis.
789 2456 883 2518 Simul
896 2455 971 2517 iliud
984 2471 1055 2516 oro:

18 2541 52 2603 si
71 2555 170 2599 meam
194 2556 286 2615 quum
306 2540 336 2599 in
358 2539 440 2600 omni
458 2539 523 2601 vita·
540 2546 603 2599 tum
624 2539 654 2598 in
670 2539 800 2600 dicendo
816 2537 1055 2601 moderationem

16 2623 269 2698 modestiamque
283 2622 455 2698 cognostis,
470 2639 509 2684 ne
523 2638 573 2684 me
585 2622 692 2695 bodie,
709 2620 881 2699 annuisti,
896 2628 927 2682 ut
942 2636 1054 2696 provo-

17 2704 124 2774 cavit,
140 2705 346 2780 respondero,
370 2704 495 2767 oblitum
514 2720 590 2768 esse
606 2704 718 2781 putetis
734 2704 802 2766 mei.
834 2705 901 2765 Non
917 2703 1053 2767 tractabo

15 2797 58 2853 ut
75 2787 246 2847 consulemr
277 2805 316 2849 ne
336 2790 387 2849 iiie
414 2788 536 2864 quidem
556 2803 604 2848 me
626 2797 662 2848 ut
680 2789 881 2850 consularem.
915 2785 981 2847 Etsi
1005 2784 1056 2844 ilie

15 2870 217 2936 nullomodo
232 2872 353 2945 consul,
376 2872 424 2932 vel
448 2871 531 2946 quod
553 2870 595 2932 ita
614 2869 689 2932 vivit
700 2874 750 2932 vei
768 2870 852 2945 quod
866 2871 907 2930 ita
919 2884 984 2928 rem
997 2884 1055 2942 pu·

15 2953 137 3017 blicam
156 2954 232 3027 gerit
250 2954 299 3014 vei
322 2954 404 3029 quod
425 2953 466 3015 ita
485 2955 584 3015 tactus
604 2961 668 3014 este
690 2969 748 3030 ego
770 2953 836 3013 sine
856 2954 918 3012 uita
934 2959 1054 3011 contro-

18 3036 128 3098 versia
142 3036 320 3101 consularis.
365 3034 414 3098 ll
429 3037 469 3098 Ut
481 3035 571 3112 igitur
582 3034 786 3112 intelligeretis
802 3037 923 3112 qualem
936 3034 1006 3109 ipse
1020 3049 1055 3094 se

18 3121 185 3182 consulem
205 3119 412 3195 profiteretur,
435 3119 545 3181 obiecit
564 3118 636 3179 mihi
652 3123 841 3181 consulatum
855 3135 965 3179 meum.
998 3115 1055 3190 Qui

18 3200 305 3265 consulatueverbo
319 3218 416 3276 meus,
430 3211 533 3276 patres
546 3202 720 3277 conscripti,
733 3219 767 3263 re
782 3210 885 3263 vester
894 3201 958 3262 iuit.
973 3198 1054 3273 quid

18 3283 107 3346 enim
131 3300 188 3359 ego
210 3283 367 3358 constitui,
389 3277 462 3361 quid
481 3283 580 3360 gessi,
603 3285 676 3360 quid
699 3284 748 3360 egi
767 3284 880 3346 nisiex
895 3283 987 3345 huius
1004 3296 1055 3341 or-

18 3365 107 3430 dinis
125 3366 262 3439 consitio,
278 3367 464 3441 aumautate,
480 3367 650 3455 sententiat
666 3368 750 3429 Haec
762 3375 798 3428 ιιι
810 3368 902 3430 homo
917 3364 1054 3441 sapiens,
