2340 3788
103 174 146 250 ot
342 182 381 241 nr
394 178 426 242 c.
442 178 608 242 vunauu
623 178 706 240 scr.
721 178 906 241 11.n1e.1v.

101 339 133 399 id
147 335 174 397 sl
188 332 415 409 impetrassent,
431 340 494 392 tum
508 340 541 393 ιι
555 346 670 391 morem
684 337 818 391 veteram
831 330 1043 391 Hennensium
1061 342 1129 392 con-

102 426 273 488 servarent,
290 415 451 491 publicem
466 432 549 487 eum,
565 413 684 481 tametsi
698 420 843 474 vexasset
858 411 1007 510 Siciliam,
1021 422 1128 487 tamen,

103 502 247 578 quoniam
261 500 338 560 haec
353 498 565 559 amainribus
558 498 693 557 instituta
707 496 911 571 accepissent,
925 490 1128 559 testimonium
1168 495 1170 518 ¹

103 584 241 661 nequod
261 582 411 643 dicerent
433 583 480 642 sin
500 590 600 643 autern
622 597 659 640 ea
680 596 742 640 non
755 578 955 652 reddidisset,
976 588 1042 640 tum
1057 581 1129 642 utin
1165 578 1168 587 '

101 668 213 728 iudicio
225 667 377 740 adessent,
393 674 499 727 tumut
513 664 589 725 de
562 681 629 724 erus
641 663 758 724 iniuriis
772 662 890 723 iudices
901 663 1060 737 deomant,
1077 665 1130 726 sed

101 751 232 818 maxime
247 752 285 811 de
299 749 446 835 religione
464 756 670 825 quererentur
691 746 774 821 Quas
791 745 912 807 illorum
926 745 1129 819 querimonias

102 835 208 906 nolite,
231 849 288 909 per
303 835 380 893 deos
405 819 605 905 immortales,
625 828 800 927 aspernari,
822 828 915 890 nolite
937 837 1130 892 contemnere

102 932 141 978 ae
164 918 334 993 negligere,
354 914 483 975 iudices.
514 877 654 988 Agun'tur
681 912 807 975 iniuriae
831 911 1003 973 sociorum
1035 914 1130 990 agitur

102 1000 151 1061 vis
171 1004 288 1077 legum:
311 998 409 1073 agitur
429 995 610 1057 existimatio
627 997 803 1071 veritasque
824 993 1016 1056 iudiciorum.
1050 996 1129 1072 Quae

102 1093 172 1145 sunt
186 1082 288 1146 omnia
300 1096 475 1157 permagna,
491 1096 595 1163 verum
609 1080 684 1140 illud
698 1081 875 1139 maximumz
887 1086 970 1139 tanta
984 1079 1130 1156 religione

103 1168 248 1227 obstricta
264 1173 326 1224 tota
340 1164 499 1239 provincia
514 1172 576 1238 est,
590 1171 673 1223 tanta
690 1161 866 1238 superstitio
880 1177 922 1221 ex
940 1160 1030 1224 istius
1053 1164 1128 1225 lacto

100 1258 217 1310 nentes
230 1246 362 1307 omnium
379 1246 549 1308 Siculorum
564 1248 741 1322 occupavit,
757 1254 804 1320 ιι,
820 1260 1036 1322 quaecumque
1053 1247 1130 1309 acci-

101 1334 175 1391 dant
191 1331 313 1405 publice
326 1330 529 1406 privatimque
550 1329 758 1402 incommoda,
782 1338 908 1404 propter
923 1344 991 1390 earn
1006 1345 1130 1393 causam

102 1414 228 1473 sceleris
249 1411 337 1472 istius
359 1415 483 1474 evenire
505 1413 674 1475 videantur.
706 1409 776 1475 tlt.
805 1411 945 1473 Audistis
962 1412 1128 1489 Centuripi-

99 1512 173 1567 nos,
189 1497 409 1573 Agyrinenses,
427 1497 618 1570 catinenses,
634 1499 822 1569 Aetnenses,
834 1496 1035 1557 Herbitenses
1050 1513 1129 1559 com·

100 1581 269 1656 pluresque
283 1579 360 1640 alios
372 1580 494 1654 publice
509 1581 626 1653 dicere,
644 1597 723 1655 quae
738 1579 870 1640 solitudo
885 1579 917 1639 in
940 1579 1023 1655 agris
1038 1589 1128 1653 esset,

36 1694 39 1705 ·
101 1679 181 1737 quae
195 1663 336 1741 vastitas,
355 1680 435 1739 quae
452 1665 524 1738 suga
538 1672 704 1737 aratorum,
722 1679 812 1738 quam
828 1664 958 1736 deserte,
982 1679 1075 1738 quam
1088 1665 1146 1724 ιι·

99 1746 194 1816 culta,
214 1763 305 1822 quam
318 1746 550 1808 relictn'omnia.
572 1749 617 1807 Ea
631 1748 750 1809 tametsi
767 1746 868 1807 multis
890 1745 979 1807 istius
994 1754 1026 1807 et
1037 1746 1130 1807 variis

99 1829 216 1891 iniuriis
229 1831 413 1903 acciderunt,
431 1840 531 1911 tamen
542 1830 619 1892 haee
631 1849 692 1892 una
706 1846 800 1890 causa
814 1828 843 1888 in
859 1829 1006 1905 opinione
1013 1829 1130 1892 Siculo·

101 1931 168 1974 rum
181 1915 343 1989 plurimum
356 1912 455 1989 valet,
470 1916 553 1989 quod
569 1916 677 1975 cerere
694 1915 805 1974 violata
823 1929 930 1974 omnes
948 1914 1050 1974 cultus
1072 1914 1130 1975 ιιι·

100 2006 227 2072 ctusque
242 1998 360 2059 Cereris
385 2001 416 2057 in
436 1999 474 2058 iis
491 1998 568 2059 locis
582 1997 723 2060 interisse
743 1994 935 2057 arbitrantur.
966 1994 1131 2058 Medemini

98 2081 237 2154 religioni
259 2083 429 2154 sociorum,
456 2081 590 2142 iudices:
622 2088 803 2142 conservate
833 2089 977 2140 vestram.
1024 2082 1131 2156 Neque

99 2163 179 2222 enim
195 2162 277 2240 haec·
296 2175 420 2225 externa
445 2163 534 2225 vobis
548 2171 598 2224 est
620 2164 726 2239 religio
752 2180 853 2238 neque
873 2163 982 2223 aliena.
1013 2162 1131 2238 Quodsi

100 2254 197 2317 esset,
218 2244 244 2304 si
266 2247 424 2322 suscipere
445 2265 512 2308 eam
533 2247 669 2321 nolletis,
695 2256 793 2307 tamen
812 2245 842 2306 in
858 2263 896 2307 eo
915 2246 967 2342 qui
981 2246 1132 2309 violasset

99 2329 217 2387 sancire
238 2343 294 2388 vos
314 2332 394 2390 velle
416 2340 578 2406 oporteret
610 2294 680 2392 115.
713 2332 799 2391 Nunc
824 2347 898 2392 vero
920 2333 952 2390 in
978 2331 1130 2392 communi

99 2410 232 2472 omnium
259 2413 392 2510 gentium
414 2413 673 2512 religionemque
694 2413 732 2475 iis
759 2413 869 2486 sacris,
893 2429 972 2488 quae
997 2414 1130 2476 maiores

98 2497 194 2557 nostri
208 2495 314 2556 abt
262 2504 314 2556 ext
315 2497 375 2556 eris
394 2498 566 2558 nationibus
583 2500 679 2560 ascita
692 2507 784 2581 atque
798 2497 946 2557 arcessita
960 2499 1129 2569 coluerunt,

99 2596 178 2655 quae
193 2595 296 2654 sacra,
310 2587 344 2640 ιι
358 2590 444 2641 erant
458 2598 491 2640 re
506 2597 593 2655 vera,
606 2582 651 2643 sic
666 2563 812 2657 appel'lari
829 2581 945 2640 Graeca
959 2582 1131 2654 voluerunt,

98 2664 286 2739 negligentes
302 2680 338 2723 ac
354 2663 535 2724 dissoluti
511 2682 537 2724 ιι
552 2665 711 2740 cupiamus
728 2682 799 2725 esse
817 2664 869 2740 qui
890 2671 1083 2738 possumus?

22 2815 34 2824 ‚
179 2749 240 2807 Lll.
272 2747 369 2809 Unius
387 2747 475 2808 etiam
488 2747 572 2809 urbis
589 2749 722 2809 omnium
737 2746 959 2824 pulcherrimae
973 2756 1069 2823 atque
1084 2764 1131 2807 or·

98 2831 289 2904 natissimae,
309 2832 547 2909 Syracusarum,
570 2832 771 2909 direptionem
786 2832 1032 2893 commemorabo
1056 2837 1087 2891 ct
1101 2829 1132 2889 in

97 2913 228 2973 medium
244 2917 410 2990 proteram,
427 2914 555 2988 iudices,
569 2916 780 2990 utaliquando
798 2924 890 2975 totam
900 2914 991 2975 huius
1007 2915 1131 2990 generis

98 2995 265 3055 orationem
289 3000 469 3060 concludam
485 3009 577 3075 atque
595 2998 747 3058 definiam,
790 2999 884 3060 Nemo
906 2999 970 3058 tere
994 3005 1132 3058 vestrum

98 3087 146 3137 est
164 3077 236 3151 quin
254 3085 394 3156 quemad
408 3083 531 3144 modum
548 3092 655 3157 captae
670 3082 731 3142 sint
746 3100 764 3142 a
779 3081 819 3140 Μ.
833 3082 977 3142 Marcello
997 3081 1131 3157 syracu-

98 3176 152 3220 sae
168 3176 261 3234 saepe
276 3165 418 3239 audierit,
434 3184 495 3227 non
508 3183 674 3242 numquam
685 3166 775 3227 etiam
789 3165 820 3224 in
837 3164 999 3225 annalibus
1014 3162 1132 3238 legerit

98 3245 239 3304 conisus
253 3245 332 3305 hanc
346 3265 454 3344 pacem
469 3268 537 3312 cum
551 3252 602 3310 illo
618 3250 714 3322 bello,
739 3248 829 3310 huius
850 3247 1000 3323 praetoris
1016 3249 1131 3307 adven·

97 3335 160 3388 ιιιιι
190 3345 259 3388 cum
281 3328 362 3390 illius
388 3331 578 3407 imperatoris
607 3331 747 3404 victoria,
779 3331 868 3393 huius
895 3330 1085 3394 cohortem
1077 3347 1132 3391 rm·

98 3426 206 3487 puram
236 3429 304 3472 curn
334 3412 415 3474 illius
444 3417 580 3477 exercitu
611 3415 746 3483 invicto
773 3416 863 3476 huius
892 3414 1034 3476 libidines
1061 3429 1131 3476 cum
