2340 3788
73 204 116 268 60
144 232 148 239 ’
306 203 344 261 ΙΝ
360 203 389 261 C.
402 200 567 260 VERREM
580 202 664 261 act.
679 202 715 260 ll.
729 200 801 262 LlB.
818 202 871 262 lv.

74 352 243 423 visoribus‚
265 360 299 413 ut
308 360 432 426 praetor
441 348 668 424 renunciarem,
684 350 808 426 dedisti,
823 368 907 413 cxxx
917 356 1090 431 accusatori,

75 455 114 498 ne
134 436 187 499 tibi
208 434 335 496 odiosus
356 442 458 507 esset,
475 450 512 494 ea
532 448 565 492 re
585 435 752 494 contemnis
771 442 947 510 equestrem
961 437 1089 499 ordinem

76 530 106 582 et
126 517 282 594 despiciat
309 534 346 578 ea
366 533 399 576 re
419 516 473 578 tibi
487 516 643 591 indignum
656 516 756 577 visum
770 525 817 578 est
831 516 1003 594 quidquam
1018 521 1087 595 quod

74 602 129 666 tibi
144 603 279 678 placeret
293 601 439 661 Calidium
450 602 553 674 potius
569 600 681 659 habere
699 617 790 675 quam
804 607 855 661 tet

157 684 234 746 XXI.
249 684 299 746 46.
322 685 416 745 lactat
429 699 464 743 se
478 682 537 742 iam
555 684 668 742 dudum
682 683 721 742 de
736 681 865 744 Calidio:
886 692 992 747 narrat
1006 684 1086 747 omni·

74 770 133 831 bus
154 770 266 829 emisse
287 784 330 828 se.
365 767 442 826 Num
465 765 555 825 etiam
575 766 614 825 de
635 766 668 825 L.
685 764 826 841 Papinio,
854 765 920 826 viro
945 767 1086 842 primario,

27 878 30 885 ¹
74 851 219 929 locupleti
250 850 442 924 honestoque
481 847 582 922 equite
607 849 762 921 Romano,
791 847 955 911 turibulum
981 849 1087 911 emislit

76 937 127 1012 qui
142 952 198 1011 pro
214 930 386 995 testimonio
401 929 477 990 dixit
487 939 531 1002 te,
549 947 640 1004 quum
651 930 873 1005 inspiciendum
885 931 1085 1007 poposcisset,

75 1021 181 1080 evulso
205 1017 384 1077 emblemate
404 1012 576 1073 remisisse·
596 1022 629 1073 ut
644 1012 816 1088 intelligatis
830 1013 860 1073 in
875 1014 1001 1075 homine
1014 1014 1085 1077 intel

75 1101 227 1179 ligantiam
248 1113 334 1169 essa,
360 1113 422 1157 non
442 1096 613 1168 avaritiam,
641 1096 759 1157 artificii
782 1096 953 1170 cupidum,
950 1112 1032 1158 non
1048 1112 1085 1157 ar

75 1185 156 1281 genti
177 1183 282 1241 luisse.
317 1180 379 1240 Nec
399 1178 522 1240 solum
514 1197 545 1239 m
559 1178 713 1255 Papiniol
712 1178 755 1239 uit
767 1179 824 1244 bac
838 1177 1035 1239 abstinentia.
1052 1188 1085 1239 te

75 1267 139 1328 nuit
152 1266 211 1324 hoc
225 1261 391 1323 institutum
406 1263 436 1322 in
452 1262 590 1324 turibulis
605 1262 762 1336 omnibuS,
784 1277 996 1337 quaecumque
1010 1263 1039 1321 in
1050 1258 1084 1321 Si

75 1349 144 1409 cilia
163 1348 291 1408 luerunt.
334 1346 514 1406 Incredibile
537 1353 583 1406 est
602 1352 702 1407 autem
724 1360 816 1420 quam
838 1346 932 1405 multa
950 1353 982 1406 et
1007 1358 1085 1420 quau

74 1433 231 1509 praeclara
246 1427 366 1490 luerint.
403 1429 526 1490 Credet
514 1438 592 1501 tum,
614 1445 707 1503 quurn
718 1426 825 1488 Sicilia
841 1426 972 1489 florebat
986 1426 1084 1503 opibus
1108 1450 1112 1457 ·

75 1523 106 1575 et
129 1512 243 1589 copiis,
270 1529 380 1587 magna
400 1512 526 1572 artificia
547 1512 644 1572 luisse
657 1511 688 1570 in
702 1527 740 1571 ea
753 1510 862 1571 insula.
899 1510 975 1571 Nam
989 1511 1085 1572 domus
1110 1516 1112 1521 '

75 1604 140 1658 erat
163 1605 231 1656 ante
252 1595 343 1656 istum
364 1607 535 1670 praetorem
554 1596 636 1655 nulla
655 1596 758 1669 paullo
779 1593 967 1669 locupletior,
989 1609 1049 1669 qua
1062 1590 1086 1651 in

75 1678 165 1740 domo
180 1680 256 1738 haec
271 1695 332 1739 non
349 1687 468 1751 essent,
486 1679 576 1739 etiam
587 1677 615 1737 si
625 1676 866 1754 praetereanihil
877 1684 959 1737 esset
970 1670 1088 1751 argona
1107 1674 1112 1765 ζ

75 1763 186 1839 patella
207 1760 330 1837 grandis
352 1778 421 1822 cum
446 1760 551 1837 sigillis
572 1777 608 1821 ac
632 1759 801 1821 simulacris
821 1759 960 1831 deorum,
980 1766 1112 1841 patera:

76 1864 137 1923 qua
150 1846 292 1907 mulieres
307 1845 347 1905 ad
362 1863 412 1905 res
426 1845 545 1905 divinas
556 1851 718 1916 uterentur,
740 1842 912 1904 turibulum.
948 1841 1035 1902 Haec
1044 1846 1112 1901 au·

74 1942 136 1992 tem
155 1929 255 1991 omnia
275 1929 399 2002 antiquo
423 1945 516 2004 opere
538 1938 568 1989 et
586 1941 703 1989 summo
723 1925 850 1987 artificio
871 1927 965 1985 lacta·
985 1933 1021 1985 ut
1037 1912 1112 2033 hoc:

77 2016 180 2074 liceret
190 2012 350 2087 suspicari,
362 2010 458 2072 luisse
473 2011 636 2086 aliquando
651 2010 733 2084 apud
743 2008 864 2070 Siculos
876 2023 1031 2084 peraeque
1041 1992 1112 2087 pm¹

75 2095 216 2171 portione
231 2104 363 2167 caetera,
383 2096 440 2154 sed
451 2093 561 2168 quibus
573 2095 665 2153 multa
675 2094 796 2154 fortuna
807 2091 981 2163 ademisset,
997 2098 1112 2151 ιιιιιιι·

20 2190 25 2197 ·
76 2177 160 2251 apud
174 2193 229 2237 eos
243 2177 428 2238 remansisse
444 2192 495 2248 ea,
519 2191 597 2251 quae
612 2174 718 2251 religio
733 2174 917 2236 retinuisset
949 2171 1002 2236 lt.
1008 2158 1112 2245 oiri,

75 2258 209 2330 iudices,
238 2261 330 2319 multa
351 2259 448 2321 luisse
472 2261 535 2318 lere
556 2259 639 2333 apud
659 2272 765 2319 omnes
787 2257 921 2319 Siculos:
944 2272 1002 2332 ego
1020 2257 1092 2317 idem

77 2341 239 2413 confirmo,
262 2358 343 2401 nunc
358 2360 396 2403 ne
413 2359 505 2401 unum
517 2343 639 2416 quidem
651 2357 731 2403 esse.
767 2340 914 2415 Quidhoc
925 2346 999 2401 esti
1016 2336 1094 2416 quod

75 2425 135 2486 hoo
159 2431 340 2497 monstrum,
370 2427 454 2500 quod
478 2424 651 2500 prodigium
673 2423 703 2485 in
729 2423 916 2499 provinciam
940 2420 1094 2485 misimusl

75 2510 182 2570 Nonne
195 2506 283 2567 vobis
302 2507 333 2567 id
350 2508 451 2582 egisse
467 2507 595 2580 videtur,
615 2516 649 2570 ut
665 2525 726 2569 non
743 2507 833 2568 unius
847 2507 1019 2582 libidinem,
1039 2521 1095 2566 noa

78 2610 151 2655 suos
173 2591 297 2665 oculos,
319 2592 375 2651 sed
398 2590 530 2651 omnium
552 2590 817 2666 cupidissimorum
834 2589 986 2664 insanias,
1010 2604 1097 2667 quum

74 2679 203 2739 Romam
222 2673 413 2746 revertisset,
435 2675 591 2748 expleret?
625 2674 681 2749 Qui
696 2675 784 2734 simul
799 2684 891 2769 atque
905 2672 936 2732 ln
954 2674 1097 2769 oppidum

78 2760 244 2837 quodpiam
268 2765 413 2829 venerat,
446 2757 680 2820 immittebantur
703 2757 746 2817 illi
770 2756 912 2818 continuo
939 2752 1099 2833 Cibyratici

78 2860 260 2919 canes,qu1
251 2841 496 2938 investigabant
507 2850 537 2902 et
547 2842 816 2917 perscrutabantur
827 2838 937 2900 omnia.
973 2838 1006 2899 Si
1019 2836 1100 2915 quod

78 2935 141 2984 erat
164 2929 277 2999 grande
302 2943 356 2986 vas
377 2934 407 2985 et
424 2925 520 2986 maius
537 2942 616 3000 opus
632 2924 802 2996 inventum,
823 2921 894 2983 laeti
908 2922 1104 2983 adferebantr

79 3005 105 3066 si
127 3007 225 3068 minus
242 3010 308 3071 eius
324 3008 406 3070 modi
422 3008 576 3086 quippiam
592 3007 698 3067 venari
714 3013 889 3083 potuerant,
911 3006 963 3065 illa
979 3006 1100 3081 quidem

79 3095 161 3148 certe
171 3105 226 3162 pro
239 3092 405 3167 lepusculis
417 3091 623 3167 capiebantur,
645 3093 790 3166 patellae,
809 3096 946 3165 paterae,
963 3088 1100 3148 turibula.

77 3170 134 3231 Hic
154 3187 232 3246 quos
253 3175 364 3248 putatis
385 3174 477 3236 fletus
497 3175 671 3245 mulierum,
695 3189 771 3248 quas
789 3171 1021 3233 lamentationes
1039 3168 1102 3231 lieri

79 3253 185 3317 solitas
203 3268 273 3314 esse
288 3255 318 3314 in
335 3257 420 3318 hisce
436 3258 550 3318 rebus‘t
572 3272 651 3334 quae
666 3257 793 3317 forsitan
805 3253 894 3316 vobis
905 3270 1022 3330 parvae
1034 3268 1103 3315 esse

80 3339 252 3408 videantur,
281 3339 338 3396 sed
361 3356 502 3414 magnum
527 3348 557 3401 et
581 3339 723 3400 acerbum
745 3340 882 3399 dolorem
902 3345 1103 3407 commovent,

78 3419 261 3484 mulierculis
278 3424 473 3496 praesertim,
494 3440 587 3497 quum
600 3422 770 3499 eripiuntur
783 3439 801 3481 e
816 3420 955 3481 manibus
971 3436 1023 3493 ea,
1040 3418 1103 3495 qui·
