2340 3788
368 219 582 285 cnut—1⁰.
604 226 777 288 aro—at.
859 254 863 263 .
1015 222 1079 288 lod

42 376 71 437 Ρ.
87 369 217 446 Servili,
234 386 306 432 num
319 370 402 432 misit
415 373 494 432 ullas
506 373 624 448 collega
639 373 754 433 litteras
769 373 808 433 dc
820 372 870 433 illa
884 375 1081 437 calamitosis·
1132 439 1138 453 ,

42 459 122 521 sima
139 471 244 532 pugna
256 452 451 516 Pharsalicat
472 471 544 516 num
565 464 596 516 te
616 456 655 516 de
675 455 899 531 supplicatione
920 459 1081 520 voluitne

42 544 150 603 ierret
174 539 315 600 Profecto
330 537 435 600 noluit.
478 541 518 599 At
534 537 616 598 misit
634 547 745 614 postea
760 539 799 598 de
813 540 1018 614 Alexandrea,
1043 544 1081 603 de

42 626 211 687 Pharnace.
254 620 448 683 Pharsalioae
470 639 542 683 vero
562 638 684 698 pugnae
698 639 737 682 ne
758 622 941 698 triumphum
960 625 1081 699 quidem

42 709 114 785 egit
140 706 203 766 llos
218 704 299 766 enim
312 704 397 767 cives
411 721 515 781 pugna
530 704 582 765 illa
591 708 771 779 sustulerat,
788 705 899 782 quibus
914 724 975 768 non
990 709 1080 769 modo

43 788 141 864 rivis,
159 788 321 851 sedetiam
336 787 503 850 victoribus
525 787 687 851 incolumis
702 799 732 850 et
748 789 864 852 iloreus
886 790 994 851 civitas
1011 807 1081 850 esse

43 881 164 952 posset.
207 870 259 934 24.
282 872 369 948 Quod
385 871 465 933 idem
478 871 645 949 contigerat
661 873 873 949 superioribus
887 873 975 934 bellis
990 874 1081 933 civili-

43 961 113 1020 bus.
144 956 221 1017 liam
234 956 306 1017 mibi
321 957 441 1018 consuli
457 955 641 1033 supplicatio
655 956 746 1019 nullis
764 957 857 1018 armis
874 959 1004 1033 sumptis
1020 974 1079 1020 non

43 1043 83 1103 ob
103 1039 231 1101 caedem
246 1038 394 1114 hostium,
416 1041 473 1102 sed
488 1042 526 1102 ob
543 1041 808 1104 conservationem
824 1041 935 1102 civium
954 1056 1036 1100 novo
1052 1050 1082 1102 et

43 1123 182 1186 inaudito
200 1127 313 1198 genere
334 1124 457 1184 decreta
479 1133 535 1186 est
580 1124 675 1198 Quam
690 1126 730 1185 ob
748 1141 811 1184 rem
829 1132 880 1184 aut
897 1124 1080 1200 supplicatio

43 1209 83 1271 nb
103 1206 340 1283 rempublicam
362 1207 565 1284 pulcherrime
585 1215 702 1282 gestam
719 1208 944 1284 postulantibus
967 1207 1080 1269 nostris

43 1290 294 1367 imperatoribus,
327 1300 431 1368 patres
456 1290 637 1367 conscripti,
670 1290 794 1368 publica
820 1292 1000 1368 deneganda
1024 1299 1079 1368 est

43 1374 133 1450 quod
156 1383 277 1448 praeter
293 1373 451 1436 Gabinium
477 1376 603 1452 contigit
622 1374 751 1447 nemini,
779 1383 831 1438 aut
856 1374 1080 1452 supplicatione

43 1457 240 1519 decernenda
250 1457 355 1520 hostes
367 1474 432 1533 eos,
444 1458 603 1536 dequibus
615 1459 789 1533 decernitis,
799 1459 939 1522 iudicetis
951 1473 1079 1520 necesse

43 1549 103 1602 est
145 1538 197 1600 tx:
220 1538 308 1615 Quod
329 1559 402 1616 ergo
423 1541 536 1614 illene,
553 1543 586 1603 id
601 1559 660 1617 ogo
675 1544 764 1604 etiam
781 1544 893 1618 verbo,
915 1561 1008 1620 quum
1025 1542 1078 1603 im·

44 1631 203 1700 penatores
219 1641 275 1684 eos
293 1624 432 1698 appello=
453 1623 512 1682 hoc
525 1623 595 1698 ipso
611 1625 733 1685 nomine
750 1632 780 1685 et
791 1642 862 1698 eos,
881 1628 933 1702 qui
953 1627 1012 1688 iam
1026 1628 1075 1686 de

44 1706 216 1778 victimat,
235 1713 266 1765 et
280 1721 351 1778 eos,
367 1706 419 1781 qui
434 1713 612 1780 supersunt,
629 1706 735 1766 hostes
750 1704 862 1781 iudico,
878 1727 970 1782 quum
985 1710 1079 1769 victo·
1097 1709 1099 1714 '

44 1804 96 1852 res
108 1790 233 1867 appello
247 1788 457 1864 imperatores.
500 1786 551 1851 25.
568 1788 634 1862 Quo
647 1789 739 1849 modo
752 1788 831 1849 enirn
843 1789 945 1866 potius
951 1791 1078 1851 Pansam

44 1874 219 1950 appellent
247 1870 305 1934 etsi
322 1872 413 1934 habet
428 1871 554 1934 honoris
570 1888 681 1933 nomen
696 1871 886 1946 amplissimi.
931 1873 995 1947 Quo
1014 1873 1078 1932 llir-

44 1956 143 2019 liuurt
184 1957 240 2017 Est
253 1956 304 2017 ille
322 1956 444 2032 quidem
460 1956 583 2029 consul,
606 1956 798 2018 sedclterum
814 1972 922 2017 nornen
939 1955 1079 2018 beneficii

44 2048 93 2102 est
108 2039 216 2118 populi
231 2039 376 2116 Romani,
398 2043 523 2102 alterurn
545 2040 663 2102 virtutis
685 2049 778 2117 atque
792 2039 948 2101 victoriae.
978 2039 1080 2114 Quidt

44 2124 223 2195 Caesarem,
242 2124 368 2186 deorum
384 2125 534 2187 beneficio
548 2127 593 2186 rei
608 2125 749 2200 publicae
765 2132 973 2201 procreatum,
993 2122 1079 2184 dubi·

44 2217 146 2270 temne
158 2207 314 2283 appellare
327 2209 561 2284 imperatoremt
586 2209 639 2285 qui
653 2210 767 2285 primus
779 2207 903 2270 Antonii
918 2207 1079 2268 immanem

44 2300 74 2353 et
88 2290 210 2352 ibadam
222 2291 430 2353 crudelitatem
444 2310 505 2354 non
516 2295 616 2355 solum
627 2309 646 2352 a
658 2291 769 2367 iugulis
783 2292 906 2366 nostris,
923 2289 1078 2353 sedetiam

44 2374 223 2435 emembris
239 2382 269 2436 ct
288 2373 459 2439 viscoribus
480 2379 596 2438 avertit.
638 2376 735 2437 Unius
756 2386 856 2438 autern
875 2376 935 2438 diei
956 2384 1030 2452 quot
1050 2383 1080 2434 et

45 2466 177 2535 quantae
191 2455 333 2534 virtutes,
351 2460 382 2520 di
396 2459 595 2534 immortales,
611 2461 746 2523 luerunt!
778 2460 829 2524 26.
841 2460 988 2535 Princeps
999 2460 1077 2519 enim

45 2541 180 2603 omnium
193 2541 292 2602 Pansa
315 2543 423 2618 proelii
449 2543 581 2605 faciendi
609 2553 639 2607 et
660 2561 727 2606 cunr
742 2543 876 2607 Antonio
893 2541 1077 2618 confligendi

45 2625 116 2687 iuit=
132 2624 243 2701 dignus
254 2625 419 2701 imperator
434 2627 678 2703 legionelllartia,
691 2627 783 2704 digna
794 2628 873 2705 legio
887 2626 1077 2702 imperatore.

45 2707 138 2788 Cuius
155 2708 183 2769 si
199 2708 379 2770 acerrimum
397 2709 540 2787 impetum
556 2710 700 2774 cohibere
713 2712 812 2774 Pansa
833 2710 999 2789 potuisset,
1017 2723 1078 2770 uno

45 2794 163 2871 proelio
180 2794 319 2854 coniecta
333 2811 383 2853 res
399 2803 492 2857 esset.
538 2795 600 2857 Sed
621 2814 713 2871 quum
728 2796 875 2858 libertatis
891 2793 981 2855 avida
998 2791 1077 2867 legio

45 2875 222 2939 effrenatius
247 2878 277 2936 in
304 2875 399 2937 aciem
422 2872 555 2941 hostium
581 2880 743 2956 irrupisset
766 2880 897 2956 ipseque
921 2876 951 2937 in
974 2877 1078 2953 primis

45 2962 144 3021 Pansa
158 2969 321 3037 pugnaret,
338 2960 460 3022 duobus
476 2963 657 3038 periculosis
668 2962 844 3024 vulneribus
859 2963 994 3036 acceptis
1009 2960 1078 3020 sub—

45 3047 124 3106 latus
141 3061 158 3104 e
172 3044 290 3120 proelio
305 3043 350 3106 rei
365 3045 507 3121 publicae
522 3045 613 3108 vitam
626 3049 805 3108 reservavit.
836 3047 901 3122 Ego
914 3061 987 3106 vero
999 3045 1079 3103 launo

45 3144 106 3188 non
119 3129 219 3189 solum
233 3127 463 3205 imperatorem,
480 3131 537 3191 sed
549 3130 638 3191 etiam
651 3130 852 3191 clarissimum
866 3130 1078 3208 imperatorem

45 3210 158 3286 iudico,
171 3212 223 3288 qui
239 3231 331 3288 quum
346 3221 398 3273 aut
413 3221 508 3275 morte
523 3222 574 3275 aut
587 3213 714 3274 victoria
730 3230 764 3275 se
780 3213 854 3275 satis
872 3216 1021 3274 iacturum
1035 3212 1077 3269 rei

46 3295 187 3372 publicae
202 3296 440 3372 spopondisset,
455 3298 581 3358 alterum
600 3295 686 3371 lecit,
709 3296 833 3359 alterius
849 3298 880 3357 di
894 3295 1078 3357 immortales

46 3395 134 3441 omen
150 3387 302 3443 avertant!
345 3382 381 3442 X.
397 3376 447 3443 27.
464 3379 541 3457 Quid
553 3381 650 3442 dicam
668 3381 706 3442 de
720 3381 839 3442 Hirtiot
862 3379 914 3457 qui
928 3395 962 3441 re
976 3376 1079 3439 audita

46 3478 63 3522 a
80 3463 190 3524 castris
202 3464 280 3526 duas
292 3464 427 3540 legiones
440 3464 545 3527 eduxit
558 3461 726 3526 incredibili
741 3464 842 3528 studio
851 3473 948 3609 ⁸{asgque
961 3461 1078 3523 virtute.

105 3559 160 3601 crs.
177 3559 265 3604 onor.
