2332 3772
20 200 31 231 ·
89 183 154 251 tot
213 124 918 257 ιιιιιιιιιιιιιιιιιιιιιιιιιιιιιιιι
932 176 1013 241 ιιι.
1075 246 1082 271 ,

90 328 1107 409 onum‚1uuetsu01muntetmcrttomntncoumou

89 420 259 493 telegonus
270 414 624 481 ltonon’stribntumeet
643 410 1107 495 Atquenlinemmoiompmec

90 514 168 575 mus,
179 500 303 577 quoodo
314 497 437 577 quidem
447 494 915 571 enobismuimucocplmnet
928 496 1109 559 Vosnburbt

89 584 238 647 tomntom
252 580 420 646 Antonium
438 578 607 641 mouson
628 595 695 641 voe.
705 578 808 641 redeo
824 578 1006 643 molientem
1017 596 1109 657 reppn

88 664 179 729 ιιιιιι.
218 663 1110 743 notuimwuoeumtccoocrmsnitoone

89 748 358 827 namuelitarum
381 746 504 809 divinoe
522 746 643 813 ctutum
664 744 1014 823 tueomptmmc,
1041 764 1111 809 nnn

90 848 244 911 quomque
277 832 317 895 de
348 829 440 893 vobis
475 846 600 907 eorum,
630 829 687 907 qni
721 837 775 893 out
804 829 960 911 videbunt
993 838 1111 893 vestrm

89 925 316 979 monumentum
338 924 401 977 out
416 914 557 989 endunt,
575 914 771 991 gretisslmns
793 928 900 975 sermo
930 913 1111 977 contincmm

87 1000 134 1061 lm
151 1016 210 1077 pro
232 998 352 1065 mortali
377 997 560 1061 condicione
583 999 673 1125 vitae
683 995 941 1123 immortalitatem
960 998 1037 1107 cetis
1053 1014 1111 1060 cm

35 1120 38 1126 ·
90 1084 196 1145 secuti.
373 1112 376 1119 ¹

149 1164 227 1227 illll
244 1163 297 1229 tt
321 1142 558 1243 sedquoniam,
573 1114 678 1242 petros
685 1116 870 1239 conscripti,
885 1162 1038 1240 glorios
1019 1179 1113 1225 murm

90 1248 213 1327 optimis
224 1256 254 1308 et
268 1248 441 1311 fortissimis
456 1249 575 1311 nivibus
590 1247 776 1311 monumenti
792 1246 912 1308 honore
934 1247 1112 1324 persolvitur,

90 1335 285 1395 consolemur
295 1347 401 1395 eorum
413 1333 583 1423 proximos,
597 1331 711 1408 quibos
722 1330 836 1428 optimu
846 1338 900 1392 est
913 1328 995 1393 luceo
1007 1331 1113 1408 qudem

89 1414 276 1479 consolation
297 1402 491 1490 perentibus,
516 1414 601 1493 quod
623 1422 707 1477 tento
730 1408 779 1475 rei
807 1412 955 1489 publices
977 1414 1114 1511 praesidio

88 1505 267 1595 genuerunt,
292 1497 411 1575 liberis,
434 1498 519 1577 quod
540 1498 696 1573 hobebuut
714 1496 888 1561 domestice
907 1500 1050 1575 exemplo
1067 1498 1113 1558 ιιι

87 1580 169 1654 tntis,
184 1580 376 1659 coniugibus,
394 1583 480 1658 quod
490 1582 529 1643 iis
547 1578 620 1643 vitis
631 1581 787 1655 carebunt,
801 1596 885 1658 quos
895 1581 1024 1645 laudere
1037 1596 1114 1658 qntm

87 1666 192 1753 lugere
210 1664 385 1739 praestabit,
399 1664 552 1736 iratribus,
569 1666 654 1742 quod
667 1666 697 1725 in
714 1680 751 1727 so
763 1672 798 1727 ut
811 1678 990 1740 corporum,
1010 1666 1055 1728 sic
1065 1664 1114 1725 ιιι

86 1754 184 1809 tutum
199 1746 426 1811 similitudinem
443 1764 515 1811 esse
531 1749 695 1813 confident
738 1751 842 1823 Atque
853 1748 975 1811 utinum
988 1749 1037 1810 luis
1062 1764 1113 1810 om

88 1831 177 1892 nibus
190 1831 365 1906 abstergere
378 1831 484 1894 fletum
497 1832 655 1894 sententiis
670 1831 783 1893 nostris
796 1831 1011 1907 consultisque
1022 1847 1114 1908 posse

88 1931 156 1975 mus
171 1917 220 1974 vel
235 1916 337 1990 aliqua
362 1917 431 1977 telis
446 1916 484 1977 iis
499 1915 637 1977 adhiberi
651 1915 774 1991 publice
796 1922 906 1992 posset
925 1916 1040 1990 oratio,
1066 1930 1114 1990 quo

88 1998 278 2074 deponerent
300 2015 469 2060 maerorem
496 2008 589 2074 atque
616 2001 728 2061 luotum
744 2000 991 2075 ‘gauderentque
1016 1999 1114 2076 potius,

90 2098 182 2156 quum
196 2083 288 2141 mults
302 2091 332 2142 et
346 2083 432 2142 vario
450 2083 660 2158 impenderent
679 2082 854 2143 hominibus
874 2099 993 2156 genera
1013 2082 1115 2153 mortis,

87 2164 119 2223 id
133 2165 246 2239 genum,
263 2166 347 2240 quod
367 2175 451 2226 esset
472 2167 722 2241 pulcherrimum,
743 2165 987 2239 suisobtigisse
1011 2179 1115 2241 eosque

88 2263 144 2308 neo
165 2248 338 2309 inhumatos
361 2265 432 2310 esse
452 2265 509 2309 nec
530 2249 686 2322 desertos
714 2249 798 2324 quod
818 2258 922 2309 tamen
944 2250 1048 2325 ipsum
1070 2261 1115 2325 pro

87 2331 258 2406 peuianon
276 2333 481 2393 miserandum
498 2338 629 2407 putatur,
649 2350 707 2394 neo
728 2332 879 2409 dispersis
901 2334 1003 2393 bustis
1025 2330 1115 2394 humill

88 2417 242 2489 sepulture
263 2424 428 2487 crematos,
450 2418 506 2477 sed
527 2425 685 2478 contectos
707 2416 836 2493 publicis
862 2416 1010 2492 oporibus
1037 2427 1116 2491 atque

86 2498 262 2558 muneribus
280 2515 379 2574 eaque
394 2499 706 2576 exstructione‚·quoe
721 2503 761 2560 sit
782 2500 1016 2562 admemoriam
1033 2507 1116 2561 aeter·

87 2581 186 2642 nitetis
207 2598 260 2641 ara
278 2582 416 2644 Virtutis.
460 2583 511 2645 35.
540 2583 635 2658 Quam
661 2584 784 2645 obrem
810 2585 975 2645 maximum
1006 2584 1116 2659 quiden

88 2664 234 2725 solacium
262 2665 317 2726 erit
347 2666 589 2742 propinquorum
621 2670 731 2728 eodem
753 2676 949 2729 monumento
978 2661 1116 2731 declarati

88 2755 117 2808 et
143 2747 280 2808 virtutem
305 2766 428 2811 suorum
457 2759 487 2810 et
502 2751 609 2848 populi
629 2750 757 2812 Romani
782 2751 926 2826 pictatem
949 2758 980 2812 et
1002 2759 1116 2813 senatus

87 2831 177 2890 iidem
193 2839 222 2891 et
237 2833 438 2893 crudelissimi
457 2835 633 2896 memoriam
649 2835 735 2894 belli·
757 2835 786 2894 iu
805 2851 868 2910 quo
884 2834 945 2895 nisi
964 2843 1053 2896 tanto
1073 2830 1117 2892 mi·

86 2913 169 2973 litum
197 2915 292 2976 virtus
326 2917 508 2991 exstitisset,
533 2918 700 3015 parricidio
724 2918 764 2976 Μ.
788 2917 913 2979 Antonii
936 2935 1051 2979 nomen
1071 2931 1118 2992 po·

87 2997 150 3070 puli
171 2999 300 3059 Romani
321 3001 496 3062 occidisset.
539 3003 642 3078 Atque
663 3001 752 3062 etiam
776 3017 904 3074 censeo,
929 3011 1036 3078 potres
1056 3013 1117 3061 oon·

87 3080 208 3154 scripti,
233 3100 312 3158 quae
333 3084 468 3158 praemia
490 3084 633 3146 militibus
654 3085 849 3161 promisimus
871 3101 930 3145 nos
951 3103 986 3146 re
1008 3085 1118 3161 publlm

85 3175 266 3238 recuperate
303 3166 484 3241 tributuros,
516 3184 553 3228 ιι
586 3167 665 3229 vivis
702 3168 933 3244 victoribusque
966 3169 1119 3236 cumulate,

87 3264 178 3319 quum
214 3256 336 3323 tempus
370 3251 499 3325 venerit,
540 3253 760 3327 persolvendas
797 3251 849 3328 qui
880 3259 983 3313 autem
1016 3270 1054 3312 ex
1080 3248 1119 3320 lis,

87 3330 197 3401 quibus
214 3331 265 3391 ille
281 3334 434 3408 promissa
449 3343 527 3409 sunt,
544 3352 599 3411 pro
621 3336 717 3410 patria
738 3335 926 3410 occiderunt,
952 3353 1058 3398 eorum
1074 3346 1119 3409 pt·

86 3411 231 3488 rentibus,
245 3414 358 3492 liberis,
374 3417 571 3495 coniugibus,
593 3419 735 3481 lienibus
750 3418 859 3480 cedem
875 3421 1039 3482 tribuendo
1058 3430 1119 3478 cen·
