2340 3788
377 199 460 260 cAP.
473 206 605 263 dd-da-
626 206 652 269 5·
666 209 796 266 3-99.
1056 202 1100 267 27

64 351 158 422 navi,
184 357 257 410 tuus
271 348 418 410 alenset
440 350 603 411 familiaris.
645 351 723 426 Quid
744 353 862 415 attinuit
882 370 953 415 eum
973 354 1096 429 potissi·

63 450 155 495 mum
162 431 325 505 nunciare,
342 432 439 508 quod,
456 433 482 492 si
494 433 607 494 nullum
618 434 678 494 iam
688 443 758 494 ante
769 436 929 498 consilium
945 438 984 497 de
999 447 1096 501 morte

63 532 104 579 ac
117 517 162 576 de
177 514 269 575 bonis
286 515 353 575 eius
367 515 480 576 inieras
497 516 671 592 nullamque
687 516 862 579 societatem
882 536 983 595 neque
999 523 1095 582 scele-

62 600 109 660 ris
125 614 234 673 neque
248 597 374 672 praemii
391 614 460 658 cum
477 599 600 659 bomine
621 601 683 660 ullo
704 598 836 673 coieras,
864 602 904 661 ad
922 613 952 663 te
974 603 1095 665 minime

62 680 208 757 omnium
233 680 424 775 pertinebatt
463 681 526 742 Sua
549 690 658 757 sponte
681 681 802 742 Mallius
830 685 959 745 nunciat.
1002 686 1093 760 Quid,

63 778 207 841 quaeso,
229 763 296 822 eius
314 764 478 824 intereratt
519 766 583 836 An,
605 782 697 840 quum
716 764 870 825 Ameriam
887 782 948 825 non
968 768 1095 829 huiusce

62 846 112 909 rei
124 861 226 907 causa
239 845 392 919 venisset,
408 863 483 907 casu
496 847 607 908 accidit
619 857 652 909 ut
665 848 706 922 id,
722 848 806 924 quod
819 849 938 908 Romae
950 849 1095 923 audierat,

62 930 188 1007 primus
205 922 386 989 ιιιιιιιιιι
417 929 509 990 Cuius
524 929 569 990 rei
592 946 686 992 causa
703 939 828 993 venerat
841 930 1016 991 Ameriamt
1028 931 1095 993 Non

62 1026 215 1107 possum,
241 1011 354 1086 inquit,
377 1010 523 1073 divinare.
561 1013 605 1075 Eo
625 1030 689 1074 rem
703 1014 763 1074 iam
776 1015 943 1085 adducam,
968 1022 1003 1074 ιι
1021 1013 1096 1074 nihil

64 1093 258 1157 divinatione
273 1111 352 1168 opus
367 1093 416 1154 sit.
447 1094 511 1168 Qua
532 1096 649 1157 ratione
668 1097 782 1158 Roscio
806 1096 945 1173 Capitoni
966 1096 1096 1172 primum

63 1177 249 1239 nunciavit?
283 1177 380 1251 Quum
393 1179 534 1238 Ameriae
548 1179 619 1239 Sex.
633 1180 738 1239 Roscii
754 1182 878 1253 domus,
900 1197 980 1241 uxor
993 1179 1094 1240 liberi-
1147 1186 1151 1193 '

64 1278 128 1339 que
142 1268 268 1333 essent,
283 1277 376 1335 quum
392 1268 436 1322 tot
457 1261 626 1337 propinqui
646 1265 830 1338 cognatique
850 1262 964 1338 optime
980 1279 1094 1323 conve·

64 1346 205 1415 mentes,
221 1361 283 1419 qua
296 1343 413 1405 ratione
428 1345 541 1405 factum
555 1352 649 1406 estut
667 1345 725 1405 isle
738 1354 809 1407 tuus
833 1346 944 1418 cliens,
966 1348 1092 1406 sceleris

64 1428 107 1489 tui
143 1427 292 1500 nuncius,
325 1428 358 1486 Τ.
384 1427 499 1488 Roscio
534 1427 672 1502 capitoni
705 1429 896 1503 potissimum
925 1429 1091 1489 nunciaret.

62 1508 114 1573 st.
152 1508 281 1570 Occisus
297 1518 344 1569 est
358 1527 377 1569 a
391 1526 488 1570 coena
499 1510 631 1572 rediens.
677 1512 816 1572 Nondum
839 1513 973 1582 lucebat,
999 1528 1090 1586 quum

62 1592 211 1654 Ameriae
226 1592 335 1654 scitum
349 1602 405 1654 est.
437 1593 516 1668 Quid
529 1593 579 1653 hic
590 1593 776 1654 incredibilis
791 1611 917 1668 cursus,
930 1594 1004 1670 quid
1015 1595 1091 1655 baec

62 1684 149 1739 anta
175 1678 315 1737 celeritas
340 1677 556 1751 festinatioque
581 1676 752 1752 significat?
791 1677 858 1738 Non
884 1692 998 1752 quaero
1021 1676 1091 1753 quis

62 1758 264 1837 percusserit.
302 1757 381 1817 Nihil
397 1766 459 1828 est,
482 1757 622 1830 Glaucia,
638 1759 723 1832 quod
737 1768 870 1819 metuasz
892 1776 954 1820 non
969 1759 1090 1819 excutio

62 1851 108 1915 te,
124 1841 245 1916 siquid
262 1842 339 1901 forte
353 1839 426 1898 ferri
442 1838 591 1909 habuisti,
611 1855 674 1898 non
688 1848 821 1912 scmtor,
836 1840 910 1901 nihil
925 1842 966 1899 ad
983 1857 1031 1901 me
1043 1856 1091 1900 ar·

63 1922 159 1987 bitror
174 1920 339 1998 pertinere.
373 1920 521 1993 Quoniam
533 1920 619 1980 cuius
633 1919 762 1981 consilio
774 1921 897 1981 occisus
909 1921 948 1980 sit
960 1921 1091 1992 invenio,

64 2007 153 2069 cuius
182 2020 275 2065 manu
299 2004 338 2064 sit
364 2019 533 2078 percussus
559 2019 619 2081 non
639 2004 756 2065 laboro.
788 2003 887 2063 Unum
908 2003 968 2063 boc
989 2018 1092 2075 sumo,

64 2091 150 2166 quod
160 2088 237 2148 mihi
252 2095 392 2163 apertum
406 2094 490 2147 tuum
505 2087 606 2147 scelus
620 2103 735 2161 resque
754 2083 916 2147 manifesta
936 2087 997 2146 (ιιι.
1032 2085 1092 2146 Ubi

63 2182 116 2235 ιιι
128 2173 214 2233 unde
232 2169 347 2231 audivit
361 2169 507 2230 Glauciae
540 2169 596 2243 Qui
606 2179 666 2231 tam
682 2169 741 2231 cito
755 2168 866 2229 scivitt
889 2168 950 2230 Fac
964 2169 1091 2231 audisse

64 2250 177 2317 ata'lim.
216 2253 300 2328 Quae
313 2269 365 2312 res
378 2269 448 2313 eum
465 2262 556 2314 noete
569 2270 631 2313 una
644 2262 759 2316 tantum
772 2252 889 2314 itineris
904 2252 1089 2314 contendere

64 2339 188 2413 eoagitr
212 2352 291 2412 quae
316 2336 487 2396 necessitas
512 2352 582 2397 eum
604 2345 688 2398 tanta
711 2336 883 2412 premebat,
905 2344 954 2411 ut,
981 2337 1008 2397 si
1033 2351 1090 2397 sua

66 2430 179 2497 sponte
193 2420 250 2482 iter
260 2418 413 2479 Ameriam
426 2414 548 2492 laceret,
560 2418 592 2478 id
605 2419 753 2495 temporis
767 2420 865 2480 Roma
877 2420 1089 2493 proficiscere-

66 2512 129 2579 tur,
147 2506 261 2563 nullam
275 2509 392 2599 partem
411 2500 510 2562 noctis
528 2501 757 2574 requiescerett
795 2498 916 2563 XXXV.
951 2502 1090 2562 Etiamne

66 2585 97 2646 ιι
110 2596 172 2647 tarn
186 2585 360 2662 perspicuis
373 2585 468 2645 rebus
480 2584 698 2657 argumentatio
718 2586 893 2660 quaerenda
913 2592 965 2644 aut
986 2580 1090 2643 conie-

67 2678 151 2730 ctura
164 2668 317 2745 capienda
328 2674 399 2728 estu
429 2666 480 2729 98.
515 2666 622 2725 Nonne
635 2668 724 2729 vobis
742 2669 833 2740 haec,
855 2681 934 2760 quae
949 2661 1087 2731 audistis,

69 2767 191 2813 eernere
207 2752 304 2813 oculis
318 2749 477 2825 videmini,
498 2748 639 2809 iudicest
653 2766 713 2811 non
726 2752 809 2810 illum
827 2749 985 2816 miserum,
1003 2744 1088 2839 igna-

70 2848 130 2896 rum
144 2850 240 2896 casus
255 2834 318 2906 sui,
334 2833 511 2893 redeuntem
525 2849 544 2890 a
560 2847 657 2891 coena
670 2832 803 2892 videtist
822 2846 885 2889 non
906 2827 1024 2902 positas
1042 2828 1087 2887 in·

70 2917 181 2980 adast
200 2934 263 2978 non
277 2916 423 2991 impetum
437 2914 650 2991 repentinumt
666 2931 727 2974 non
740 2919 881 2973 versatur
895 2918 965 2971 ante
976 2911 1086 2976 ,oculos

71 3003 153 3063 vobis
171 3000 202 3061 in
219 3000 314 3061 caede
328 2998 474 3060 Glaucias
489 3015 551 3060 non
567 2999 654 3057 adest
668 2996 726 3056 iste
739 2997 771 3053 Τ.
782 2992 934 3056 Rosciust
948 3011 1008 3055 non
1021 2994 1086 3056 suis

70 3085 203 3146 manibus
219 3085 249 3144 in
266 3100 356 3143 curru
371 3082 502 3144 collocat
513 3080 770 3142 Automedontem
784 3077 884 3150 illum,
899 3076 946 3139 sui
960 3076 1085 3139 sceleris

70 3166 254 3229 acerbissimi
265 3165 461 3241 nefariaeque
474 3164 620 3226 victoriae
637 3160 801 3224 nuncium?
814 3176 875 3220 non
890 3169 962 3222 oral
970 3170 1002 3222 ιι
1016 3177 1086 3222 eam

70 3261 184 3313 noctem
198 3248 380 3347 pervigilet?
392 3256 426 3309 ιι
439 3248 566 3310 honoris
581 3246 629 3306 sui
643 3260 737 3306 causa
751 3245 889 3304 laborett
903 3251 935 3305 ιι
946 3242 1084 3336 Capitoni

70 3348 155 3407 quam
170 3333 299 3408 primum
314 3331 457 3392 nunciet?
487 3330 538 3391 99.
561 3329 639 3424 Quid
650 3337 716 3388 erat
731 3328 815 3402 quod
830 3326 1005 3402 Capitonem
1023 3323 1083 3398 pri-

70 3426 143 3478 murn
161 3416 243 3477 scire
259 3414 410 3476 volueritn
430 3413 556 3475 Nescio
576 3411 637 3472 nisi
656 3412 715 3473 hoc
730 3411 835 3483 video,
862 3404 1061 3485 capitonem
1052 3422 1087 3465 m
