2332 3772
105 182 147 247 90
329 186 367 245 nt
382 184 414 245 C.
428 183 591 245 VERREM
603 184 686 244 ter.
700 184 736 243 11.
758 184 830 245 LlB.
844 185 895 245 1v.

105 348 152 399 tur
166 337 277 396 dicere.
310 335 407 408 Quum
420 334 469 395 irie
483 351 550 395 mos
561 342 653 409 esset,
666 335 794 396 retertur
807 335 852 395 ad
861 322 999 395 senatum
1012 335 1052 395 de
1067 334 1130 395 iau·

105 418 226 481 datione
240 418 355 478 Verris.
374 419 406 476 ln
423 433 483 493 quo
495 418 640 492 primum,
652 425 686 477 ut
700 416 813 492 aliquid
824 424 907 477 essct
917 432 1031 488 morae,
1049 416 1130 487 mrdti

105 503 309 577 interpellant:
324 501 363 560 de
380 499 452 561 Sex.
468 501 642 573 Peducaeo,
664 499 769 575 quide
790 499 842 559 itia
861 498 981 560 civitate
1004 507 1129 576 totaque

106 584 263 661 provincia
278 583 389 659 optime
403 584 526 645 meritus
539 591 636 654 esset,
652 598 722 643 sese
737 591 838 653 autea,
855 598 947 656 quum
960 581 1129 655 audissent,

106 668 135 728 ei
150 667 310 742 negocium
323 666 513 740 secessuum,
529 681 682 740 quumque
699 681 768 725 eum
782 663 903 740 publice
916 679 973 739 pro
992 665 1130 739 plurimis

107 749 173 810 eius
187 759 217 811 et
232 749 371 813 maximis
385 749 498 809 meritis
512 750 636 810 laudare
653 756 814 823 cuperent,
834 763 853 805 a
868 748 900 807 C.
916 748 1014 807 Verre
1028 749 1130 822 prohi-

106 832 186 894 bitos
201 848 287 893 esse:
308 832 444 907 iniquum
464 846 549 902 esse,
572 830 690 892 tametsi
703 829 880 890 Peducaeus
899 846 1007 891 earum
1025 831 1130 891 lauda·

105 916 187 977 tione
201 915 261 975 iam
275 932 335 976 non
350 920 497 984 uteretur,
514 920 686 974 tamennon
701 912 733 973 id
748 912 834 987 prius
852 913 1027 983 decernere,
1047 913 1131 988 quod

105 999 270 1075 aliquando
282 996 466 1070 voluissent,
481 1012 570 1070 quam
589 996 671 1071 quod
685 1004 747 1056 tum
762 1002 950 1069 cogerentur.
967 993 1040 1056 143.
1055 996 1130 1073 Con·

106 1084 235 1142 clamant
250 1095 357 1140 omnes
372 1086 403 1138 et
416 1079 598 1152 approbant,
614 1078 655 1138 ita
672 1078 737 1138 tieri
752 1085 902 1153 oportere
930 1078 1073 1139 Refertur
1079 1067 1130 1138 de

105 1165 275 1222 Peducaeo.
302 1163 342 1221 Ut
358 1159 488 1235 quisque
498 1169 595 1221 aetate
609 1169 639 1221 et
651 1161 832 1222 honoret
781 1177 818 1221 an
820 1159 1013 1234 tecedebat,
1004 1170 1048 1221 uta
1061 1177 1129 1221 sen·

106 1245 229 1307 tentiam
247 1243 322 1303 dixit
337 1259 376 1302 ex
393 1243 509 1303 ordine.
535 1244 571 1304 ld
591 1245 668 1304 adeo
690 1261 727 1303 ex
749 1243 819 1317 ipso
843 1252 968 1304 senatus
989 1245 1129 1305 consulto

107 1324 298 1401 cognoscite:
312 1342 382 1385 nam
396 1324 567 1401 principum
587 1328 753 1387 sententiae
768 1324 916 1400 perscribi
931 1327 1041 1387 solent.
1071 1327 1129 1387 Re

108 1408 175 1469 cita.
204 1408 286 1481 Quen
303 1424 403 1467 vunan
417 1425 513 1469 saera
535 1424 662 1469 summ:
685 1408 756 1469 Sux.
779 1409 947 1470 Ριυιιιιιιο.
979 1407 1059 1469 Dicit
1077 1407 1130 1484 qui

107 1489 195 1566 primi
209 1489 368 1551 suaserint.
389 1492 575 1553 Decernitur.
594 1492 734 1551 Refertur
748 1490 858 1551 deinde
878 1493 917 1551 de
933 1493 1039 1551 Verre.
1064 1490 1130 1565 Dic,

108 1590 239 1649 quaeso,
256 1590 317 1647 quo
334 1574 447 1634 modo?
467 1575 549 1648 Quor>
565 1591 662 1633 vanae
681 1591 777 1634 ruera
804 1590 876 1633 suur
899 1586 940 1633 oc·
956 1574 989 1655 C.
1012 1576 1128 1633 Vnone.

106 1653 184 1730 Quid
198 1663 307 1731 postea
323 1657 467 1733 scriptum
483 1666 549 1719 estt
579 1657 664 1731 Quum
678 1673 827 1718 succuum
845 1672 927 1716 anuo
945 1672 1041 1725 nepot
1062 1672 1129 1717 sert-

105 1755 235 1800 rnurrrru
261 1755 392 1799 nicanor.
423 1740 500 1815 Quid
528 1749 575 1802 cst
594 1741 673 1801 boot
706 1739 786 1800 Soas
804 1756 938 1799 auerrua.
971 1739 1066 1813 Quam
1088 1738 1130 1799 ob

105 1830 190 1884 remt
220 1823 314 1884 Nemo
333 1833 397 1884 erat
410 1824 597 1886 voluntarius
609 1823 747 1884 laudator
763 1830 920 1896 praeturae
934 1830 1014 1897 tuae,
1025 1823 1130 1883 deten-

106 1924 159 1968 sor
179 1888 395 1983 periculorum,
415 1908 594 2004 praesertim
615 1922 707 2001 quum
726 1904 803 1965 inire
817 1921 836 1963 a
849 1915 989 1980 praetore
1002 1905 1128 2000 gratiam

105 1997 234 2066 posset?
265 1991 369 2050 Nemo.
401 1990 476 2050 illi
468 1993 527 2065 rpsi
549 1990 592 2051 tui
614 1988 776 2061 convivae,
801 1988 980 2060 consiliarii,
1003 1987 1128 2059 conscii,

107 2073 184 2133 socii
208 2073 375 2132 verbums
373 2089 462 2134 acere
482 2090 543 2133 non
563 2072 684 2131 audent.
722 2071 756 2129 lu
781 2086 841 2145 qua
860 2071 944 2131 curia
964 2078 1065 2133 statua
1079 2079 1129 2132 tua

105 2155 204 2214 stabat
229 2161 258 2212 et
283 2156 365 2214 nuda
382 2155 444 2229 tilii,
458 2154 488 2213 in
507 2171 544 2213 ea
558 2168 646 2213 nemo
662 2151 717 2211 tuit
731 2168 769 2211 ne
783 2169 872 2225 quem
887 2154 987 2214 nudus
1005 2153 1129 2228 quidem

104 2235 184 2294 fitius
201 2236 313 2295 nudata
325 2235 483 2309 provincia
497 2241 720 2294 commoveret?
747 2232 817 2295 144.
847 2237 949 2312 Atque
966 2238 1056 2297 etiam
1070 2236 1129 2296 hoc

104 2335 153 2376 me
170 2318 290 2387 docent,
305 2317 371 2377 eius
386 2318 466 2379 modi
481 2325 604 2377 senatus
621 2317 791 2377 consultum
807 2317 920 2379 secisse
936 2317 1129 2390 laudationis

104 2408 137 2460 ut
151 2415 258 2458 omnes
269 2397 434 2474 intelligere
448 2409 575 2474 possem
589 2416 649 2459 non
664 2400 883 2474 laudationem,
899 2402 954 2461 sed
972 2399 1077 2477 potius
1090 2399 1129 2459 ir-

103 2483 248 2543 risionem
265 2497 335 2540 esse
349 2482 439 2555 illam,
464 2497 541 2556 quae
556 2484 829 2544 commonefaceret
843 2483 931 2545 istius
946 2493 1067 2561 turpem
1080 2499 1129 2543 ca-

104 2565 335 2638 lamitosamque
364 2573 542 2637 praeturam.
569 2565 686 2626 Etenim
712 2566 856 2640 scriptum
877 2584 948 2629 esse
964 2567 1022 2628 itur
1053 2581 1128 2635 ouon

103 2665 132 2709 rs
145 2664 244 2708 vrncrs
259 2661 393 2705 muman
408 2661 587 2707 cecmrssrr:
613 2667 631 2708 a
654 2666 716 2724 quo
737 2648 896 2723 cognostis
920 2649 1128 2711 nobilissimos

104 2732 243 2792 homines
258 2739 349 2805 atque
362 2727 628 2791 innocentissimos
643 2731 743 2793 securi
764 2748 835 2792 esse
849 2749 1036 2807 pereussos:
1053 2746 1128 2801 ouon

103 2829 281 2873 vicmannus
295 2827 478 2872 rnovmcrrm
494 2829 763 2875 rourmsrnessur:
787 2816 873 2876 cuius
889 2833 1000 2877 omnes
1010 2813 1128 2890 vigilias

102 2895 136 2954 in
153 2898 264 2971 stupris
283 2903 401 2956 constat
427 2912 498 2955 esse
521 2907 731 2973 consumptos:
756 2897 855 2971 [cuius
876 2898 959 2959 modi
980 2900 1128 2976 constant

102 2977 162 3037 hoo
186 2994 259 3038 vero
287 2979 430 3051 scriptum
454 2996 540 3052 esse,
563 2982 645 3056 quod
659 2982 796 3056 proferre
816 2997 878 3041 non
899 2983 1028 3042 auderet
1042 2996 1128 3052 reus,

100 3069 263 3120 accusator
275 3061 401 3121 recitare
415 3077 474 3121 non
496 3062 660 3124 desinerem
683 3079 759 3132 ouon
772 3080 945 3126 eneruem-:s
959 3080 1072 3126 paoem
1088 3079 1128 3121 rra

101 3156 207 3200 rusum
225 3142 340 3203 Srcrcm
359 3160 568 3206 rnouraurssrr
581 3148 719 3206 vennas:
746 3164 824 3222 quos
840 3147 929 3208 etiam
945 3148 1023 3208 intra
1037 3147 1129 3224 Syra-

101 3240 245 3285 cusanam
259 3226 387 3289 insulam
402 3230 578 3305 recepisset.

184 3307 254 3371 145.
283 3309 366 3370 Haec
381 3321 488 3386 postea
504 3329 593 3387 quam
608 3329 646 3372 ex
663 3310 723 3372 illis
739 3312 887 3387 cognovi,
909 3313 1043 3375 discessi
1061 3329 1128 3375 eum

99 3390 191 3454 tratre
204 3391 330 3469 eeuria,
351 3403 384 3455 ut
396 3396 485 3456 nobis
503 3395 681 3456 absentibus
705 3395 733 3454 si
753 3395 826 3471 quid
850 3397 960 3458 veilent
981 3399 1129 3459 decerne·
