2340 3788
353 174 445 249 ‘cna
462 197 576 252 r-ro
597 150 792 255 §.as-na..
866 282 870 289 ι
985 164 988 169 ’
1014 196 1078 261 403

47 339 174 398 castello
192 336 420 411 circumsederi,
436 339 474 398 de
487 337 617 398 Domitio
633 338 709 398 dixit
724 355 845 400 versum
862 344 1008 407 Graecum
1025 363 1075 408 ea·

47 423 118 481 dem
134 421 290 494 sententia,
308 438 367 496 qua
379 437 436 481 nos
454 421 600 480 habemus
617 421 770 482 Latinum=

196 505 324 565 Pereunt
336 508 431 577 amici,
447 505 643 564 domininici
655 521 716 564 ono
731 507 916 567 intercidunt.

46 587 136 659 Quod
150 588 215 658 ille,
231 586 258 646 si
272 595 356 647 esset
372 584 426 646 tibi
439 584 674 658 inimicissimus,
689 603 852 662 numquam
867 597 964 649 tamen
981 593 1059 654 dixis

45 676 109 728 set=
138 670 205 743 ipse
232 669 311 729 enim
344 676 535 741 mansuetus,
558 685 666 729 versus
693 669 842 730 immanis.
896 671 952 752 Qui
974 684 1073 736 autem

42 751 175 812 Domitio
195 759 314 826 poterat
335 768 417 811 esse
430 749 561 822 amicus,
581 750 632 827 qui
655 751 708 812 tibi
725 762 807 813 esset
829 752 988 815 inimicust
1010 756 1074 816 Tibi

41 851 138 908 porro
153 834 294 894 inimicus
311 850 365 893 cur
379 841 476 907 esset,
492 850 511 892 a
528 851 588 907 quo
608 851 699 909 quum
713 837 762 894 vel
779 834 908 896 interfici
922 835 993 897 belli
1006 840 1073 913 lege

39 916 210 991 potuisset,
225 932 328 989 regem
340 924 371 976 et
385 933 419 976 se
434 924 464 977 et
479 916 573 976 lilium
588 934 676 978 suum
692 917 872 979 constitutos
885 935 955 979 esse
971 919 1073 979 memi-

39 999 160 1058 nisset?
183 998 235 1060 26.
261 998 337 1071 Quid
354 999 485 1059 deinde?
505 998 629 1060 furcifer
643 1017 704 1076 quo
719 1000 936 1075 progreditur?
949 1002 1000 1062 Ait
1016 1002 1072 1062 hac

39 1081 154 1141 laetitia
169 1080 343 1141 Deiotarum
366 1083 474 1141 elatum
497 1083 568 1142 vino
589 1099 623 1142 se
644 1083 785 1144 obruisse
812 1085 841 1142 in
869 1083 1073 1159 convivioque

40 1164 155 1224 nudum
172 1161 343 1223 saltavisse.
382 1164 465 1237 Quae
481 1181 556 1225 crux
570 1165 639 1225 huic
654 1165 779 1240 fugitivo
795 1173 896 1241 potest
908 1166 982 1227 satis
1001 1183 1072 1240 sup-

40 1245 125 1320 plicii
152 1247 296 1306 adferret
321 1247 494 1307 Deiotarum
520 1249 678 1308 saltantem
699 1249 859 1324 quisquam
883 1259 936 1310 aut
956 1247 1072 1309 ebrium

38 1327 307 1404 vidit'umquamt
333 1328 443 1390 Omnes
471 1338 542 1390 sunt
566 1331 597 1388 in
621 1329 675 1390 illo
696 1330 799 1404 regiae
825 1331 966 1405 virtutes,
988 1331 1072 1407 quod

37 1420 80 1483 te,
93 1410 212 1484 Caesar,
230 1411 370 1486 ignorare
378 1412 446 1474 'non
460 1411 597 1486 arbitror,
615 1413 671 1474 sed
684 1412 849 1488 praecipue
864 1413 1027 1490 singularis
1042 1422 1072 1474 et

38 1495 218 1554 admiranda
235 1494 400 1571 frugalitas.
411 1536 414 1544 -
425 1494 496 1562 Etsi,
506 1496 565 1556 hoc
579 1496 673 1556 verbo
681 1495 755 1557 scio
770 1497 887 1569 laudari
903 1514 993 1572 reges
1009 1513 1071 1558 non

38 1578 149 1637 solere.
192 1577 283 1652 Frugi
305 1579 457 1640 hominem
477 1579 555 1648 dici,
584 1596 645 1640 non
659 1582 783 1639 multum
804 1580 896 1641 babet
916 1579 1016 1641 laudis
1039 1579 1070 1640 iu

36 1674 127 1732 rege:
152 1661 274 1723 fortem.
286 1660 413 1733 iustum,
432 1676 588 1732 severum,
609 1677 747 1734 gravem,
763 1663 995 1736 magnanimum,
1012 1665 1068 1721 lar-

36 1759 119 1817 gum,
135 1742 321 1813 beneficum,
335 1742 503 1802 liberalem:
526 1741 583 1800 hae
604 1749 675 1802 sunt
689 1741 791 1816 regiae
805 1745 927 1816 laudes,
943 1745 995 1805 illa
1009 1744 1069 1818 pri-

35 1830 110 1881 vata
127 1831 182 1883 est.
204 1823 244 1883 Ut
259 1825 342 1883 volet
358 1823 498 1897 quisque,
512 1821 658 1896 accipiat:
673 1839 730 1896 ego
745 1833 845 1884 tamen
860 1826 1069 1900 frugalitatem,

35 1907 69 1966 id
86 1913 133 1964 est
146 1903 327 1965 modestiam
340 1913 370 1966 et
381 1904 619 1980 temperantiam,
630 1903 770 1968 virtutem
781 1908 940 1967 maximam
956 1905 1067 1971 iudico.

34 1989 122 2048 Haec
142 1987 172 2047 in
194 1989 245 2046 illo
267 1995 314 2049 est
328 1989 366 2047 ab
381 1989 502 2049 ineunte
525 1996 622 2049 aetate
638 2005 729 2063 quum
745 2006 763 2050 a
779 1997 888 2063 cuncta
899 1990 989 2061 Asia,
1008 1997 1068 2049 tum

35 2089 57 2131 a
71 2068 296 2143 magistratibus
311 2070 481 2148 legatisque
496 2071 625 2144 nostris,
647 2079 708 2132 turn
733 2072 771 2131 ab
792 2071 945 2148 equitibus
959 2073 1068 2131 Roma·
1126 2136 1132 2151 ¹

35 2154 104 2224 nis,
125 2153 176 2228 qui
194 2152 225 2212 in
241 2152 318 2216 Asia
332 2153 483 2230 negociati
499 2162 584 2226 sunt,
607 2162 770 2230 perspecta
793 2163 823 2215 et
843 2155 972 2230 cognita.
1016 2151 1067 2214 27.

32 2237 139 2298 Multis
160 2235 211 2296 ille
235 2235 357 2311 quidem
378 2236 523 2312 gradibus
544 2237 715 2298 officiorum
735 2254 808 2313 erga
827 2254 891 2298 rem
915 2235 1068 2314 publicam

32 2328 172 2381 nostram
187 2320 299 2380 adhoc
314 2319 429 2396 regium
442 2338 552 2382 nomen
567 2319 719 2382 ascendit:
734 2321 790 2382 sed
806 2329 905 2382 tamen
919 2320 1068 2397 quidquid

34 2420 56 2463 a
69 2401 157 2462 bellis
173 2404 278 2477 populi
293 2403 421 2464 Romani
433 2405 578 2476 «vacabat,
594 2419 662 2465 cum
677 2403 852 2464 hominibus
867 2404 980 2465 nostris
995 2419 1068 2463 con-

34 2485 226 2558 suetudines,
243 2485 400 2561 amicitias,
412 2503 464 2549 res
475 2485 671 2562 rationesque
682 2485 834 2562 iungebat,
846 2494 879 2547 ut
890 2504 951 2547 non
967 2487 1066 2545 solum

30 2569 203 2629 tetrarches
212 2567 330 2642 nobilis,
340 2571 395 2630 sed
403 2571 491 2632 etiam
499 2568 629 2644 optimus
636 2576 723 2644 puter
731 2567 1066 2642 familiasctdiligentis-

32 2650 132 2710 simus
146 2650 280 2726 agricola
296 2660 326 2713 et
342 2651 502 2727 pecuarius
514 2652 682 2714 haberetur.
706 2651 761 2726 Qui
772 2651 862 2726 igitur
876 2651 1067 2723 adolescens,

33 2730 171 2794 nondum
182 2742 264 2796 tanta
275 2736 370 2809 gloria
384 2735 546 2810 praeditus,
561 2734 635 2795 nihil
645 2751 787 2810 umquam
803 2732 861 2795 nisi
873 2731 1068 2794 severissime

35 2825 68 2875 et
83 2815 262 2888 gravissime
277 2817 396 2889 fecerit,
418 2818 445 2879 is
458 2834 496 2879 ea
510 2816 731 2879 existimatione
756 2832 855 2892 eaque
868 2824 966 2878 aetate
978 2817 1067 2874 sulta-

34 2898 102 2957 vita
127 2898 162 2958 X.
177 2898 227 2963 28.
248 2899 368 2973 Imitari,
384 2901 499 2973 Castor,
516 2900 618 2975 potius
633 2899 683 2960 avi
697 2917 799 2962 mores
814 2897 1068 2973 disciplinamque

35 2981 172 3042 debebas
190 3000 280 3057 quarn
297 2981 410 3059 optimo
430 2993 461 3045 et
476 2981 644 3044 clarissimo
661 2982 725 3044 viro
739 2981 855 3058 fugitivi
867 2996 919 3042 ore
934 2983 1011 3040 male
1023 2980 1067 3039 di·

35 3080 116 3124 cere.
141 3065 271 3140 Quodsi
286 3069 459 3128 saltatorem
474 3083 563 3127 avum
585 3066 746 3127 habuisses
769 3082 870 3140 neque
881 3080 949 3124 eum
960 3065 1067 3135 virum,

31 3149 117 3209 unde
133 3148 259 3224 pudoris
277 3149 502 3225 pudicitiaeque
518 3151 659 3224 exempla
682 3156 870 3224 peterentur,
891 3155 991 3228 tumen
1006 3146 1067 3206 hoc

34 3232 231 3292 maledictum
244 3231 365 3293 minime
379 3233 409 3293 in
426 3233 506 3293 illam
522 3239 649 3292 aetatem
665 3230 849 3294 conveniret.
886 3229 1001 3304 Quibus
1016 3228 1067 3286 ills

35 3315 146 3375 studiis
158 3316 197 3376 ab
211 3315 334 3377 ineunte
346 3323 444 3377 aetate
460 3332 494 3376 se
511 3315 666 3385 imbuerat,
685 3330 745 3374 non
762 3312 899 3386 saltandi,
916 3312 972 3372 sed
986 3311 1065 3369 benc

32 3405 67 3460 ut
81 3397 182 3473 armis,
199 3398 311 3474 optime
324 3401 358 3461 ut
372 3398 460 3475 equis
471 3405 613 3472 uteretur,
628 3412 664 3457 aa
675 3405 773 3458 umen
788 3396 870 3534 ἰῗΙΙέιιΒ
888 3401 994 3459 cuncta
1008 3393 1065 3453 iarn
