2340 3788
40 110 47 119 ⁵
108 104 229 243 osas
332 100 743 211 raonmmomuouu
763 147 919 211 onnuo.

108 300 272 367 optimatibus
287 300 372 351 tutius
382 312 439 349 ene
456 312 515 349 snm
525 296 654 349 consulem
668 298 832 364 sineeollege
841 302 932 361 cruri,
952 310 982 352 et
999 318 1084 369 quum
1098 313 1136 357 ue

108 376 175 421 mata
192 381 223 417 es
242 381 283 416 res
300 375 366 423 esset
383 367 410 416 ln
426 373 524 431 senatu,
543 364 609 416 laetu
626 364 696 415 lnM.
710 364 793 417 Bibuli
813 368 1002 421 sententiatos.
1020 371 1064 439 (1.,
1076 374 1136 425 aas

108 437 182 503 peius
196 436 229 485 ab
243 435 370 500 interrege
377 432 448 489 Sera.
467 433 580 499 Sulpicio
597 432 888 486 mastaurorum
903 437 1078 493 merulento
1093 457 1137 492 cun·

108 502 150 555 aul
167 510 265 553 cresum
282 509 329 562 est,
345 502 481 566 statimque
492 500 650 557 consulatum
663 500 733 555 iniit.
761 502 858 553 Deinde
874 511 935 568 post
951 507 1028 557 diem
1047 511 1137 560 ternu

108 572 141 622 de
154 570 342 637 legibus-noris
360 569 471 621 lermdis
488 568 596 622 reuulit:
613 570 677 619 duas
694 584 728 619 ex
746 568 773 623 St
792 568 820 625 0.
838 571 1025 639 promulgarit,
1044 576 1138 627 ultum

108 640 141 689 ds
160 639 192 698 ei,
210 651 260 700 qua
277 639 422 688 nominatim
440 638 544 689 eaedem
555 638 582 687 iu
592 636 678 701 Appia
687 637 732 688 ria
746 636 839 688 ladam
852 646 877 689 et
892 640 1049 695 incenatum
1065 647 1138 696 curis

107 714 133 757 et
151 706 253 756 domum
272 705 313 760 M..
323 706 413 771 Lepidi
431 706 565 771 interregis
579 711 752 770 oppugnatam
770 706 975 771 comprehendit,
990 711 1138 764 sumo

85 796 90 803 «
107 775 345 838 ambitu,·poenam
362 775 505 840 morionem
520 783 545 823 et
560 773 668 823 formam
681 772 834 825 iudiciorum
852 775 1017 828 breviorem
1040 789 1139 844 utraqu

107 842 175 891 sulm
188 841 231 892 lex
246 843 318 907 prius
331 850 409 892 testes
421 841 485 901 deri,
504 840 595 892 deinde
612 854 663 890 uno
680 840 815 904 die-atque
833 843 923 893 eedem
939 847 1138 901 etsem-

57 948 59 953 .
106 918 161 959 tore
175 916 201 959 st
218 910 250 960 slr
266 924 311 961 rso
327 904 441 976 perorari
457 909 621 968 iubebstrita
637 914 665 957 ut
680 908 748 958 duae
763 907 841 960 horae
858 915 1017 975 monasteri,
1032 922 1089 966 tres
1104 932 1138 966 reo

106 977 232 1030 domum.
253 975 298 1029 ms
314 978 414 1043 legibus
431 977 554 1027 obsistere
565 976 599 1026 M.
619 972 717 1026 Gsellue
730 976 850 1028 tribunus
866 978 912 1043 pl„
931 980 1138 1035 studiosisslmm

103 1044 210 1097 Milonis
215 1081 223 1106 ‚
246 1053 351 1097 conatus
374 1052 426 1105 est,
447 1045 517 1109 quod·
529 1052 554 1095 et
567 1042 729 1109 privilegium
753 1044 848 1095 diceret
861 1047 887 1095 in
899 1044 1139 1103 Milonem-leniet

105 1113 200 1169 iudicia
210 1113 385 1180 praecipitari:
403 1120 428 1163 st
445 1128 522 1175 quum
537 1112 692 1178 pertinacius
708 1111 791 1176 legem
808 1113 908 1163 Ocelim
923 1115 1099 1183 vituperaret,
1114 1134 1138 1169 eo

43 1186 47 1197 ¹
209 1183 229 1231 lt
244 1183 297 1233 irae
311 1182 460 1245 Pompeius,
473 1177 503 1243 'ut
514 1181 616 1241 diceret,
631 1180 657 1231 si
669 1187 771 1230 coaetus
787 1190 863 1245 esset,
879 1184 959 1233 aurula
979 1198 1012 1236 se
1030 1202 1089 1237 rem
1099 1202 1138 1253 ps·

133 1248 199 1301 uun
217 1248 390 1300 defensurum.
418 1248 533 1298 Timebat
548 1256 633 1315 sutem
647 1242 784 1311 Pompeius
801 1248 921 1300 Milonem
937 1264 989 1302 seu
1009 1255 1102 1307 timere
1115 1268 1138 1304 ss

105 1316 254 1367 simulabat:
270 1316 423 1382 'plenumque
441 1329 492 1365 neu
513 1316 582 1367 demi
598 1328 673 1374 suae,
695 1315 741 1365 sed
758 1316 784 1366 in
801 1315 882 1367 hortis
903 1321 1046 1384 manebat,
1067 1324 1137 1386 idque

105 1384 190 1451 lpsnm
203 1384 230 1433 lu
244 1383 425 1448 superioribus,
438 1382 504 1433 eirca
517 1398 581 1446 quos
596 1385 673 1433 etlam
688 1397 782 1449 magua
797 1399 887 1435 manus
901 1385 1020 1438 militum
1035 1392 1137 1441 uuum-

106 1454 158 1506 Μ.
190 1448 308 1501 Senatum
325 1464 425 1525 quoque
439 1451 519 1499 semel
533 1465 561 1501 re
611 1459 636 1500 te
651 1450 782 1501 dimiserat
796 1455 941 1518 Pompeius,
960 1458 1038 1519 quod
1052 1460 1137 1511 disere

104 1520 193 1569 timere
210 1532 239 1566 se
254 1520 387 1569 adveutum
405 1517 516 1568 Milonis.
574 1519 617 1568 ein
629 1519 746 1584 proxime
764 1526 853 1572 senatu
869 1523 897 1572 P.
917 1520 1079 1579 Cornificius
1094 1525 1136 1577 ier·

104 1600 162 1637 rum
177 1584 295 1636 Milouem
316 1586 382 1636 intra
397 1586 508 1637 tunicam
531 1586 624 1637 habere
638 1586 672 1637 sd
688 1586 770 1637 lemur
787 1589 926 1654 adligatum
945 1590 1065 1647 dixerat.
1095 1594 1134 1643 Pu·

104 1652 250 1713 adlevata,
267 1661 298 1705 ut
311 1654 393 1705 lemur
406 1654 532 1705 nudaret·
548 1654 580 1704 ltt
596 1653 639 1705 ille
657 1655 712 1717 siue
726 1670 800 1708 mora
815 1657 927 1707 tunicam
942 1656 1057 1712 levarat.
1081 1661 1153 1711 Tun.

106 1720 140 1773 tt
161 1720 247 1773 (lisere
262 1721 446 1773 adamaverat
469 1722 554 1773 omnis
576 1722 615 1773 illl
631 1720 722 1774 slmdia
742 1725 846 1775 erimina
863 1739 920 1775 esse
936 1740 1008 1789 quae
1026 1730 1055 1779 in
1073 1728 1135 1779 Mile

103 1804 161 1841 nem
176 1789 318 1840 dicerentur
331 1790 390 1840 alla.
426 1820 428 1825 .
1001 1802 1004 1807 ·

171 1858 269 1909 Deinde
279 1858 407 1909 Munatius
423 1857 531 1911 Plancus
547 1860 665 1909 tribunus
682 1858 720 1924 pl.
738 1859 890 1923 produxerat
902 1859 929 1909 ln
945 1865 1095 1915 contionem
1107 1864 1133 1916 tt

8 1974 11 1979 .
103 1926 239 1977 Aemilium
253 1926 438 1986 Philemonem,
461 1935 549 1977 notum
573 1927 717 1988 hominem,
741 1926 857 1977 libertum
879 1927 912 1981 M.
930 1928 1038 1994 Lepidi.
1074 1934 1100 1982 Is
1113 1946 1135 1981 se

104 1995 202 2046 dleelrst
215 1996 360 2059 pariterque
376 2008 462 2044 secum
481 2001 598 2057 quattuor
611 1995 703 2044 liberos
719 1994 832 2044 hordines
847 1995 896 2044 iter
909 1995 1040 2049 iacientes
1054 2014 1135 2065 super·

103 2066 217 2122 venisse,
233 2078 309 2126 quum
328 2061 431 2112 Clodius
448 2063 619 2123 occideretur,
637 2070 662 2111 et
678 2064 709 2112 ob
724 2063 752 2112 id
769 2077 847 2125 quum
864 2063 1082 2129 proclamassent,
1099 2069 1136 2118 an
1169 2051 1170 2111 l

105 2138 189 2196 reptos
210 2139 235 2180 et
257 2146 304 2196 per
319 2131 382 2180 duos
401 2144 499 2180 menses
515 2133 540 2179 lu
563 2131 623 2180 villa
639 2130 737 2181 Milonis
761 2130 906 2194 praeclusos
937 2132 1040 2185 luisse:
1062 2151 1136 2198 eaque
1168 2117 1170 2148 ¹

8 2188 13 2207 '
103 2212 144 2247 res
162 2213 208 2246 seu
226 2214 285 2248 vera
299 2214 342 2248 seu
362 2199 427 2249 lelsa
443 2213 560 2264 magnam
575 2199 695 2248 invidiam
713 2198 801 2248 Miloni
823 2206 991 2250 contraxerat.
1029 2204 1137 2266 Itemque
1169 2209 1170 2254 1

106 2265 234 2314 Munatius
256 2274 280 2314 et
297 2268 433 2330 Pompeius
451 2268 543 2316 tribuni
570 2267 605 2329 pl.
629 2267 655 2316 iu
677 2273 758 2316 rostra
780 2267 951 2330 produxerant
975 2271 1137 2324 triumvirum
1169 2269 1170 2282 ³

104 2331 237 2396 ospitalem
253 2348 359 2396 eumque
377 2336 603 2400 interrogaverant,
624 2348 656 2382 an
675 2334 788 2384 (inlatam
804 2334 906 2384 Milonis
921 2350 1032 2388 serrum
1052 2340 1138 2390 caedes

102 2398 235 2450 facientem
253 2401 467 2467 deprehendisset.
504 2402 548 2451 llle
562 2401 725 2452 dormientem
742 2403 769 2451 in
785 2403 887 2453 taberne
904 2417 950 2466 pro
965 2404 1082 2472 fugitivo
1099 2408 1138 2458 de·

101 2467 254 2534 prehensum
279 2477 303 2518 et
322 2470 355 2519 ad
370 2485 397 2519 se
414 2470 563 2533 perductum
583 2484 639 2519 esse
656 2471 829 2534 responderet.
865 2470 1090 2525 Deuuneiaverant
1105 2483 1138 2523 ts·

102 2550 159 2587 men
174 2537 314 2596 triumviro,
332 2552 364 2588 ne
380 2551 481 2586 servum
499 2539 643 2592 remitteret*
665 2537 715 2588 Sed
731 2545 832 2604 postera
850 2539 891 2588 die
905 2537 1008 2590 Caelius
1024 2544 1138 2593 tribunus

103 2605 139 2669 pl.
169 2612 193 2654 et
213 2604 241 2664 Q.
263 2606 381 2655 Manilius
399 2604 524 2654 llumanm
547 2606 645 2671 collega
665 2607 719 2656 elus
743 2615 855 2670 ereptum
878 2621 893 2655 e
914 2607 991 2656 domo
1013 2610 1139 2660 triumviri

104 2688 205 2725 servum
222 2673 309 2723 Miloni
327 2673 495 2724 reddiderant.
530 2674 597 2723 llaec
616 2675 663 2723 etsi
684 2674 780 2723 nullam
796 2674 827 2723 de
844 2674 885 2722 his
904 2675 1057 2728 criminibus
1074 2693 1139 2728 men·

101 2741 196 2791 tlouern
215 2740 275 2791 lecit
290 2740 391 2805 (licere,
411 2748 510 2803 mmen,
534 2743 644 2804 quisita
661 2740 846 2806 compereram}
864 2743 955 2806 putari
975 2748 1139 2810 exponenda

101 2808 167 2858 Inter
190 2810 286 2874 primos
308 2817 332 2860 et
348 2809 377 2868 Q.
395 2809 530 2873 Pompeius
549 2819 573 2859 et
591 2808 618 2860 0.
638 2808 771 2859 Sallustius
792 2818 816 2860 et
832 2809 861 2858 Τ.
879 2811 1008 2859 Munatius
1033 2815 1141 2865 Plancus

100 2877 196 2927 tribuni
205 2876 242 2941 pl.
258 2878 447 2927 inimicissimas
457 2877 586 2927 contiones
602 2877 737 2928 deMilene
754 2877 890 2937 habebunt,
908 2879 1055 2931 invidiosas
1067 2885 1141 2932 etlam

101 2944 135 2993 de
156 2942 289 3008 Cicerone,
312 2945 355 3008 qui
370 2943 490 2994 Milonem
512 2951 581 2994 tanto
607 2946 691 2995 studio
715 2945 873 2997 delenderet:
897 2953 1000 3009 eratque
1028 2952 1140 3000 maxims

102 3024 163 3074 pars
177 3013 343 3064 multitudinis
356 3012 456 3062 iuleusa
470 3027 519 3062 nen
537 3013 620 3063 solum
633 3013 728 3073 Miloni,
748 3015 793 3063 sed
811 3016 885 3063 etiem
904 3022 1010 3078 propter
1020 3018 1140 3068 invisum

102 3081 268 3140 patrocinium
296 3080 418 3130 Ciceroni.
454 3081 545 3131 Postea
563 3082 699 3145 Pompeius
728 3090 752 3130 et
777 3081 911 3132 Sallustius
941 3082 968 3131 in
992 3087 1142 3150 suspicione

102 3144 204 3194 luerunt
226 3149 322 3198 redisse
345 3151 370 3198 iu
394 3150 500 3214 gratiam
522 3163 579 3198 cum
595 3149 687 3199 Milone
710 3164 740 3198 ac
757 3150 883 3199 Cicerone.
919 3150 1032 3200 Plancus
1058 3164 1142 3203 autem

102 3211 265 3264 infestissime
280 3216 404 3280 perstitit·
416 3212 490 3279 etq'ue
509 3218 534 3266 in
549 3215 692 3268 Ciceronem
711 3232 811 3279 quoqne
829 3218 1016 3267 multitudinem
1033 3223 1141 3286 instiga·

101 3281 152 3340 rit,
173 3280 295 3344 Pompeio
313 3290 397 3332 autem
419 3294 563 3350 suspectum
584 3285 691 3335 faciebat
709 3283 841 3345 Milonem,
863 3287 896 3336 ad
916 3287 1060 3350 perniciem
1088 3290 1142 3338 elus

101 3349 241 3412 comparari
261 3349 310 3398 vim
326 3351 491 3403 vuelleratus:
504 3354 688 3416 Pompeiusque
705 3353 736 3402 ob
754 3366 785 3401 ea
802 3355 904 3417 saepius
921 3355 1079 3416 querebatur
1090 3357 1145 3406 neri
