2340 3788
116 182 160 246 64
342 180 381 238 lN
401 179 433 239 C.
453 178 616 237 VERREM
629 178 712 237 ACT.
729 179 765 237 ll.
785 179 857 241 ΗΒ.
871 180 924 239 tv.
993 272 1000 283 Ι

117 347 208 408 pora,
223 347 242 390 o
257 338 373 389 mores!
395 327 469 387 nihil
482 326 604 386 nimium
619 335 708 389 vetus
721 328 883 402 proleram.
912 328 993 395 Sunt
1007 342 1165 397 vestrum
1159 282 1167 347 ξ

117 404 248 509 aliquem
261 412 359 483 multi,
382 410 480 485 quil.
494 410 634 470 Pisonem
653 418 838 483 cognontnt,
855 410 997 474 huiusL.
1011 415 1163 493 rocus,

117 496 170 570 qui
183 502 305 570 praetor
322 493 391 566 luit,
404 501 536 590 'patrem
566 491 616 564 lli,
638 509 730 566 quum
746 491 1041 571 essetinilispania
1053 514 1131 575 prae
1166 517 1169 524 ·

116 589 179 650 tor,
205 593 265 651 qua
279 578 308 635 in
324 575 482 651 provincia
498 574 619 635 occisus
636 582 697 647 est,
723 574 828 636 nescio
854 593 916 650 quo
932 588 1044 654 pacto,
1069 582 1161 645 dum
1157 602 1164 621 ··

116 659 208 721 armis
223 668 395 733 exercetur,
413 660 522 718 anulus
543 673 669 729 aureus,
695 673 785 733 quem
805 656 950 737 habebat,
974 664 1159 725 tractuset
1155 726 1169 735 ,

116 742 318 804 'comminutus
330 752 386 804 est
408 742 505 814 Quum
525 741 616 801 vellet
630 738 689 799 sibi
702 741 826 799 anulum
845 742 963 838 lacere,
983 744 1158 809 aurificen'
1155 778 1158 811 ι

16 860 20 867 -
116 825 205 887 iussit
224 825 328 885 vocari
347 825 379 885 in
402 825 500 883 lorum
518 823 558 880 ad
575 823 681 881 sellam
694 821 852 883 Cordubae
873 831 905 884 ct
923 826 952 885 ei
968 829 1070 901 pelam
1082 845 1169 909 ep

117 908 221 984 pendit
234 924 356 968 aurum·
375 902 549 966 hominem
540 921 571 962 ιι
587 904 653 964 loro
673 904 756 964 iubet
778 906 884 967 sellam
904 922 1025 980 ponere
1039 920 1075 973 et
1091 912 1169 993 ιιι-,-

116 1007 186 1052 oere
201 992 324 1050 anulum
339 987 478 1049 omnibus
496 986 718 1060 praesentibus.
754 985 882 1049 Nimium
903 991 1039 1053 fortasse
1058 972 1169 1053 dieas
1161 1024 1169 1053 t

116 1073 225 1149 aliquis
239 1072 319 1131 hunc
331 1070 512 1143 diligentem
532 1069 684 1128 Hactenus
701 1068 917 1144 reprehendet,
931 1071 959 1133 si
971 1075 1025 1148 qui
1041 1077 1169 1139 volet:

116 1157 189 1217 nihil
205 1152 345 1226 amplius.
375 1153 489 1210 Verum
505 1151 560 1211 luit
576 1151 604 1210 ei
621 1153 859 1212 concedendum
885 1152 982 1215 Filius
1005 1157 1169 1227 enimn:

114 1236 232 1297 Pisonis
249 1242 327 1305 erat,
345 1233 426 1307 eius,
443 1233 495 1308 qui
511 1232 626 1308 primus
641 1235 680 1293 de
690 1234 829 1309 pecuniis
841 1238 1022 1310 repetundis
1038 1241 1169 1315 legen.

115 1318 188 1379 tulit.
213 1314 263 1377 57
292 1315 462 1376 Ridiculum
477 1324 524 1377 est
536 1333 584 1376 me
598 1333 677 1376 nunc
692 1317 730 1376 de
745 1319 840 1377 Verre
854 1317 957 1379 dicere
965 1322 1169 1399 ,quumdt

113 1401 223 1460 Pisone
236 1397 326 1472 Frugi
340 1398 480 1459 dixerim:
503 1416 607 1459 verum
620 1408 717 1459 tamen
732 1409 875 1474 quantum
889 1400 1009 1465 intersit
1024 1404 1158 1471 videte.

112 1484 174 1543 Iste
195 1498 288 1556 quum
304 1481 420 1555 aliquot
438 1482 602 1542 abacorum
619 1483 731 1542 laceret
743 1499 819 1542 vase
835 1499 944 1557 aurea,
963 1502 1027 1547 non
1049 1488 1158 1549 labo.
1157 1522 1169 1531 -·

113 1563 278 1639 ravitquid
295 1580 355 1624 non
372 1564 484 1624 modo
476 1581 507 1623 ιι
524 1563 640 1636 Sicilia,
663 1581 768 1624 verum
788 1564 879 1626 etiam
897 1566 1045 1629 Romae'
1034 1586 1067 1631 m
1085 1568 1124 1631 ιι
1155 1564 1169 1663 ξι

113 1646 193 1707 dicio
207 1647 339 1707 audiret:
362 1645 440 1706 ille
432 1664 463 1706 ru
483 1646 548 1707 auri
571 1646 726 1707 semuncia
748 1655 839 1708 totam
855 1646 1035 1724 Hispaniam
1053 1652 1160 1712 seim

111 1729 207 1790 voluit
228 1730 309 1789 unde
328 1729 461 1805 praetori
482 1730 590 1789 anulus
606 1729 700 1789 lieret
731 1729 889 1804 Nimirum,
909 1740 944 1793 ut
956 1733 1005 1793 lue
1019 1726 1160 1795 no'rnen·
1156 1770 1169 1803 ,-

112 1829 201 1873 suum
219 1811 442 1887 comprobavit,
460 1811 505 1873 sic
522 1811 572 1872 ille
587 1827 767 1907 cognomen.
1160 1855 1169 1897 :

194 1896 298 1956 XXVI.
330 1896 417 1955 Nullo
439 1895 530 1956 modo
546 1911 673 1969 possum
688 1893 788 1955 omnia
801 1894 889 1956 istius
904 1898 983 1957 lacte
996 1908 1050 1959 aut
1069 1914 1125 1959 me·
1160 1942 1169 1983 3

112 1978 208 2039 moria
222 1978 370 2052 consequi
385 1985 436 2037 aut
456 1978 592 2037 oratione
612 1976 779 2052 complecti.
811 1977 929 2037 Genera
946 1979 1017 2053 ipsa
1040 1981 1125 2057 cupio
1162 2030 1169 2065 ,.

111 2059 243 2121 breviter
268 2060 434 2135 attingere,
467 2069 501 2121 ut
523 2059 572 2119 hio
603 2061 693 2120 modo
725 2075 774 2119 me
802 2061 987 2122 commonuit
1009 2063 1124 2125 Pisonis
1163 2095 1169 2150 ι

111 2143 235 2213 anulus,
263 2145 345 2217 quod
368 2151 462 2204 totum
488 2141 656 2202 ellluxeral.
699 2142 793 2216 Quam
812 2142 912 2205 multis
932 2143 1023 2206 istum
1043 2154 1125 2220 puta-
1164 2194 1167 2201 .

112 2223 151 2282 tis
171 2222 342 2284 hominibus
358 2224 495 2286 honestis
509 2224 547 2284 de
562 2222 663 2298 digitis
687 2226 796 2285 anulos
817 2226 1002 2287 abstulisset
1038 2228 1124 2290 Num·
1166 2222 1169 2291 ἶ

113 2319 203 2379 quam
232 2304 392 2378 dubitavit,
419 2308 689 2382 quotienscumque
713 2307 840 2368 alicuius
865 2318 916 2369 aut
938 2313 1059 2385 gemma
1079 2318 1126 2371 aut

111 2387 201 2447 anulo
218 2387 383 2447 delectatus
399 2398 455 2450 est
486 2389 664 2450 incredibile
685 2390 798 2463 dicam,
820 2393 876 2452 sed
895 2390 937 2451 ite
951 2394 1080 2469 clarum,
1096 2400 1126 2454 ut

111 2468 210 2544 ipsum
226 2476 400 2543 negaturum
416 2489 477 2532 non
491 2471 624 2532 arbitrer.
656 2469 707 2533 58.
738 2473 834 2547 Quum
847 2475 988 2537 Valentio
1003 2478 1071 2538 eius
1084 2475 1125 2535 in·

110 2551 233 2627 terpreti
253 2552 382 2626 epistola
398 2555 561 2629 Agrigento
587 2556 687 2616 adleta
707 2564 804 2629 esset,
831 2573 904 2617 casu
927 2558 1048 2633 signum
1071 2560 1125 2621 iste

110 2634 341 2695 animadvertit
333 2652 364 2694 ιι
379 2638 501 2696 cretula.
520 2638 671 2698 Placuit
645 2656 686 2698 er.
702 2636 853 2713 quaesivit
866 2641 947 2700 unde
965 2649 1051 2703 esset
1065 2641 1123 2718 epi

110 2721 196 2780 stola.
211 2717 388 2814 Respondit,
404 2718 577 2794 Agrigento.
599 2722 659 2781 Iste
673 2720 713 2781 ad
723 2737 802 2796 quos
814 2723 933 2782 solebat
946 2722 1063 2784 litteras
1075 2741 1123 2785 mr

109 2801 161 2873 sit,
179 2810 213 2862 ιιι
226 2801 253 2862 is
268 2802 375 2862 anulus
390 2802 430 2860 ad
445 2818 479 2861 se
494 2803 590 2877 primo
603 2820 725 2878 quoque
741 2812 877 2899 tempore
886 2807 940 2865 adi
938 2814 1064 2866 erretur
1085 2808 1127 2867 Ita

44 2948 47 2965 Ι
108 2881 234 2943 litteris
227 2885 314 2946 istius
331 2892 383 2960 pet
384 2885 409 2943 ri
426 2885 561 2957 familias,
576 2887 609 2945 L.
624 2885 709 2959 Titio,
726 2886 785 2959 orvi
801 2888 948 2962 Romano,
962 2890 1074 2951 anulus
1089 2891 1126 2949 de

109 2962 200 3036 digito
216 2967 367 3028 detractus
384 2977 439 3029 est.
471 2969 525 3031 llla
538 2985 610 3029 vero
626 2969 692 3028 eius
709 2969 858 3043 cupiditas
872 2970 1059 3032 incredibilis
1071 2981 1126 3033 est.

108 3043 181 3105 Nam
194 3056 228 3106 ut
248 3048 277 3106 in
299 3051 418 3125 singula
437 3051 608 3123 conclavia,
632 3067 709 3125 quae
729 3051 786 3112 iste
809 3069 870 3113 non
894 3054 986 3115 modo
1001 3055 1125 3126 Romae,

108 3126 164 3185 sed
181 3127 212 3184 in
229 3133 367 3193 omnibus
383 3133 462 3193 villis
482 3134 587 3207 habet,
609 3133 740 3194 tricenos
762 3135 857 3196 lectos
879 3135 993 3232 optime
1015 3145 1125 3199 stratos

108 3224 175 3269 cum
191 3212 318 3270 caeteris
336 3215 518 3277 ornamentis
542 3215 672 3276 convivii
694 3227 866 3292 quaereret,
888 3218 1013 3279 nimium
1035 3221 1127 3281 multa

107 3307 283 3366 comparare
300 3295 459 3357 videretur
498 3300 585 3359 Nulla
605 3300 741 3359 domus
733 3318 764 3359 ιι
779 3299 882 3361 Sicilia
900 3301 1041 3376 locuples
1063 3300 1125 3374 luit,

106 3374 179 3437 ubi'
171 3382 228 3437 rste
245 3391 304 3434 non
317 3379 475 3440 textrinum
491 3380 656 3443 instituerit.
682 3381 731 3442 59.
762 3382 870 3443 Mulier
888 3393 936 3445 est
956 3385 1127 3461 Segestana
