2340 3788
113 166 156 233 24
280 167 354 230 PRO
370 168 453 229 SEX.
466 165 603 228 Roscto
620 166 794 257 Antonino
809 165 961 227 ORATIO.

115 324 154 383 ab
167 319 341 382 innocentia
361 316 628 390 clementissimus,
647 326 747 377 mmen
767 316 854 377 tacita
873 332 922 376 me
942 324 1067 391 paterer
1086 320 1128 380 ret
1166 286 1168 357 Ι

114 405 166 464 iilo
181 403 250 479 ipso
264 400 411 462 acerrimo
426 398 527 460 iudice
541 408 704 474 quaerente
719 401 767 460 vei
781 399 864 475 apud
877 398 1045 460 Cassianos
1060 398 1128 461 iudi·
1166 459 1168 465 .

116 502 183 557 ces,
200 501 328 559 quorum
342 482 431 545 etiam
446 483 569 557 nuncii,
583 482 693 558 quibus
704 499 799 543 eausa
809 480 939 542 dicenda
952 489 1010 557 est,
1024 498 1129 545 nomen
1166 540 1168 551 ,

114 570 216 644 ipsum
225 566 436 639 reformidant,
459 582 513 642 pro
532 565 603 626 Sex.
617 564 730 626 Roscio
746 564 857 625 dicere.
888 564 994 625 XXXI.
1018 562 1073 627 86.
1102 567 1129 639 in
1166 566 1168 593 ³

116 650 175 710 hac
186 648 265 709 enim
282 666 375 709 causa
393 666 484 725 quum
500 647 636 708 viderent
656 648 725 708 iilos
740 646 958 722 amplissimam
972 648 1129 723 pecuniam

115 733 291 808 possidere,
314 733 394 793 hunc
414 731 445 792 in
467 747 584 791 summa
602 730 793 792 mendicitate
814 745 899 804 esse,
916 728 992 790 ittud
1013 731 1130 805 quidem

116 832 177 875 non
193 823 385 891 quaererent,
402 814 450 875 cui
463 814 546 875 bono
559 810 682 888 inisset,
698 814 762 887 sed,
780 828 817 872 eo
832 811 1007 887 perspicuo,
1022 812 1129 875 crimen

116 907 147 958 et
170 897 378 973 suspicionem
400 895 503 973 potius
523 896 563 955 ad
587 897 730 969 praedam
755 892 955 969 adiungerent
980 911 1075 969 quam
1096 894 1130 955 ad

116 990 289 1057 egestatem.
320 980 411 1055 Quid,
436 979 463 1040 si
476 978 594 1038 accedit
609 979 716 1038 eodem
737 986 770 1039 ut
788 976 1001 1038 tenuisantea
1021 978 1130 1039 inerint

116 1064 205 1139 quid,
232 1063 259 1123 si
275 1071 308 1123 ut
324 1068 457 1124 avarus?
481 1060 570 1136 quid,
598 1060 625 1122 si
640 1068 672 1121 ut
686 1061 808 1121 audax?
829 1059 918 1135 quid,
939 1059 966 1119 si
987 1067 1020 1119 ut
1039 1060 1129 1131 illius,

116 1145 168 1222 qui
183 1144 304 1205 occisus
319 1153 381 1219 est,
401 1142 648 1205 inimicissimus?
663 1160 734 1203 num
750 1142 940 1218 quaerenda,
955 1158 1038 1217 quae
1053 1150 1083 1205 te
1094 1141 1128 1203 ad

113 1237 228 1288 tantum
242 1225 360 1287 facinus
375 1225 576 1288 adduxerintt
598 1226 676 1300 Quid
690 1242 763 1300 ergo
775 1226 883 1286 horum
896 1223 1001 1300 negari
1013 1228 1129 1303 potenti

114 1308 256 1368 renuitas
274 1308 405 1370 hominis
429 1309 496 1370 eius
516 1310 598 1370 modi
615 1319 678 1381 est,
702 1317 735 1369 ut
757 1307 939 1368 dissimulari
960 1324 1024 1371 non
1044 1312 1130 1382 queat
1162 1349 1165 1352 -

115 1400 207 1466 atque
223 1407 261 1450 eo
276 1390 372 1464 magis
387 1392 524 1466 eluceat,
545 1409 607 1466 quo
624 1393 720 1466 magis
742 1393 916 1452 occultatus.
944 1387 996 1453 87.
1024 1388 1128 1451 Avari·

115 1473 186 1532 tiam
200 1473 353 1548 praefers,
369 1476 421 1548 qui
439 1472 613 1535 societatem
630 1473 740 1535 coieris
755 1475 794 1534 de
815 1470 977 1548 municipis
998 1470 1129 1547 cognati·

117 1572 176 1630 que
188 1555 316 1615 fortunis
328 1572 396 1616 cum
411 1554 606 1616 alienissimo.
639 1556 734 1630 Quam
750 1557 793 1616 sis
808 1557 925 1627 audax,
940 1554 1045 1641 utalia
1059 1553 1128 1615 obii·

114 1637 229 1709 viscar,
245 1637 315 1697 hinc
329 1653 435 1699 omnes
449 1638 614 1713 intelligere
636 1647 812 1714 potuemnt,
837 1639 920 1712 quod
942 1654 983 1697 ex
1005 1645 1070 1708 tota
1083 1653 1129 1699 so·

115 1719 243 1801 cietate,
258 1719 317 1781 hoc
340 1728 402 1792 est,
424 1737 463 1780 ex
484 1729 528 1782 tot
542 1720 674 1794 sicariis,
696 1724 781 1782 solus
802 1730 834 1782 tu
853 1722 995 1781 inventus
1008 1736 1059 1792 es,
1081 1718 1130 1794 qni

115 1817 184 1862 cum
198 1805 426 1865 accusatoribus
441 1805 566 1864 sederes
579 1811 672 1879 atque
691 1821 726 1865 os
744 1812 827 1865 tuum
842 1821 901 1864 non
917 1802 1008 1865 modo
1029 1809 1130 1863 osten·

114 1885 219 1958 denes,
240 1887 296 1946 sed
312 1885 402 1947 etiam
417 1887 553 1948 offerres.
595 1886 768 1948 Inimicitias
788 1886 841 1947 tibi
861 1885 958 1947 fuisse
977 1901 1046 1946 cum
1060 1884 1130 1945 Sex.
1166 1926 1168 1939 .

112 1968 225 2029 Roscio
240 1977 271 2030 et
289 1986 414 2045 magnas
431 1970 476 2031 rei
491 1968 644 2030 familiaris
666 1969 891 2030 controversias
905 1969 1059 2029 concedas
1082 1984 1131 2029 ne-

115 2066 205 2111 cesse
220 2060 275 2110 est.
310 2051 360 2114 88.
393 2053 513 2125 Restat,
527 2053 661 2125 iudices,
675 2061 708 2112 ut
720 2051 780 2112 hoc
793 2051 979 2124 dubitemus,
994 2059 1064 2111 uter
1078 2066 1130 2126 po

114 2131 173 2192 tius
188 2131 417 2193 Sex.'itoscium
435 2133 593 2206 occiderit,
614 2133 655 2206 is,
680 2134 721 2193 ad
742 2151 831 2208 quem
852 2142 948 2196 morte
969 2132 1037 2194 eius
1057 2132 1131 2193 divi·

113 2212 173 2272 tiae
186 2213 332 2286 venerint,
347 2231 385 2274 an
400 2215 436 2286 is,
452 2217 492 2276 ad
507 2232 597 2290 quem
612 2215 798 2288 mendicitas,
814 2216 851 2289 is,
866 2216 918 2291 qui
932 2225 1023 2277 antea
1032 2212 1131 2277 tenuis

114 2293 217 2367 inerit,
233 2311 272 2354 an
289 2295 332 2369 is,
350 2297 403 2371 qui
418 2306 525 2371 postea
539 2299 636 2358 iactus
651 2297 690 2359 sit
704 2299 933 2373 egentissimus,
953 2298 997 2371 is,
1019 2298 1074 2373 qui
1086 2314 1130 2359 ar·

114 2377 191 2436 dens
203 2376 328 2437 avaritia
342 2380 455 2440 feratur
466 2380 594 2440 infestus
611 2380 642 2441 in
657 2398 748 2454 suos,
770 2399 808 2442 an
824 2383 864 2455 is,
889 2380 941 2458 qui
955 2397 1079 2456 semper
1092 2380 1131 2447 ita

113 2457 237 2533 vixerit,
251 2467 285 2519 nt
300 2469 459 2534 quaestum
472 2472 579 2524 nosset
593 2464 721 2538 nullum,
737 2465 865 2526 fructum
879 2472 978 2524 autem
996 2480 1067 2525 eum
1082 2480 1130 2525 so

112 2542 188 2615 lum,
204 2558 294 2617 quem
309 2543 414 2605 labore
426 2545 611 2620 peperisset,
626 2545 669 2621 is,
689 2547 741 2622 qui
762 2547 894 2608 omnium
909 2554 1064 2609 sectorum
1079 2564 1130 2607 ou·

113 2624 296 2687 ducissimus
314 2624 367 2700 sit,
382 2643 421 2686 an
439 2626 482 2701 is,
498 2627 550 2702 qui
564 2638 689 2704 propter
708 2629 766 2690 tori
787 2628 1028 2705 iudiciorumque
1049 2629 1131 2689 inso-

112 2707 233 2769 lentiam
247 2725 309 2770 non
323 2710 414 2771 modo
431 2710 590 2783 subsellia,
607 2711 815 2773 verumetiam
837 2712 942 2772 urbem
962 2712 1064 2787 ipsam
1085 2728 1131 2772 ra·

111 2790 266 2865 tormidet,
281 2800 453 2868 postremo,
472 2791 603 2867 iudices,
623 2794 654 2855 id
667 2796 748 2871 quod
764 2797 883 2856 adrem
897 2794 1132 2865 measententio

112 2874 242 2934 maxime
264 2875 408 2950 pertinet,
431 2883 530 2937 uuum
552 2875 691 2940 inimicus
710 2877 812 2953 potius
830 2895 868 2938 an
891 2877 982 2938 titius.
1013 2878 1130 2939 xxxlt.

111 2951 162 3048 89.
180 2954 262 3048 Haec
273 2967 315 3031 tu,
327 2958 428 3034 Eruci,
443 2968 487 3021 tot
501 2969 532 3021 ει
545 2969 628 3022 tanta
638 2960 664 3021 si
679 2969 785 3022 nactus
800 2977 888 3022 esses
902 2960 933 3021 in
949 2977 1020 3031 reo,
1039 2976 1131 3036 quam

111 3033 165 3130 diu
184 3035 319 3099 diceres!
348 3058 409 3116 quo
432 3051 461 3104 te
483 3044 574 3104 modo
592 3044 739 3105 iactares!
766 3046 913 3119 Tempus,
941 3043 1082 3116 hercule,
1102 3051 1131 3103 te

113 3127 201 3212 ornus
217 3135 307 3192 quam
322 3124 418 3185 oratio
437 3126 590 3187 deiiceret„
624 3126 742 3187 Etenim
754 3125 785 3186 in
801 3127 929 3202 singuiis
948 3127 1042 3187 rebus
1063 3126 1130 3187 eius

111 3200 192 3261 modr
204 3201 344 3263 materies
357 3214 412 3279 est,
427 3216 460 3268 ut
471 3207 537 3269 dies
549 3208 686 3284 singulos
699 3208 801 3284 possis
813 3225 1002 3270 consumere.
1024 3208 1132 3284 Neque

110 3295 168 3357 ego
190 3298 250 3344 non
277 3301 418 3358 possum,
446 3306 507 3350 non
530 3292 609 3351 enim
626 3289 698 3351 mihi
719 3301 831 3353 tantum
852 3293 983 3366 derogo,
1011 3289 1133 3353 tametsi

29 3402 32 3409 -
105 3363 184 3426 nihii
200 3368 333 3445 adrogo,
351 3376 384 3431 ut
397 3377 427 3430 te
442 3373 600 3449 copiosius
616 3390 706 3450 quam
726 3391 774 3435 me
788 3383 891 3451 putem
905 3390 1000 3450 posse
1015 3375 1129 3435 dicere.
