2340 3788
264 234 269 242 .
314 133 321 149 ’
364 152 368 157 ’
402 171 485 233 cnr.
505 179 596 235 1-e
618 132 757 240 s1ss-s.
1030 178 1090 245 157

34 338 130 398 ,esse
146 320 289 418 gratiam
307 321 428 396 deinde,
444 323 472 385 si
487 322 562 400 quid
572 322 725 420 obtigerit,
741 341 842 403 aequo
857 326 958 388 animo
971 306 1092 405 parato-

55 423 119 483 que
133 403 257 466 moriar
283 405 358 466 Nam
379 422 481 483 neque
499 406 599 481 turpis
613 423 695 468 mors
711 407 783 469 lorti
802 409 867 471 viro
887 420 991 487 potest
1010 412 1092 474 acci·

54 493 132 553 dere
147 485 251 564 neque
264 487 424 551 immatura
437 489 593 552 consulari
607 505 664 551 nec
677 489 793 552 misera
807 492 947 589 sapienti
970 495 1033 556 Nec
1048 505 1093 559 ta

53 590 127 653 tuen
143 588 204 669 ego
220 582 288 635 sutn
306 571 357 633 illa
373 574 500 647 lerneus,
524 573 577 650 qui
601 574 700 635 lratris
716 574 866 636 carissimi
881 585 973 652 atque
988 595 1093 639 aman-

53 655 168 719 tissimi
188 655 359 731 praesentis
384 672 521 719 maerore
542 673 603 717 non
618 665 750 726 ,movear
770 657 942 735 horumque
959 661 1094 724 omnium

50 738 207 813 lacrimis,
228 740 374 815 aquibus
394 757 444 801 me
464 739 700 802 circumsessum
715 740 836 802 vidctis.
869 743 977 817 Neque
994 759 1091 809 meam

54 831 191 901 mentem
205 839 269 883 non
279 824 403 886 domum
417 840 513 899 saepe
522 832 647 884 revocat
661 825 833 886 exanimata
842 841 920 887 uxor
931 834 963 886 et
976 825 1094 887 abiecta

55 915 140 969 metu
153 905 217 969 ulia
234 913 265 967 et
278 909 425 983 parvulus
443 906 540 980 lilius,
560 923 651 982 quem
664 907 738 968 mihi
753 907 872 970 videtur
885 909 1029 984 amplecti
1042 925 1108 971 res·

55 990 184 1066 publica
192 997 352 1066 ‚umquam
367 989 506 1051 obsideni
518 993 696 1052 consulatus
708 991 777 1065 mei,
788 1009 890 1069 neque
902 989 963 1066 ille,
976 991 1030 1068 qui
1041 1007 1094 1052 ex-

57 1081 205 1149 spectans
225 1073 316 1134 huius
331 1073 446 1136 exitum
462 1073 524 1135 diei
538 1074 639 1136 adstat
662 1074 692 1134 in
708 1084 879 1152 conspectu
898 1092 968 1136 meo
990 1091 1093 1151 gener.

55 1157 188 1219 lloreor
209 1156 258 1217 his
275 1158 369 1218 rebus
387 1155 545 1232 omnibuS,
574 1158 681 1219 sedin
703 1175 772 1220 eam
793 1167 925 1234 partem,
951 1158 993 1220 uti
1016 1156 1095 1221 salvi

56 1240 120 1303 siut
127 1238 291 1301 vobiscum
306 1257 423 1316 omnes,
438 1239 528 1301 etiarn
543 1242 630 1302 sime
642 1242 690 1302 vis
702 1241 805 1318 aliqua
820 1241 1019 1319 oppresserit,
1037 1259 1094 1318 po·

55 1324 246 1398 tius,quam
267 1332 298 1386 et
318 1324 370 1387 ille
392 1334 423 1387 ct
443 1340 501 1385 nos
521 1340 583 1385 una
599 1324 645 1385 rei
661 1325 801 1400 publicae
818 1334 907 1402 peste
920 1342 1094 1402 pereamus.

55 1406 85 1469 t,
112 1407 181 1481 Qua
194 1424 238 1482 re,
252 1415 355 1483 patres
370 1407 546 1484 conscripti,
561 1407 725 1470 incumbite
739 1409 780 1470 ad
795 1412 924 1472 salutern
936 1408 982 1470 rei
995 1409 1095 1486 publi-

56 1508 123 1565 cae,
136 1490 360 1567 circumspicite
368 1508 475 1554 omnes
486 1493 649 1568 procellas
666 1509 746 1570 quae
756 1493 941 1569 impendent,
953 1494 1012 1554 nisi
1022 1509 1094 1570 pro·

55 1574 180 1636 videtis
217 1574 286 1635 Non
299 1574 343 1634 Ti.
360 1575 533 1648 Gracchus,
556 1575 609 1651 qui
630 1577 749 1637 iterum
755 1577 1009 1653 tribunusplebis
1026 1576 1094 1637 fieri

56 1657 165 1732 voluit,
182 1658 286 1719 nond.
299 1659 466 1732 Gracchus,
484 1659 569 1732 quod
582 1659 719 1733 agrarios
732 1659 886 1721 concitare
898 1668 1026 1721 conatus
1036 1670 1094 1735 est,

57 1741 170 1802 nonL
183 1740 374 1814 Saturninus
392 1740 484 1816 quic.
492 1741 665 1801 Memmium
680 1741 825 1815 occidit,
816 1760 848 1802 m
863 1743 1026 1803 discrimen
1040 1744 1092 1802 ali-

57 1825 144 1902 quod
159 1833 253 1897 atque
268 1823 300 1882 in
316 1829 436 1882 vestrae
452 1820 622 1883 severitatis
636 1823 781 1884 iudicium
792 1824 968 1884 adducitur·
990 1832 1094 1884 tenen-

56 1917 103 1971 tur
117 1907 152 1979 ii,
170 1904 224 1979 qui
238 1905 278 1964 ad
292 1903 377 1964 urbis
394 1903 584 1978 incendium,
603 1904 644 1963 ad
653 1912 793 1965 vestram
808 1904 942 1966 omnium
958 1906 1095 1981 caedem,

55 1987 267 2053 adCatilinam
274 1985 487 2062 accipiendum
494 1988 610 2048 Romae
617 1985 804 2049 restiterunt:
819 1996 961 2050 tenentur
968 1987 1094 2062 litterae,

56 2074 163 2152 signa,
178 2089 304 2144 manus,
320 2069 453 2147 denique
467 2070 559 2133 unius
576 2071 727 2148 cuiusque
740 2070 911 2140 confossioe
927 2070 1093 2134 sollicitan-

54 2168 104 2221 tur
118 2157 314 2231 Allobroges,
332 2155 456 2216 servitia
472 2154 653 2231 excitantur,
668 2154 795 2218 cautim
812 2153 986 2230 arcessitur,
1000 2155 1093 2219 idest

56 2243 166 2302 ιιιιιιι
180 2239 358 2313 consilium,
372 2247 405 2302 ut
421 2238 588 2301 interiectis
608 2238 750 2302 omnibus
769 2256 860 2302 nemo
877 2256 916 2300 ne
931 2240 971 2300 ad
985 2241 1093 2315 deplo-

56 2325 188 2387 randum
211 2322 335 2400 quidem
355 2323 464 2398 populi
483 2323 613 2385 Romani
629 2340 740 2385 nomen
757 2332 851 2399 atque
872 2324 913 2385 ad
927 2325 1092 2386 lamentan-

58 2409 128 2469 dum
139 2407 217 2469 tanti
228 2406 347 2482 imperii
360 2407 561 2468 calamitatem
571 2406 768 2483 relinquatur.
789 2409 840 2467 lll.
854 2407 883 2466 5.
895 2408 980 2476 llaec
992 2407 1094 2468 omnia

58 2490 176 2553 iudices
194 2491 378 2564 detulerunt,
392 2489 438 2550 rei
456 2490 685 2563 confessisunt,
703 2507 763 2553 vos
778 2491 880 2553 multis
895 2489 954 2552 iam
970 2489 1092 2551 iudiciis

58 2572 265 2649 iudicavistis,
286 2574 519 2650 primumquod
540 2572 613 2634 mihi
628 2575 741 2649 gratias
757 2574 863 2651 egistis
887 2573 1092 2648 singularibus

57 2658 163 2719 verbis
183 2667 214 2719 ιι
227 2675 295 2718 mea
308 2657 419 2719 virtute
439 2665 532 2732 atque
553 2656 707 2732 diligentia
726 2657 915 2734 perditorum
936 2655 1093 2716 hominum

60 2740 300 2803 coniurationem
313 2742 497 2817 patefactam
510 2756 583 2801 esse
598 2739 794 2815 decrevistis,
823 2740 935 2801 deinde
956 2739 1041 2813 quod
1060 2738 1092 2797 P.

57 2825 219 2887 Lentulum
242 2841 278 2885 se
298 2823 441 2893 abdicare
462 2831 605 2901 praetura
620 2824 774 2900 coegistis,
786 2787 853 2886 um
868 2823 952 2897 quod
972 2838 1040 2883 eum
1063 2829 1093 2882 et

58 2918 209 2981 caeteros,
226 2909 265 2968 de
281 2909 391 2984 quibus
408 2907 605 2980 iudicastis,
597 2925 629 2967 m
642 2909 813 2968 custodiam
831 2906 950 2966 dandos
971 2904 1091 2967 consui

57 2992 123 3067 stis,
141 2991 336 3069 maximeque
354 2993 438 3068 quod
458 3008 528 3053 meo
544 2992 667 3052 nomine
681 2989 938 3067 supplicationem
948 2984 1090 3057 ,decrem-

57 3077 121 3148 stis,
140 3074 195 3150 qui
208 3075 308 3137 honos
322 3085 426 3172 togato
442 3075 563 3137 habitus
577 3076 647 3136 ante
662 3091 710 3135 me
724 3083 772 3136 est
788 3071 915 3147 nemini,
934 3082 1090 3148 postremo

56 3161 205 3222 hesterno
220 3159 270 3219 die
290 3160 425 3235 praemia
446 3159 554 3235 legatis
574 3158 772 3255 Allobrogum
789 3156 918 3232 Titoque
932 3158 1090 3222 Vultureio

56 3242 189 3305 dedistis
205 3242 401 3337 amplissima
437 3244 521 3317 Quae
536 3252 608 3306 sunt
622 3241 723 3304 omnia
740 3241 808 3303 eius
824 3240 922 3313 modi,
937 3242 991 3303 ut
983 3243 1019 3316 ri,
1037 3240 1091 3316 qui

53 3325 84 3387 in
102 3325 277 3388 custodiam
298 3316 473 3388 nominatim
499 3327 562 3388 dati
585 3334 670 3407 sunt,
701 3324 768 3387 sine
781 3326 844 3427 ulla
863 3287 1050 3387 dubitatione
1076 3339 1096 3382 a

55 3410 150 3473 vobis
165 3409 300 3501 ιιιιιιιιι
314 3426 386 3473 esso
399 3409 568 3474 videantur
625 3451 656 3491 ‚—
713 3453 718 3463 -
