2340 3788
388 624 432 706 u.
459 624 595 706 runnu
620 619 832 705 croiacus
945 736 949 741 .

133 759 228 866 litt)
251 760 296 851 ll·
320 761 494 857 ticillo
516 759 873 855 altumaltum
894 757 1088 856 iltuit.
1140 896 1144 903 Ι

532 985 684 997 ...n-nunu·-

125 1122 395 1184 naaurmnruu
410 1123 574 1184 varnars
589 1121 864 1182 nraaanrorus
875 1121 928 1180 aa
942 1123 978 1182 a,
993 1119 1098 1179 maro.

376 1207 523 1267 norrun
536 1209 584 1267 nr
601 1204 834 1268 suerranum.
903 1292 904 1296 Ν
951 1233 952 1237 κ

166 1341 200 1392 Α.
217 1341 328 1390 Le'ciuim
342 1341 451 1392 Archias
467 1357 495 1391 se
513 1342 604 1392 studiis
621 1343 726 1405 poeticis
745 1339 842 1390 dedidit
858 1344 882 1386 et
900 1337 1022 1402 adprime,
1039 1344 1066 1387 ut
1082 1336 1119 1388 vi·

96 1409 212 1468 debatur,
229 1407 347 1458 excelluit
361 1409 387 1458 in
401 1410 450 1460 hoc
467 1425 560 1476 genere
576 1410 723 1460 litterarum.
749 1404 865 1458 Amicitia
877 1405 957 1471 igitur‘
968 1407 1043 1456 etiam
1059 1407 1118 1455 viris

97 1476 237 1527 illustribus
260 1476 417 1527 familiariter
435 1478 566 1543 copulatus
590 1486 641 1536 est,
666 1485 695 1526 ut
712 1478 768 1540 ipse
785 1476 819 1529 M.
836 1472 932 1522 Tullius
951 1474 977 1523 in
1000 1475 1118 1524 orationis

97 1544 174 1596 huius
192 1547 333 1596 narratione
350 1548 485 1607 confirmat.
520 1546 624 1596 Interim
642 1548 707 1596 acue
728 1547 800 1609 lcaya
817 1543 946 1592 iamenu
968 1556 1037 1606 quaa
1052 1549 1120 1593 esset

97 1628 150 1664 m
165 1615 197 1661 L.
214 1614 318 1663 Lucullo
335 1615 361 1662 in
375 1613 483 1663 Siciliam
495 1615 626 1677 profectus
641 1622 668 1664 et
682 1628 752 1678 quaene
769 1628 804 1663 erc
820 1626 852 1660 eu
864 1612 996 1674 maniacis
1010 1625 1064 1661 oum
1077 1625 1118 1661 eo·

96 1683 152 1733 dea
168 1681 202 1731 L.
219 1681 322 1730 meae
339 1683 530 1746 regrederetur,
548 1681 692 1732 Heracleam
709 1682 789 1744 venit,
807 1693 871 1742 quae
887 1685 946 1727 tunc
963 1685 1015 1727 erat
1030 1679 1118 1728 civitas

95 1750 241 1804 foederata,
260 1757 284 1797 et
301 1749 427 1812 ascriptus
445 1756 483 1796 est
500 1750 527 1798 in
544 1750 656 1798 ordinem
672 1748 869 1799 Heracliensium
888 1746 960 1798 civis.
994 1744 1062 1795 Tunc
1078 1742 1119 1794 si-

93 1817 172 1867 lanus
186 1821 210 1861 et
223 1813 301 1869 Gerbo
318 1829 383 1864 coss.
401 1814 483 1880 legem
497 1815 616 1874 tulerunt,
631 1823 659 1865 ut
673 1831 768 1876 omnes,
784 1818 826 1879 qui
842 1820 925 1863 essent
939 1827 971 1861 ex
985 1812 1118 1863 foederatis

78 1880 211 1950 'populis‚
237 1883 362 1932 civitatem
382 1884 520 1932 Romanam
541 1888 765 1949 consequerentur,
791 1885 814 1933 sl
835 1880 911 1931 modo
930 1879 974 1930 illo
996 1888 1117 1946 tempere,

95 1965 148 2014 qno
162 1947 204 1998 lex
223 1948 275 1999 lata
293 1959 372 2012 esset,
395 1951 550 2002 domicilium
568 1955 593 2001 in
613 1952 685 2003 Italia
701 1953 821 2003 haberent
837 1960 863 2002 at
880 1951 945 1998 intra
964 1949 1031 1998 diem
1046 1962 1118 1998 sexa·

95 2019 223 2084 gesimam
234 2019 343 2083 professi
354 2021 422 2085 apud
437 2029 576 2084 praetorem
592 2020 707 2072 luissent.
732 2020 801 2080 Quae
816 2017 1001 2083 quum'Licinic
1011 2015 1118 2067 Archiae

97 2089 130 2136 ad
147 2087 310 2138 obtinendam
325 2089 365 2138 ina
378 2090 487 2140 civitatis
499 2091 625 2140 Romanae
642 2097 789 2156 argumenta
803 2090 927 2145 deessent,
944 2087 1062 2149 quoniam
1075 2099 1118 2135 ne-

96 2170 146 2218 que
162 2155 253 2205 tabulis
269 2156 465 2207 Heracliensium
483 2160 590 2223 probare
605 2165 703 2228 poterat
717 2160 853 2225 ascriptum
865 2170 895 2206 se
912 2155 938 2203 in
955 2154 1068 2209 ordinem
1082 2154 1117 2204 ei·

97 2226 165 2271 vium
179 2247 214 2259 —
233 2225 327 2290 quippe
350 2224 499 2275 tabularium
521 2227 628 2276 civitatis
650 2226 719 2277 illius
737 2226 864 2276 exemerat
884 2222 952 2273 bello
970 2221 1057 2274 sociali
1073 2248 1117 2287 -‚

96 2305 143 2340 nec
158 2290 225 2341 bona
236 2306 283 2341 sua
296 2295 323 2342 in
338 2308 439 2344 censum
457 2294 585 2356 detulerat,
599 2310 659 2346 reus
672 2295 753 2346 iactus
767 2301 806 2345 eat
815 2293 871 2358 lege
885 2293 970 2356 Papia,
988 2304 1053 2355 quae
1063 2291 1118 2341 lata

96 2358 178 2408 lueret
199 2358 232 2408 ad
251 2375 295 2410 eos
313 2362 479 2421 coercendos,
507 2366 551 2425 qul
568 2371 660 2414 temere
681 2372 707 2414 et
726 2363 814 2413 illicite
832 2361 959 2412 civitatem
978 2362 1117 2411 Romam

96 2435 269 2490 usurpassent.
304 2430 343 2479 iit
361 2445 421 2495 ergo
435 2437 514 2480 status
526 2432 710 2498 coniecturalis,
726 2445 760 2480 au
775 2431 900 2496 ascriptus
915 2430 948 2479 sit
961 2429 988 2478 in
1005 2428 1116 2482 ordinem

95 2495 292 2545 Heracliensium
310 2505 335 2546 et
351 2512 383 2546 an
394 2499 488 2550 'fecerit
503 2499 600 2561 onmia,
621 2516 686 2564 quae
706 2501 729 2548 is
745 2499 827 2550 iacere
845 2497 973 2556 debuerit,
993 2497 1037 2558 qni
1051 2500 1117 2544 esset
1164 2505 1169 2525 ¹

96 2575 226 2613 enumero
237 2562 430 2619 foederatorum.
454 2566 486 2617 Et
499 2568 613 2618 deficitur
624 2569 727 2631 quidem
738 2567 823 2618 multis
832 2564 1032 2632 probaticndrus,
1045 2561 1117 2610 testi·
1156 2616 1162 2636 μ

95 2631 179 2691 monio
194 2638 278 2681 tamen
290 2633 486 2684 Heracliensium
503 2643 527 2684 et
541 2635 582 2686 vel
600 2637 719 2696 maxime,
737 2637 829 2698 quibus
842 2641 896 2683 tota
912 2637 1048 2695 occupatur
1060 2642 1117 2678 ora·

95 2699 145 2755 tio,
168 2697 424 2762 podticas.llaeultatls
441 2710 465 2752 et
484 2704 611 2754 doctrinae
629 2704 826 2754 iucundissimae
843 2701 925 2768 gratia
941 2699 1038 2750 nititur.
1072 2697 1117 2746 Eat

93 2767 171 2814 etiam
189 2768 284 2818 cinisca
301 2771 444 2819 coniectura
461 2771 608 2836 disceptum
625 2786 671 2837 per
687 2774 769 2837 ipsam
786 2768 930 2833 qualitatem
943 2780 1072 2831 maenae,
1089 2771 1118 2816 aa

94 2834 158 2884 civis
173 2836 300 2905 Minacias
314 2837 404 2888 debeat
414 2839 539 2904 adoptari,
557 2842 632 2890 etiam
646 2842 670 2890 si
688 2843 714 2891 in
726 2839 888 2905 praeteritum
903 2849 953 2886 non
966 2836 999 2884 sit
1013 2833 1116 2887 meiius.

93 2898 240 2966 [Caeterum
263 2905 330 2954 idem
351 2915 480 2956 enamator
502 2909 535 2958 ad
555 2923 577 2957 c.
593 2911 620 2960 2.
638 2909 663 2970 5.
680 2908 705 2959 3.
730 2909 832 2958 adnotat
851 2905 882 2964 Q.
905 2901 1046 2954 Ciceronem
1067 2900 1116 2953 lta·

93 2979 159 3018 trem
170 2968 205 3019 M.
218 2971 295 3022 Tullii
311 2976 417 3025 oratoris
434 2974 505 3024 illum
519 2975 598 3025 fuisse
615 2983 763 3040 praetorem,
782 2974 850 3039 apud
866 2986 940 3037 quem
955 2970 1017 3021 haec
1030 2969 1116 3021 habita

93 3039 174 3087 oratio
198 3039 242 3102 sit,
269 3043 335 3092 conf.
355 3044 430 3092 etiam
446 3041 572 3093 Ciceronis
597 3047 669 3108 epist.
686 3046 723 3094 ed
738 3044 768 3105 Q.
782 3042 891 3107 flamm
913 3040 955 3090 lib.
972 3040 1013 3090 ΙΙΙ.
1034 3053 1072 3105 ep.
1086 3037 1113 3091 6.

91 3106 118 3166 S.
134 3102 172 3166 9.,
191 3109 340 3172 videturque
354 3112 385 3164 Α.
402 3110 513 3160 Licinius
528 3111 634 3161 Archias
650 3113 780 3162 absolutus
796 3108 875 3176 ease]
1096 3118 1097 3122 ’

177 3222 200 3279 l.
224 3222 253 3283 l.
277 3185 405 3299 Siquid
427 3225 524 3286 estin
548 3242 596 3287 me
615 3223 743 3300 ingenii,
758 3223 895 3302 iudices,
913 3225 997 3301 quod
1017 3218 1114 3283 sentio

92 3305 239 3376 quamsit
255 3305 410 3381 exiguum,
428 3315 480 3369 aut
494 3308 520 3367 si
536 3325 596 3382 qua
611 3305 784 3369 exercitatio
800 3307 935 3379 dicendi,
952 3306 983 3365 in
997 3321 1056 3380 qua
1067 3319 1115 3364 me
