2340 3788
351 188 432 250 chr.
448 199 577 252 11-13.
600 198 771 258 §.as-ao.
1032 196 1076 264 ιι

55 340 159 401 sisset.
183 338 354 416 Respondit
374 338 420 413 id,
433 361 437 367 ·
448 342 528 414 quod
547 357 675 402 necesse
691 352 768 418 erat,
795 344 910 407 scilicet
924 336 1073 408 dicto'eu-

56 424 189 484 dientem
214 423 311 484 ιιιιιιι
331 425 480 497 praetoris
496 422 636 490 misisse.
679 427 796 500 Rogavi
821 427 1073 503 pervenissentne

56 505 263 603 Agrigentum.
304 504 386 566 Dixit
410 506 598 580 pervenisse.
632 506 773 580 Quaesivi
792 512 1073 584 quemadmodum

55 588 260 649 revertissent.
300 588 428 662 Negavit
441 589 539 649 adhuc
551 590 724 651 revertisse
752 591 843 652 Risus
862 594 967 688 populi
981 601 1072 671 atque

57 670 212 733 admiratio
235 671 367 731 omnium
380 680 515 732 vestrum
530 673 609 732 ιιιιι
625 682 681 734 est.
711 673 762 735 28
797 673 854 735 Hic
869 675 948 734 tibi
940 693 971 735 m
990 693 1072 737 men·

58 764 114 815 tem
125 771 189 815 non
207 753 291 816 venit
303 752 416 828 iubere,
430 765 464 815 ut
479 755 555 814 haec
570 771 693 830 quoque
706 757 833 817 referret
845 755 894 816 HS
909 772 939 815 vr
952 757 1072 821 milibus

58 839 135 900 lose
145 836 205 898 'tibi
220 837 418 898 vendidisset
443 836 576 899 Metuisti
599 855 637 899 ne
660 855 713 899 aes
733 840 864 899 olienmn
883 837 936 901 tibi
955 855 1072 902 cresce

58 926 107 994 ret,
132 920 161 980 si
185 918 237 980 llS
254 937 285 979 vr
296 919 417 980 milibus
438 921 467 981 lo
488 920 541 981 tibi
567 929 740 983 constarent
760 938 812 996 ea,
836 936 914 996 quae
933 927 965 981 tu
985 921 1073 982 facile

59 1018 166 1076 posses
183 1003 318 1063 vendere
334 1002 384 1062 HS
397 1019 429 1061 cc
452 1001 593 1063 milibust
622 1003 690 1066 Fuit
703 1005 789 1079 tanti,
808 1004 881 1064 mihi
899 1003 1004 1064 erede:
1020 1005 1072 1063 ha-

59 1085 143 1146 beres
159 1086 248 1161 quod
263 1086 458 1145 defenderes:
481 1102 569 1146 nemo
585 1095 744 1162 quaereret
762 1086 866 1164 quanti
887 1087 939 1147 illa
959 1103 1011 1147 res
1024 1103 1072 1147 es·

62 1177 117 1230 set=
144 1168 287 1233 simodo
313 1178 343 1228 te
365 1184 477 1244 posses
498 1171 610 1230 docere
634 1170 760 1243 emisse',
787 1170 876 1230 facile
904 1167 952 1230 cui
978 1171 1072 1230 velles

64 1258 137 1311 tram
153 1267 278 1318 causam
302 1261 332 1312 et
352 1252 464 1313 lactum
483 1254 647 1328 probaresz
668 1270 747 1314 nunc
771 1255 809 1313 de
829 1251 1072 1329 peripetasmatis

64 1348 144 1407 quem
160 1335 200 1393 ad
214 1335 336 1395 modum
349 1344 380 1396 te
396 1335 543 1410 expedias
558 1353 618 1396 non
633 1336 738 1398 habes.

78 1451 83 1460 ·
136 1415 187 1477 29.
221 1416 319 1490 Quiov
339 1417 539 1496 aPhylarcho
556 1419 763 1495 centuripino,
784 1417 905 1479 homine
919 1420 1071 1494 locuplete

10 1507 16 1583 ᾗ
62 1512 92 1558 ae
103 1499 196 1560 nobili
203 1501 366 1575 ,phaleras
379 1502 579 1576 pulcherrime
599 1505 710 1576 lactas,
733 1517 813 1577 quae
831 1501 913 1576 regis
929 1500 1070 1562 Hieronis

10 1588 18 1616 ³
62 1580 150 1643 tuisse
168 1583 320 1655 dicuntur,
345 1592 444 1645 utrum
466 1585 588 1645 tandem
606 1584 757 1646 abstulisti
776 1600 814 1644 an
829 1583 948 1644 emistit
975 1586 1009 1643 ln
1025 1583 1069 1644 Si-

10 1674 17 1680 “
62 1664 121 1725 cilia
137 1666 262 1763 quidem
276 1683 367 1741 quum
382 1682 492 1738 essem,
508 1667 586 1726 sico
602 1665 819 1741 Centuripinis,
839 1666 884 1726 sic
904 1682 923 1725 a
943 1666 1070 1727 caeteris

10 1776 13 1783 ·
61 1740 268 1808 audiebam-¹
283 1764 345 1807 non
360 1748 439 1806 enim
453 1763 560 1820 pamm
572 1764 623 1808 res
641 1758 705 1808 erat
719 1750 850 1807 clara-
860 1756 945 1808 =tam
964 1757 994 1807 ιι
1014 1748 1070 1808 hus

10 1827 17 1839 ’
61 1829 197 1903 phaleras
211 1846 230 1888 ι
242 1829 413 1905 Phylarcho
429 1828 622 1901 Centuripino
637 1827 800 1889 abstulisse
817 1830 966 1900 dicebant,
981 1844 1072 1902 quam

10 1942 12 1947 ·
61 1910 127 1973 llius
147 1913 221 1971 item
240 1910 360 1970 nobiles
383 1911 421 1970 ab
436 1910 540 1970 Aristo
554 1910 800 1983 Panhormitano,
823 1926 913 1984 quam
931 1909 1034 1969 terties
1054 1927 1072 1968 ι

10 1995 15 2035 ’·
61 1994 199 2069 untippo
222 1992 437 2069 Tyndaritano.
474 1992 591 2053 Etenim
616 1993 643 2054 si
662 1992 851 2069 Phylarchus
874 1989 1072 2066 vendidisset,

59 2092 111 2139 oon
128 2077 175 2149 ei,
190 2084 299 2151 postea
316 2092 406 2150 qnam
420 2092 491 2135 reus
505 2077 602 2137 lactus
617 2093 659 2151 es,
676 2075 861 2136 redditurum
875 2082 905 2135 te
916 2073 1071 2149 promisis·
1100 2106 1104 2117 ·

10 2191 18 2199 ·
59 2176 112 2221 ses.
148 2159 236 2234 Quod
252 2159 323 2233 quia
337 2159 439 2219 vidisti
453 2161 557 2239 plures
578 2159 670 2232 scire,
692 2159 847 2234 cogitasti,
872 2158 899 2219 si
923 2156 952 2218 ei
970 2157 1070 2237 reddi-

10 2244 13 2251 '
59 2242 169 2316 desae,
189 2250 219 2303 te
233 2242 334 2302 minus
349 2242 534 2316 habiturum,
554 2260 617 2303 rem
631 2243 725 2305 nihilo
748 2242 846 2302 minus
868 2248 1007 2302 testatam
1026 2243 1071 2302 iu-

48 2333 163 2389 ruram:
179 2343 239 2386 non
254 2324 422 2386 reddidisti.
449 2325 531 2386 Dixit
544 2327 732 2404 Phylarchus
753 2342 809 2401 pro
825 2318 1003 2386 testimonio
1025 2340 1069 2399 se,

10 2418 14 2447 ²
59 2411 133 2482 quod
148 2417 256 2470 nosset
268 2416 352 2489 tuum
367 2407 457 2469 istum
468 2409 618 2482 morbum,
636 2419 669 2472 ut
684 2407 772 2470 omiei
786 2407 829 2468 tui
842 2409 1004 2484 appellant,
1019 2425 1072 2468 cu-

10 2510 14 2529 *
58 2490 136 2564 pisse
153 2501 181 2552 te
200 2493 299 2552 celare
315 2491 353 2550 de
374 2490 523 2565 phaleris:
545 2509 636 2566 quum
658 2493 764 2552 abste
786 2493 956 2568 appellatus
978 2497 1071 2559 esset,

58 2590 183 2649 negasse
196 2574 309 2635 habere
324 2590 410 2634 sese=
431 2575 514 2648 apud
528 2575 618 2634 alium
635 2591 759 2650 quoque
779 2590 832 2635 ιιι
852 2573 998 2633 habuisse
1019 2570 1070 2629 de

10 2658 14 2689 ³
53 2656 183 2731 &positus
203 2677 243 2721 ne
260 2673 320 2732 qua
333 2656 548 2717 invenirentur.
569 2657 659 2717 Istius
675 2666 784 2719 tantam
807 2655 902 2716 luisse
925 2651 1072 2727 sagacita-

10 2746 15 2777 '·
56 2747 123 2813 tem,
138 2747 174 2800 ut
188 2757 241 2800 eas
256 2756 313 2814 per
323 2738 427 2798 illurn
419 2755 520 2814 ipsum
535 2737 714 2813 inspiceret,
727 2740 780 2801 ubi
796 2747 881 2798 erant
897 2734 1071 2809 depositae.

10 2824 15 2862 ³
56 2830 112 2883 ιιι
129 2838 166 2883 se
180 2821 410 2918 deprehensum
422 2837 534 2896 negare
550 2837 611 2880 non
628 2822 781 2895 potuisse=
803 2821 845 2878 ita
865 2819 904 2876 ab
928 2832 962 2876 se
977 2816 1071 2907 invito

10 2918 13 2925 ·
55 2905 191 2978 phaleras
206 2900 322 2965 ablatas
336 2904 438 2979 gratis

130 2989 210 3049 XIll
241 2986 292 3049 30.
324 2988 402 3060 lam,
423 2995 455 3047 ut
471 2982 547 3047 haec
561 2985 811 3060 omnin.reperire
832 2999 868 3042 ac
888 2984 1071 3058 perscrutari

52 3073 160 3133 solitus
174 3070 228 3145 sit,
243 3068 376 3144 iudices,
400 3079 448 3131 est
462 3086 574 3145 operae
596 3068 733 3144 precium
754 3082 952 3141 cognoscere
982 3067 1071 3145 Ciby

48 3163 130 3216 ratae
152 3162 224 3214 sunt
244 3154 352 3213 iratres
374 3153 513 3228 quidam,
537 3153 730 3228 Tlepolemus
758 3159 788 3210 et
811 3149 917 3210 Hiero
944 3167 1072 3244 quorum

46 3240 176 3301 alterum
191 3237 305 3310 lingere
320 3234 429 3311 opinor
445 3252 462 3295 e
480 3252 551 3296 cera
565 3235 685 3296 solitum
701 3251 786 3322 esse,
805 3235 930 3295 alterum
942 3249 1013 3294 esse
1026 3232 1074 3326 pi·

43 3332 173 3384 ctorem
206 3319 308 3378 Hosne
323 3319 440 3393 opinor,
457 3319 585 3396 Cibyrae
601 3335 693 3393 quum
707 3317 736 3377 in
752 3301 959 3392 suspicionem
971 3314 1073 3375 venis-

41 3413 113 3468 sent
129 3401 198 3465 suis
216 3402 332 3464 civibus
349 3402 452 3464 lanum
466 3402 621 3478 expilasse
634 3400 800 3477 Apollinis,
815 3400 928 3460 veritos
944 3409 1075 3472 poenam
