2340 3788
422 200 506 263 cal.
520 208 618 262 r-e.
638 206 665 269 t.
679 206 791 266 t-ra
1057 196 1102 264 47

78 355 209 415 domum
223 360 304 413 tuam
318 352 477 412 voluerunt
497 349 527 409 in
549 349 721 425 provincia,
739 351 795 412 seul
813 349 897 413 illum
916 364 1007 415 usum
1026 368 1096 429 pro-

79 435 204 497 vinciae
218 436 371 511 supplere.
406 432 455 494 10.
492 433 575 506 Quae
595 433 652 491 luit
672 446 766 491 eausa
785 449 838 494 cur
854 442 915 495 tam
937 435 1098 513 diligenter

79 535 139 579 nos
155 517 188 577 in
203 516 369 592 provinciis
385 517 424 576 ab
440 514 642 590 emptionibus
663 524 871 576 removerentt
900 518 998 594 llaec,
1018 517 1096 580 iudi·

82 616 152 673 ees,
170 600 256 674 qnod
269 597 615 673 putabant-ereptionem
630 610 710 667 esse,
726 611 786 654 non
801 598 989 676 emptionem,
1002 618 1095 674 quum

82 681 236 743 venditori
261 697 318 741 suo
338 680 482 755 arbitratu
501 679 633 742 vendere
653 693 715 736 non
736 676 849 737 liceret.
878 680 912 739 ln
927 684 1096 757 provinciis

84 764 298 840 intelligebant,
314 761 341 821 si
354 762 391 836 is,
406 762 458 837 qui
472 769 555 820 esset
566 776 634 821 cum
646 758 774 835 imperio
789 774 826 818 ac
840 770 997 835 potestate,
1011 766 1095 839 quod

84 848 166 923 apud
181 861 336 921 quemque
351 853 436 905 esset
450 859 550 903 emere
563 843 654 902 vellet
669 842 761 918 idque
782 842 811 902 ei
830 841 948 916 liceret,
968 846 1034 905 lore
1051 844 1096 905 uti

86 931 168 1006 quod
185 927 318 1004 quisque
332 927 432 999 vellet,
447 925 513 984 sive
523 933 606 985 esset
614 923 722 984 venale
733 924 799 984 sive
810 940 872 984 non
886 934 978 998 esset,
994 926 1097 1002 quanti

86 1014 175 1073 vellet
194 1012 337 1071 auferret.
367 1007 453 1068 Dicet
474 1007 598 1082 aliquis=
636 1007 702 1067 Noli
722 1007 781 1067 isto
804 1008 896 1068 modo
916 1022 1006 1081 agere
1022 1024 1098 1072 cnm

85 1090 195 1155 Verrea
211 1094 273 1151 noli
288 1091 354 1152 eius
368 1091 447 1150 lacta
459 1092 498 1150 ad
511 1088 652 1164 antiquae
666 1089 819 1164 religionis
833 1091 980 1150 rationem
991 1089 1097 1165 exqui-

86 1192 165 1236 terea
187 1175 324 1235 concede
339 1180 372 1232 ut
385 1173 639 1247 impune-emerit,
653 1173 743 1231 modo
753 1180 787 1232 nt
797 1173 879 1233 bona
889 1173 1005 1232 ratione
1017 1188 1097 1233 eane·

87 1258 133 1333 rit,
158 1257 235 1317 nihil
254 1272 310 1330 pro
333 1263 496 1330 potestate,
520 1255 594 1314 nihil
609 1255 648 1314 ab
662 1253 764 1328 invito,
789 1254 861 1314 nihil
880 1271 936 1329 per
949 1255 1098 1315 iniuriam.

88 1340 134 1400 Sic
150 1355 251 1414 agam
279 1338 311 1398 Si
327 1337 399 1412 quid
412 1339 520 1398 vmale
532 1336 636 1397 habuit
648 1338 756 1409 Heius,
775 1337 801 1397 si
815 1337 860 1410 id,
882 1337 985 1411 quanti
1005 1337 1096 1398 aesti-

88 1424 199 1493 mabat,
216 1421 290 1482 tanti
303 1418 446 1493 vendidit,
460 1420 569 1481 desino
584 1435 729 1494 quaerere
744 1435 798 1479 cur
817 1420 934 1480 emeris.
961 1421 1015 1480 ul.
1046 1418 1096 1481 11.

89 1504 164 1577 uuit
183 1503 273 1578 igitur
286 1503 374 1564 nobis
388 1503 559 1562 laciendum
574 1509 642 1562 ests
655 1519 726 1562 num
747 1502 933 1579 argumentis
951 1502 1096 1563 utendum

88 1587 114 1645 in
127 1602 165 1646 re
179 1586 247 1646 eins
262 1586 364 1647 modit
393 1585 603 1658 Quaerendum
619 1592 681 1658 est,
703 1586 810 1660 credo,
829 1586 924 1647 ileius
944 1584 1002 1645 iste
1024 1600 1095 1644 num

89 1684 139 1728 tes
154 1668 284 1727 alienum
298 1668 449 1740 habuerit,
464 1683 535 1726 num
549 1666 718 1726 auctionem
738 1668 856 1729 lecerit=
878 1667 904 1728 si
919 1668 1002 1740 lecit,
1025 1682 1096 1727 num

87 1758 168 1811 unta
190 1750 355 1808 difficultas
379 1764 449 1806 eum
469 1748 515 1806 rei
534 1748 686 1807 numariae
705 1751 847 1822 tenuerit,
868 1759 950 1811 tanta
964 1757 1096 1823 egestas,

87 1840 167 1894 unta
186 1831 237 1890 vis
257 1830 415 1905 presserit,
439 1837 473 1887 ut
493 1828 656 1887 sacrarium
676 1846 763 1889 suurn
782 1832 940 1905 spoliaret,
965 1839 999 1891 ut
1019 1830 1096 1890 deos

89 1914 204 1989 patrios
217 1912 372 1968 venderet.
399 1911 440 1967 At
459 1908 608 1968 hominem
623 1909 712 1969 video
725 1914 893 1972 auctionem
907 1913 1020 1972 iecisse
1031 1914 1095 1971 nul·

89 1998 159 2069 lum,
182 1991 359 2052 vendidisse
378 1998 499 2065 praeter
518 1993 632 2052 hactus
659 2008 733 2052 suos
756 1994 828 2052 nihil
850 2010 1009 2067 umquam,
1034 2010 1095 2054 nou

88 2080 176 2140 nodo
193 2075 224 2134 in
240 2090 309 2135 aere
326 2073 425 2133 alieno
440 2074 536 2146 nullo,
555 2074 655 2134 sedin
670 2074 733 2136 suis
748 2076 845 2136 numis
861 2076 960 2136 multis
975 2074 1045 2137 ess‘e
1065 2086 1096 2137 et

88 2158 208 2234 semper
220 2156 324 2216 luisse.
357 2134 391 2215 Si
411 2155 486 2240 haee
501 2164 604 2217 conha
618 2173 654 2217 ac
668 2157 737 2218 dico
753 2167 855 2220 essent
869 2159 982 2234 omnia,
995 2169 1094 2220 tamen

87 2240 167 2303 illum
180 2241 272 2312 haec,
295 2254 374 2314 quae
391 2246 434 2298 tot
446 2255 543 2300 annos
556 2237 588 2299 in
608 2239 719 2301 tamilla
739 2241 931 2317 sacrarioque
949 2242 1094 2304 maiorum

48 2394 50 2411 Ι
88 2324 229 2393 luissent,
246 2322 434 2381 venditurum
448 2338 509 2381 non
522 2321 628 2383 luisse.
657 2321 748 2395 Quid,
771 2321 797 2382 si
817 2324 1021 2399 magnitudine
1036 2341 1094 2400 pe

48 2444 50 2491 ἦ
89 2405 193 2465 cuniae
215 2420 394 2479 persuasum
408 2410 476 2462 estt
504 2404 577 2464 Veri
599 2405 696 2464 simile
719 2415 854 2479 nonest,
881 2414 915 2467 ut
934 2407 985 2466 ille
1004 2407 1094 2467 homo

88 2496 147 2547 um
162 2486 318 2561 locuples,
335 2493 395 2545 tam
411 2485 558 2545 honestus
577 2486 717 2560 religioni
737 2503 812 2547 suae
833 2489 1096 2562 monumentisque

48 2552 50 2641 ζ
88 2569 231 2629 maiorum
251 2567 409 2643 pecuniam
423 2573 628 2642 anteponeret
663 2567 713 2635 12.
742 2569 819 2630 Sunt
832 2569 903 2630 ista:
925 2586 1031 2630 verum
1052 2578 1096 2628 ta·

87 2667 152 2711 men
166 2651 355 2710 abducuntur
375 2649 513 2710 homines
533 2666 769 2726 nonnumquam
787 2652 876 2712 etiam
895 2652 935 2713 ab
953 2650 1097 2711 institutis

88 2734 149 2793 suis
162 2733 366 2807 magnitudine
381 2731 537 2806 pecuniae.
570 2732 735 2795 Videamus
751 2743 863 2810 quanta
886 2734 945 2794 ista
966 2731 1096 2807 pecunia

87 2816 173 2876 luerit
194 2831 272 2889 quae
292 2813 422 2888 potuerit
440 2814 556 2886 Heium,
579 2815 730 2876 hominem
752 2817 882 2876 maxime
905 2816 1095 2889 locupletem,

87 2897 207 2957 minime
220 2915 356 2969 avarum,
381 2897 419 2956 ab
433 2896 631 2968 humanitate,
658 2914 676 2956 a
693 2899 818 2972 pietate,
841 2896 987 2971 religione
1001 2899 1094 2959 dedu·

88 2996 162 3041 oere.
192 2981 238 3040 Ita
254 2978 382 3050 iussisti,
407 2979 530 3053 opinor,
555 2979 655 3053 ipsum
682 2979 711 3038 in
732 2981 851 3040 tabulas
865 2982 993 3040 relerrea
1016 2998 1095 3041 nano

88 3077 180 3122 onia
198 3079 287 3122 meaa
300 3063 477 3133 Pastorum,
496 3062 652 3134 llluaonrs,
669 3062 833 3135 Ponucnrrr,
854 3079 889 3122 as
906 3080 962 3123 sax
975 3080 1096 3125 aramue

85 3159 118 3203 nr
136 3164 164 3208 m
180 3148 281 3205 Vaaar
296 3161 422 3203 vanum
435 3160 516 3207 ussa.
546 3143 678 3204 Rettulit.
701 3144 807 3205 Recita
824 3162 862 3205 ex
875 3147 1004 3208 tabulis.-

162 3231 251 3289 Iuvat
263 3245 312 3288 me
325 3229 400 3287 haec
416 3229 571 3301 praeclara
589 3227 710 3287 nomina
723 3228 883 3299 artificum,
900 3248 978 3305 quae
992 3230 1042 3290 isti
1056 3228 1097 3285 ad

87 3313 201 3374 caelum
218 3313 332 3383 lemmt,
354 3309 458 3369 Verris
473 3309 681 3371 aestimatione
697 3312 741 3372 sic
765 3312 944 3373 concidisse.
976 3308 1095 3383 Cupidi-

86 3406 150 3457 nem
175 3393 316 3455 Praxiteli
341 3393 393 3455 Hs
415 3392 525 3454 cloloct
556 3392 693 3453 Proiecto
715 3394 785 3455 hinc
802 3405 903 3455 natum
924 3403 985 3454 est:
1015 3389 1096 3451 Malo

242 3674 252 3709 Ι
