2340 3788
323 166 405 228 cae.
421 171 554 227 ao-ar.
575 170 764 233 seo-102
1003 167 1066 235 333

32 337 107 398 prae
125 333 263 380 maerore
273 314 386 393 potuitt
403 314 504 376 0rem
521 329 612 391 quum
627 313 734 376 auditu
749 317 904 379 crudelem·
918 329 980 382 tum
996 319 1065 384 visu

33 403 196 463 nefariam!
223 401 391 476 orcliquos
408 414 515 460 omnes
535 397 602 458 dies
616 404 787 473 noctesque
801 414 864 473 eas,
881 403 993 479 quibus
1007 404 1066 467 iste

32 503 51 544 a
76 502 125 546 me
153 500 213 544 non
234 483 384 545 recedens
403 480 651 542 Thessalonicam
679 496 728 540 me
749 482 779 540 in
797 488 1065 565 quaestoriumque

31 569 189 644 perduxit!
212 566 268 628 Hic
288 582 347 641 ego
358 580 440 626 nunc
455 566 493 625 de
507 571 648 640 praetore
661 563 861 626 Macedoniae
876 565 951 627 'nibil
965 571 1064 632 dicam
1152 623 1154 627 ,

30 651 161 726 amplius
183 650 241 711 nisi
258 666 328 711 eum
342 658 373 711 et
391 648 489 708 civem
505 649 650 724 optimum
664 662 788 722 semper
805 656 837 723 pt
851 648 922 709 mibi
935 652 1063 715 amicum

31 734 136 807 luisse,
150 735 206 794 sed
218 734 326 795 eadem
337 730 474 793 timuisse
486 747 566 805 quae
578 736 730 791 caeteros:
744 730 795 790 cn.
802 731 956 793 Plancium
970 734 1066 796 luisse

31 834 134 891 unum,
150 834 212 878 non
230 816 284 893 qui
295 816 396 876 minus
411 814 537 887 timeret,
555 815 620 886 sad,
637 813 664 874 si
672 812 855 879 xacciderent
868 830 920 888 aa,
939 818 1065 895 quaeti-

31 908 193 973 merentur,
209 915 334 960 mecum,
344 914 382 958 ea
396 896 499 958 subire
513 905 544 958 et
556 895 676 972 perpeti
689 897 787 964 vellet.
809 896 957 973 locent,
973 917 1066 976 quum

28 985 127 1045 adme
140 984 174 1043 L.
188 984 322 1055 Tubero,
342 997 430 1041 meus
451 979 661 1054 necessarius,
685 979 737 1054 qui
759 981 841 1041 fratri
862 984 1065 1058 meolegaius

29 1067 153 1138 luisset,
176 1065 332 1126 decedens
353 1080 394 1124 ex
415 1060 491 1124 Asia
511 1061 648 1123 venisset
677 1079 794 1137 casque
813 1063 957 1138 insidias,
986 1073 1064 1140 quas

27 1149 101 1209 milri
118 1156 242 1224 paratas
259 1148 298 1208 ab
314 1146 473 1208 exsulibus
488 1145 654 1217 coniuratis
669 1145 820 1220 audierat,
842 1148 945 1209 adme
962 1150 1063 1209 animo

28 1230 215 1292 amicissimo
231 1229 404 1303 detulisset,
425 1228 454 1289 in
469 1228 576 1313 Asiam
597 1245 645 1289 me
659 1228 703 1289 ire
718 1238 844 1305 propter
857 1229 925 1292 eius
940 1231 1064 1306 provin·

27 1315 94 1375 ciac
109 1330 229 1374 mecum
243 1321 355 1374 etcum
369 1328 438 1374 meo
450 1314 543 1374 fratre
558 1311 814 1373 necessitudinem
836 1325 1064 1389 comparantem

27 1413 91 1457 non
106 1405 154 1458 est
167 1412 294 1473 passus=
307 1396 337 1456 vi
352 1412 410 1471 me,
424 1395 556 1471 inquam,
571 1394 711 1457 Plancius
724 1404 756 1456 et
766 1398 929 1472 complexu
943 1415 1001 1460 suo
1015 1415 1064 1460 ra·

26 1479 115 1542 tinuit
134 1481 307 1554 multosque
330 1495 454 1540 menses
475 1478 604 1554 ecapite
618 1495 686 1541 meo
702 1494 764 1540 non
780 1479 1064 1559 discessitabiecta

27 1565 203 1640 quaestoria
216 1579 351 1639 persona
366 1561 549 1638 comitisque
562 1569 691 1637 sumpta.

88 1647 176 1706 XLll.
196 1645 266 1710 101.
290 1645 313 1706 0
329 1646 475 1707 excubias
489 1653 568 1718 tuas,
585 1645 638 1705 Cn.
651 1642 764 1717 Planci,
781 1644 926 1707 miseras!
942 1663 960 1706 o
975 1646 1062 1709 ilebi-
1092 1723 1097 1725 ,

25 1733 73 1790 las
87 1727 224 1804 vigilias!
244 1737 380 1790 onoctes
392 1729 535 1789 acerbas!
551 1743 569 1787 o
586 1725 758 1789 custodiam
773 1725 863 1788 etiam
877 1727 937 1788 mei
952 1729 1062 1804 capitis

24 1810 196 1871 infelicent
212 1809 239 1870 si
252 1809 375 1884 quidem
387 1826 446 1886 ego
458 1809 512 1870 tibi
528 1809 616 1870 vivus
632 1825 703 1881 non,
710 1824 844 1884 prosum,
861 1808 915 1886 qui
932 1811 1063 1872 tortasse
1157 1877 1165 1888 ,

24 1902 165 1954 mortuus
180 1892 377 1967 profuissem.
419 1889 544 1953 Memini
558 1891 648 1965 enim,
662 1889 786 1952 memini
799 1909 901 1967 neque
918 1909 1063 1968 umquam

29 1975 197 2037 obliviscar
210 1972 310 2035 noctis
326 1974 422 2048 illius,
445 1992 538 2049 quum
552 1973 607 2036 libi
619 1973 771 2049 vigilanti,
793 1973 961 2054 adsidentit
980 1990 1063 2039 mae-

24 2058 104 2121 renti
123 2074 204 2118 vana
224 2058 375 2133 quaedam
396 2057 489 2119 miser
509 2066 601 2134 atque
622 2056 725 2120 inania
744 2059 822 2119 laisa
842 2074 899 2135 spe
919 2057 1063 2121 inductus

24 2141 211 2218 pollicebare
234 2157 299 2213 me,
324 2140 351 2202 si
372 2157 474 2204 essem
494 2141 525 2202 in
544 2143 672 2218 patriam
686 2140 853 2217 restitutus,
867 2149 1063 2218 praesentem

24 2223 80 2286 tibi
96 2225 210 2300 gratias
223 2226 404 2286 relaturum=
429 2225 477 2286 sin
500 2234 602 2288 autem
622 2226 715 2286 vitam
728 2225 801 2285 milri
816 2226 881 2288 iors
895 2224 1062 2288 ademisset

26 2317 80 2370 aut
99 2306 146 2369 vis
166 2306 270 2384 aliqua
289 2307 387 2369 maior
406 2308 536 2372 reditum
550 2307 748 2386 peremisset,
763 2308 837 2384 hos,
851 2309 910 2371 hos
924 2343 967 2357 -
981 2325 1061 2386 quos

26 2393 108 2452 enim
125 2407 183 2466 ego
199 2399 262 2452 turn
277 2392 354 2452 alios
369 2392 469 2454 animo
480 2393 640 2455 intuebar?
656 2426 692 2438 -
711 2390 876 2454 omniatibi
887 2392 1005 2455 illorum
1019 2395 1060 2452 la·

25 2477 136 2536 borum
158 2473 294 2549 praemia
315 2491 372 2550 pro
395 2492 443 2536 me
468 2478 691 2551 persoluturos.
735 2474 814 2549 Quid
833 2481 1062 2551 measpeotast
1111 2530 1116 2538 ,

27 2559 101 2632 quid
117 2573 186 2618 mea
200 2556 355 2632 promissa
369 2558 507 2634 repetis?
521 2558 596 2634 quid
607 2575 706 2620 meam
716 2559 809 2619 fidem
825 2557 993 2633 inplorasa
1011 2557 1062 2616 Ni-

25 2641 70 2700 hil
83 2639 134 2700 tibi
147 2656 204 2715 ego
218 2647 281 2702 tum
295 2641 334 2701 de
348 2641 425 2701 meis
440 2642 551 2717 opibus
562 2643 736 2717 pollicebar,
752 2642 809 2702 sed
820 2642 860 2702 de
871 2641 979 2702 horum
990 2656 1063 2714 erga

27 2722 306 2804 mebenevolentia
320 2723 547 2799 promittebam:
567 2724 626 2785 hos
649 2742 706 2799 pro
727 2741 776 2784 me
796 2726 915 2798 lugere,
936 2725 994 2784 bos
1010 2738 1062 2797 ge·

28 2822 127 2878 mere,
148 2806 207 2867 hos
219 2807 377 2870 decenare
393 2823 449 2883 pro
467 2825 535 2869 meo
552 2807 651 2883 capite
670 2810 719 2869 vel
734 2807 814 2869 vitae
830 2805 966 2882 periculo
981 2807 1062 2866 velle

29 2889 189 2948 videbam:
204 2889 243 2951 de
257 2889 366 2951 horum
382 2891 551 2966 desiderio,
565 2893 657 2966 luctu,
673 2891 805 2967 querelis
821 2888 932 2951 cotidie
946 2886 1063 2965 aliquid

27 2981 129 3033 tecum
146 2971 235 3033 simul
247 2974 422 3034 audiebam:
441 2990 521 3035 nunc
536 2973 626 3036 timeo
638 2991 676 3033 ne
688 2974 761 3035 nihil
774 2972 826 3034 tibi
841 2980 962 3047 praeter
975 2973 1062 3032 lacri-

28 3071 95 3115 mas
109 3070 218 3129 quaam
231 3057 376 3131 reddere,
401 3076 478 3133 quas
501 3057 577 3118 tuin
596 3057 672 3118 meis
686 3055 900 3146 acerbitatibus
916 3057 1062 3131 plurimas

27 3136 175 3199 effudisti.
218 3135 289 3202 102Ἴ
311 3139 391 3214 Quid
412 3140 492 3200 enim
509 3156 637 3216 possum
655 3139 737 3201 aliud
752 3138 810 3198 nisi
830 3152 981 3214 maerere,
1002 3137 1063 3199 nisi

26 3222 117 3294 flere,
141 3221 200 3284 nisi
217 3229 247 3284 te
264 3239 333 3284 cum
352 3240 421 3285 mea
437 3226 534 3286 salute
551 3223 734 3298 complectit
755 3222 888 3282 Salutem
902 3221 956 3283 tibi
969 3221 1063 3282 iidem

27 3306 102 3366 dare
124 3313 272 3382 possunt,
296 3306 347 3382 qui
369 3306 442 3368 mibi
461 3304 670 3368 reddiderunt.
712 3307 892 3379 Telamon,
918 3319 1061 3378 exsurge,

27 3405 156 3465 quaeso,
170 3388 307 3453 retinebo
328 3397 359 3452 ot
375 3392 574 3468 complectar,
586 3405 644 3451 nec
658 3405 706 3452 me
722 3388 821 3453 solum
832 3388 1063 3465 deprecatorem
