2340 3788
368 206 448 266 dAP.
465 214 594 269 ιιι-96.
615 212 641 274 i·
655 213 786 272 67-73.
1023 212 1088 279 223
1141 234 1148 247 “

57 356 186 420 Leatmi
206 354 373 417 societates·
389 355 639 428 cum‘indicibus,
666 356 735 430 quis
755 356 901 420 insaniam
921 359 1087 435 libidinum,

62 440 139 517 qni-s
163 454 338 514 perversam
361 446 451 513 atque
471 438 592 513 impiam
618 438 794 513 religionem
815 444 1005 518 recordatur,
1034 445 1086 519 qui

61 524 151 584 illum
166 529 218 581 aut
230 520 344 580 nefarie
359 521 510 595 cogitasse
525 530 576 581 aut
590 522 679 581 stulte
695 537 837 594 sperasse
851 524 992 585 miraturi
1013 527 1086 601 Quis

63 606 108 665 de
128 603 160 664 0.
181 604 311 677 Cethego
335 611 425 677 atque
445 604 510 663 eius
534 603 564 661 in
583 603 759 677 Hispaniam
781 605 967 677 profectione
989 624 1025 668 ac
1046 611 1085 670 de

60 689 194 755 vulnere
206 684 239 758 Q.
249 685 361 745 Metelli
374 686 417 745 Pii
433 686 544 760 cogitat
557 684 605 745 cu‘i
620 702 679 744 non
695 687 735 744 ad*
748 685 827 745 illius
842 703 971 760 poenam
984 705 1086 752 carcer

64 766 246 830 aedificatus
261 782 333 827 esse
350 768 509 828 videatur?
530 767 638 828 Omitto
653 775 804 840 caeteros,
820 785 858 828 ne
874 768 913 828 sit
925 769 1085 830 inlinitumz

64 848 119 912 71.-
139 859 284 911 tantuma
301 849 388 909 vobis
404 860 491 925 peto,
512 859 544 910 ut
558 850 639 910 taciti
653 851 692 911 de
710 850 863 920 omnibuS,
888 867 966 925 quos
984 852 1086 912 coniu-

62 948 155 994 rasse
180 933 415 1006 comitanter,
442 932 593 1006 cogitetis:
620 931 795 1008 intelligetis
818 949 911 994 unum
936 949 1087 1008 quemque

64 1031 173 1077 corum
185 1015 269 1090 prius
280 1033 298 1074 a
310 1030 365 1074 sua
377 1017 436 1075 vita
448 1032 538 1090 quarn
552 1031 570 1074 a
582 1024 683 1076 vestra
694 1016 869 1091 suspicione
883 1031 954 1077 esse
966 1016 1086 1081 damna-

63 1106 140 1160 tum.
168 1098 271 1172 Ipsum
282 1097 363 1156 illum
375 1098 562 1170 Autronium,
581 1099 721 1173 quoniam
733 1100 799 1160 eius
810 1114 920 1160 nomen
932 1097 1088 1163 linitimmn

64 1181 197 1242 maxime
212 1188 259 1240 est
275 1179 363 1239 huius
379 1180 512 1255 periculo
528 1189 557 1241 et
571 1180 694 1256 cumini,
711 1198 772 1243 non
788 1197 844 1243 sua
856 1182 915 1242 vita
932 1197 968 1242 ac
982 1190 1088 1241 notura

66 1262 241 1325 convincit?
273 1261 398 1336 Semper
414 1265 531 1337 audax,
553 1266 705 1338 petulans,
726 1264 922 1326 libidinosus:
952 1280 1042 1339 quem
1055 1263 1087 1323 in

66 1356 240 1420 stuprorum
252 1346 480 1408 defensionibus
495 1364 554 1408 non
570 1348 668 1408 solum
683 1346 783 1407 verbis
800 1346 843 1408 uti
854 1346 1087 1423 improbissimis
1125 1388 1128 1393 ,

66 1428 189 1490 solitum
205 1444 275 1488 esse
290 1428 416 1501 scimus,
432 1445 536 1489 verum
552 1429 639 1490 etiam
658 1427 767 1503 pugnis
781 1437 812 1491 et
825 1429 972 1491 calcibus:
997 1447 1087 1527 quern

66 1512 228 1572 exturbare
253 1511 390 1572 homines
412 1529 429 1572 e
441 1512 716 1600 possessionibus,
742 1513 866 1572 caedem
891 1513 991 1574 facere
1015 1512 1086 1572 vici-

54 1604 183 1665 ·norum,
202 1593 334 1667 spoliare
349 1597 419 1654 iana
433 1584 592 1666 sociorum,
612 1612 641 1654 vr
633 1595 820 1672 [conatum]
828 1603 859 1660 et
873 1595 963 1657 armis
978 1595 1086 1656 distur-
1142 1642 1145 1646 .

58 1678 140 1737 ⁴bare
155 1676 299 1746 indicias
292 1694 321 1735 rn
335 1676 425 1736 bonis
439 1677 530 1738 rebus
547 1694 652 1737 omnes
668 1685 867 1749 contemnere,
884 1677 913 1737 in
931 1677 1017 1739 molis
1032 1695 1087 1753 pu·

65 1775 160 1832 gnare
176 1767 280 1838 ceptro
293 1759 409 1831 bonos,
430 1775 489 1818 non
508 1760 552 1819 rei
567 1758 712 1833 publicae
727 1761 850 1829 cedere,
872 1776 937 1819 non
949 1761 1087 1820 fortunae

63 1840 128 1917 ipsi
142 1840 348 1899 succumbere.
377 1840 473 1900 Huius
488 1842 514 1901 si
536 1857 628 1901 causa
645 1859 705 1902 non
722 1841 975 1901 manifestissimis
994 1843 1087 1901 rebus

39 1987 42 1993 ,
62 1929 233 1991 teneretur,
251 1929 349 1982 tannen
364 1937 432 1981 eum
448 1938 549 1983 mores
562 1923 660 1997 ipsius
675 1940 711 1983 ac
726 1924 787 1984 vita
802 1923 1024 1983 convincerent.

150 2003 255 2062 XXVI.
272 2002 321 2065 72.
344 2005 497 2079 Agedum,
519 2006 653 2067 conferte
673 2023 752 2066 nunc
773 2023 840 2067 curn
861 2005 920 2066 illis
941 2004 1031 2065 vitam
1054 2004 1087 2063 P.

65 2087 180 2160 Sullae,
194 2086 283 2145 vobis
293 2089 470 2162 populoque
480 2089 616 2149 Romano
629 2088 825 2162 notissimam,
840 2087 966 2161 iudices,
981 2096 1011 2147 et
1021 2102 1087 2147 eam

64 2179 136 2230 ante
152 2169 257 2231 oculos
274 2180 391 2232 vestros
407 2171 577 2246 proponite.
606 2171 732 2247 Ecquod
749 2181 795 2232 est
808 2171 897 2232 huius
913 2172 1022 2230 luctum
1036 2177 1088 2230 aut

65 2253 263 2312 commissum
277 2271 337 2313 non
354 2254 451 2314 dicam
469 2254 631 2329 audaciuS,
654 2256 710 2315 sed
725 2255 807 2329 quod
828 2253 967 2328 cuiquam
986 2255 1086 2329 paullo

65 2333 166 2396 minus
194 2336 415 2396 consideratum
436 2337 600 2398 videatur?
633 2337 755 2398 Factum
785 2344 919 2433 quaero?
951 2337 1087 2396 Verbum

66 2419 188 2493 eoquod
202 2407 345 2493 uniquam
362 2436 465 2479 exere
480 2421 569 2480 huius
582 2420 747 2491 exciditin
765 2436 824 2494 quo
841 2419 1002 2495 quisquam
1014 2435 1087 2494 pos·
1103 2497 1104 2500 Ἴ

66 2509 115 2561 set
137 2500 271 2560 offendit
304 2505 344 2560 At
363 2517 435 2561 vero
456 2502 486 2561 in
508 2502 559 2562 illa
578 2502 663 2577 gravi
684 2503 717 2560 L.
734 2501 835 2561 Sullae
855 2503 1087 2574 turbulentaque

65 2581 193 2642 victoria
205 2583 273 2658 quis
283 2584 315 2643 P,
327 2582 411 2643 Sulla
421 2583 528 2657 mitier,
545 2585 613 2659 quis
627 2584 852 2645 misericordior
866 2586 1007 2644 inventus
1021 2588 1088 2643 est?
1118 2629 1126 2635 ..

66 2665 161 2738 Quam
176 2667 335 2726 multorum
350 2664 400 2725 bic
418 2665 511 2726 vitam
527 2676 575 2726 est
590 2685 609 2726 a
622 2668 655 2725 L.
672 2666 756 2728 Sulla
773 2668 969 2741 deprecatus!
997 2678 1088 2739 quam
1106 2722 1116 2737 ,

65 2748 150 2808 multi
171 2759 242 2810 sunt
259 2749 367 2809 summi
384 2745 522 2826 homines
538 2758 568 2808 et
588 2749 771 2809 ornatissimi
791 2756 821 2809 et
836 2748 931 2808 nostri
948 2753 978 2806 ct
994 2759 1087 2817 eque·

66 2831 136 2891 stris
150 2832 272 2905 ordinis,
290 2848 417 2906 quorum
429 2848 484 2907 pro
497 2833 593 2892 salute
606 2848 641 2892 se
652 2831 700 2892 hic
713 2831 815 2891 Sullae
827 2829 983 2904 obligavit!
1004 2826 1087 2899 Quos

66 2925 123 2982 ego
138 2914 339 2974 nominarem:
365 2931 466 2989 neque
485 2915 563 2974 enim
578 2913 638 2988 ipsi
653 2916 759 2975 nolunt
776 2922 807 2974 et
821 2912 891 2971 huic
906 2908 1005 2969 animo
1019 2924 1086 2982 gra-

65 2989 184 3052 tissimo
201 2998 324 3057 adsunt
347 2998 403 3057 sed
420 2997 490 3072 quia
504 2998 600 3056 maius
614 3004 662 3056 est
674 2996 868 3064 beneficium,
888 3008 976 3066 quam
991 3006 1086 3066 posse

68 3074 157 3134 debet
178 3075 254 3135 civis
276 3078 335 3135 civi
358 3081 445 3149 dare,
470 3078 539 3136 ideo
562 3097 580 3135 a
603 3076 692 3136 vobi's
712 3083 798 3149 peto,
825 3083 858 3134 ut
883 3076 965 3149 quod
990 3073 1086 3150 potuit

68 3157 194 3231 tempori
213 3157 365 3230 tribuatis,
392 3160 475 3234 quod
490 3158 582 3218 fecit
574 3158 643 3232 lpsi.
687 3155 737 3220 73.
761 3155 839 3230 Quid
852 3157 998 3233 reliquam
1014 3173 1085 3218 con·
1104 3197 1110 3209 ι

68 3238 205 3298 stantiam
219 3241 299 3301 vitae
314 3248 566 3303 commemorem?
585 3241 772 3315 dignitatem,
788 3240 1007 3314 liberalitatem,
1022 3254 1085 3297 mo·
1151 3263 1155 3279 ·

68 3320 252 3382 derationem
266 3324 296 3383 in
314 3324 438 3397 privatis
453 3324 558 3396 rebus,
578 3325 772 3398 splendorem
786 3321 815 3380 in
831 3323 981 3397 publicis?
1007 3334 1085 3395 quae

65 3401 108 3463 ita
131 3405 387 3477 deformatasunt
405 3423 424 3466 a
442 3406 573 3480 fortuna,
602 3414 635 3466 ut
656 3414 754 3466 tamen
778 3422 797 3466 a
819 3413 924 3466 natura
946 3403 1086 3463 inchoata
