2340 3788
329 159 410 219 oar.
426 167 538 221 ιο-ι,
554 107 584 237 ι.
599 168 724 223 ιο-ιι.
990 160 1054 237 ato

52 329 87 373 o
105 308 224 369 facilius
238 307 415 383 perspicere
431 307 557 383 possitis
577 310 776 382 argumentis,
792 326 855 370 rem
870 320 985 386 gestam
1000 331 1053 376 vo·

52 409 73 450 ς
90 394 164 452 dum
178 390 310 451 breviter
327 407 460 466 expono,
476 406 602 463 quaeso,
619 389 778 465 diligenter
792 393 944 455 attendite.

88 474 140 534 at.
160 475 190 534 P.
209 472 331 534 Clodius
346 490 440 549 quum
455 471 611 532 statuisset
632 473 713 534 omni
732 474 848 533 scelere
863 474 894 534 in
914 488 1054 550 praetura

54 572 143 616 §rare
154 573 216 616 rem
233 556 383 631 publicam
400 556 576 629 videretque
592 554 633 615 ita
647 563 741 615 tracta
755 570 826 615 esse
841 557 960 618 comitia
973 576 1052 622 anno

56 638 208 714 periore,
230 646 337 699 utnon
354 641 464 700 multos
483 652 605 697 menses
625 647 796 711 praeturam
818 654 923 712 gerere
938 652 1052 717 posset,

52 722 80 782 ri
95 738 156 781 non
174 721 299 782 honoris
316 722 442 795 gradum
457 726 616 794 spectaret,
632 719 795 794 utcaeteri
811 722 867 780 sed
884 722 955 781 etL.
969 722 1054 784 Paul·

52 821 91 865 [ιι
109 805 255 879 collegam
270 803 406 876 effugere
420 804 528 874 vellet,
545 801 689 876 singulari
704 802 812 879 virtute
829 803 942 876 civem,
960 811 989 863 et
1003 822 1054 864 an·

52 905 102 947 tm
134 886 282 960 integrum
307 887 346 945 ad
372 885 595 944 dilacerandam
618 900 681 944 rem
709 883 859 958 publicam
888 895 1055 962 quaereret,

52 970 377 1043 tbitoreliquitannum
385 984 473 1028 suum
482 980 613 1039 seseque
625 966 655 1025 in
663 966 833 1040 proximum
841 983 952 1027 annum
960 976 1055 1028 trans·

52 1052 108 1123 lit,
125 1067 202 1123 non,
219 1059 253 1110 ιιι
267 1051 316 1124 fit,
330 1049 476 1124 religione
490 1048 608 1122 aliqua,
623 1049 679 1108 sed
695 1057 729 1109 ut
742 1048 873 1121 haberet,
890 1051 973 1124 quod
988 1050 1056 1125 ipse

52 1135 167 1205 cahat,
189 1133 228 1191 ad
248 1140 420 1206 praeturam
441 1130 619 1207 gerendam,
641 1131 700 1190 hoc
716 1140 777 1202 est,
800 1132 840 1190 ad
861 1132 1056 1193 evertendam

52 1232 93 1274 tm
111 1215 277 1288 publicam,
300 1217 422 1289 plenum
438 1230 548 1274 anuum
568 1221 660 1288 atque
680 1213 837 1287 integrum.
880 1211 930 1274 25.
946 1213 1056 1275 Occur-

52 1299 117 1357 ebat
139 1296 167 1355 ei
182 1312 318 1355 mancam
338 1313 374 1357 ac
396 1297 526 1356 debilem
541 1304 712 1370 praeturam
728 1311 814 1355 suam
835 1296 964 1356 laturam
984 1313 1055 1356 con·

52 1382 99 1439 ule
120 1380 247 1438 Milone:
275 1395 342 1439 cum
370 1396 460 1454 porro
484 1394 601 1439 summo
623 1393 777 1438 consensu
800 1377 906 1453 populi
929 1379 1056 1439 Romani

52 1462 188 1521 cnsulem
211 1461 276 1521 lieri
304 1461 435 1522 videbat.
479 1459 609 1521 Gontmit
629 1477 664 1520 se
681 1460 722 1519 ad
742 1460 808 1520 eius
832 1461 1055 1535 competitores,

52 1546 88 1604 ed
102 1546 157 1617 ita,
180 1552 270 1604 totam
284 1553 317 1605 ut
332 1545 508 1618 petitionem
523 1543 591 1618 ipsc
608 1545 693 1604 solus
708 1542 798 1603 etiam
813 1543 914 1602 invitis
928 1543 987 1604 illis
1002 1560 1056 1618 gu·

52 1635 186 1698 ernaret,
203 1635 265 1688 tota
278 1635 312 1686 ut
326 1627 447 1687 comitia
461 1625 542 1696 suis,
553 1634 587 1685 ut
601 1624 763 1695 dictitabat,
779 1624 911 1684 humeris
928 1626 1072 1699 sustine·

52 1719 87 1769 et.
132 1710 326 1768 convocabat
346 1709 456 1779 tribus,
478 1723 513 1765 sc
536 1706 761 1779 interponebat,
782 1706 927 1765 Collinam
946 1723 1056 1766 novum

52 1791 145 1850 ilectu
170 1789 442 1862 perditissimorum
464 1788 574 1847 civium
598 1787 818 1847 conscribebat.
868 1788 983 1858 Quum
1007 1788 1058 1847 illa

52 1876 121 1932 lura
138 1870 299 1941 miscebat,
320 1877 403 1930 tauto
418 1869 467 1930 hic
478 1868 575 1942 magis
589 1866 619 1926 in
635 1868 701 1928 dies
716 1869 958 1929 convalescebat.
999 1867 1058 1928 Ubl

52 1954 107 2014 idit
120 1954 211 2013 homo
222 1953 262 2010 ad
276 1967 366 2011 omne
382 1952 499 2012 lacinus
512 1949 723 2025 paratissimus
742 1949 937 2011 fortissimum
950 1950 1056 2018 virum,

52 2035 272 2097 timicissimum
289 2050 391 2108 suum,
409 2033 609 2095 certissimum
623 2034 790 2105 consulem,
807 2032 901 2107 idque
913 2032 1059 2093 intellexit

52 2136 94 2179 on
110 2119 207 2177 solum
223 2116 429 2189 sermonibus,
451 2118 507 2178 sed
528 2117 616 2176 etiam
635 2115 788 2189 suffragiis
808 2116 914 2189 populi
930 2116 1059 2174 Romam

52 2217 129 2274 sepe
144 2216 214 2260 esse
228 2201 429 2272 declaratum,
447 2200 545 2274 palam
565 2215 656 2274 agere
677 2197 779 2273 coepit
792 2207 823 2257 et
836 2204 940 2272 aperte
955 2196 1057 2256 dicere

52 2283 234 2345 ccidendum
248 2281 399 2342 Milonem.
426 2282 477 2344 26.
493 2281 608 2342 Servos
623 2289 760 2356 agrestes
775 2288 804 2341 ct
817 2281 974 2352 barbaros,
992 2278 1058 2354 qui·

52 2384 92 2427 us
114 2365 208 2426 silvas
231 2365 368 2440 publicas
389 2367 593 2440 depopulatus
614 2373 678 2425 erat
690 2363 900 2437 Etruriamque
922 2368 1058 2434 vexarat,

52 2466 74 2509 x
88 2448 251 2522 Apennino
276 2448 457 2521 deduxerat,
479 2464 557 2522 quos
576 2446 736 2508 videbatis
779 2447 841 2506 Res
858 2453 923 2505 erat
936 2443 1059 2503 minime

52 2534 174 2591 bscura.
216 2531 334 2592 Etenim
356 2529 511 2591 dictitabat
531 2532 630 2605 palam
650 2530 842 2590 consulatum
865 2527 940 2601 eripi
955 2525 1060 2585 Miloni

53 2630 96 2672 on
112 2630 221 2708 posse,
244 2612 336 2672 vitum
351 2629 455 2687 posse.
499 2612 686 2687 Significavit
707 2613 765 2672 boc
783 2626 877 2684 saepe
894 2609 925 2668 in
943 2614 1058 2677 senatu,

53 2695 111 2756 ixit
134 2695 165 2754 in
187 2695 345 2756 contione·
372 2693 444 2771 quin
465 2695 606 2756 etiamM.
625 2692 776 2766 Favonio,
798 2690 963 2752 fortissimo
980 2687 1061 2773 viro,

56 2778 194 2838 uaeranti
213 2795 252 2838 ex
265 2794 303 2838 eo
320 2795 380 2853 qua
393 2794 451 2853 spe
467 2779 578 2838 fureret
590 2777 702 2836 Milone
717 2776 806 2848 vivo,
827 2760 988 2848 responait
1007 2769 1059 2831 tri

52 2875 98 2920 uo
114 2859 196 2919 illum
207 2869 258 2921 aut
272 2877 420 2921 summum
433 2861 603 2934 quadriduo
617 2876 689 2919 esse
705 2857 884 2932 periturum:
903 2870 993 2930 quam
1008 2869 1060 2913 vo·

53 2959 104 3002 em
126 2943 192 3003 eius
213 2944 347 3003 adhunc
361 2945 400 3004 M.
417 2944 559 3004 Catonem
578 2941 678 3002 statim
691 2939 844 3000 Favonius
869 2937 982 2998 detulit·
1024 2934 1061 2995 X.

52 3024 86 3086 ti.
105 3026 225 3085 Interim
242 3044 334 3101 quum
349 3028 440 3087 sciret
455 3026 577 3085 Clodius
594 3021 844 3098 —nequeenim
859 3028 924 3080 erat
939 3019 1062 3078 difficile

53 3110 166 3167 clre—
179 3109 234 3168 iter
245 3111 398 3182 sollenne
417 3108 590 3183 legitimum,
604 3104 811 3166 necessarium
823 3113 892 3163 ante
903 3101 983 3162 diem
992 3116 1060 3161 ιιιιι.

52 3192 191 3251 [alendas
207 3191 388 3252 Febmarias
399 3190 503 3250 Miloni
515 3206 586 3250 esse
598 3187 767 3248 Lanuvium
779 3187 818 3246 ad
829 3184 979 3245 flaminem
991 3199 1062 3279 pro·
1120 3248 1124 3269 Ι

52 3276 185 3347 '.,endum
211 3276 295 3349 quod
310 3284 374 3335 erat
389 3275 516 3334 dictator
528 3271 655 3332 Lanuvii
676 3269 758 3340 Milo,
776 3271 872 3329 Roma
884 3265 1002 3328 subito
994 3278 1064 3338 ipse

52 3359 192 3417 rolectus
213 3356 310 3440 pridie
330 3365 392 3429 est,
412 3364 445 3417 ut
465 3365 533 3416 ante
546 3371 634 3415 suum
647 3352 787 3424 fundum,
803 3351 885 3426 quod
899 3366 933 3410 re
950 3347 1064 3408 intelle
