2340 3788
374 172 464 236 uni.
483 181 613 237 1a-1a.
636 179 662 238 s.
679 180 809 236 ea—ae.
1049 177 1116 251 ,421

85 322 197 401 populi
217 322 443 398 versust·quid
455 322 590 404 Pompeii
608 329 726 383 statuae
743 323 871 398 plausus
894 324 1022 387 infiniti?
1043 331 1116 404 quid

86 408 210 468 duobus
221 405 348 469 tribunis
358 407 466 482 plebis,
485 405 537 481 qui
547 403 636 465 vobis
647 405 870 466 adversanturt
884 423 1028 482 parumne
1038 411 1114 474 haec

86 490 261 564 significant
279 489 494 551 incredibiliter
513 487 751 561 consentientem
771 486 878 563 populi
897 490 1024 553 Romani
1050 498 1114 556 uni-

83 571 170 632 versi
185 575 394 635 voluntatemt
408 571 508 645 Quidt
521 570 741 646 Apollinarium
761 569 903 631 ludorum
922 574 1047 646 plausus
1065 580 1114 639 vel

83 656 258 716 testimonia
274 655 375 733 potius
394 663 424 714 et
436 652 549 714 iudicia
559 655 666 735 populi
676 652 803 715 Romani
817 670 925 728 parum
939 672 1048 730 magna
1060 678 1114 723 vo-

54 800 56 805 ,
81 739 133 797 bis
151 739 353 800 videbantur?
373 736 396 796 0
410 737 518 797 beatos
528 735 618 810 illos,
635 735 703 812 qui,
718 753 810 813 quum
824 738 937 798 adesse
952 739 1029 814 ipsis
1046 759 1113 815 pro·

81 827 152 896 pter
166 820 227 880 virn
242 836 395 880 armornm
411 836 472 881 non
486 819 610 893 licebat,
624 820 751 880 aderant
767 829 866 880 tamen
882 819 955 880 etin
972 823 1111 885 medullis

80 904 192 979 populi
206 904 336 964 Romani
350 917 390 962 ac
403 900 573 962 visceribus
587 902 766 963 haerebant!
778 902 842 961 Nisi
854 903 931 963 lorte
944 904 1039 966 Accio
1052 914 1113 966 tum

79 986 188 1062 plaudi
204 994 234 1045 et
250 984 445 1058 sexagesimo
459 991 531 1059 post
547 1001 627 1045 anno
643 987 773 1060 palmam
784 984 858 1059 dari,
876 1001 937 1044 non
951 985 1045 1057 Bruto
1059 1005 1113 1062 pu·
1137 979 1146 1007 ⁸

79 1067 202 1140 montis,
220 1069 270 1142 qui
288 1067 367 1128 ludis
382 1066 446 1128 suis
461 1067 502 1128 ite
516 1067 623 1142 caruit,-
634 1076 668 1128 ut
681 1067 711 1127 in
726 1068 776 1128 illo
794 1067 1027 1143 apparatissimo
1044 1087 1112 1145 spe·

81 1152 204 1210 ctaoulo
221 1151 353 1211 studium
368 1151 501 1226 populus
515 1152 671 1212 Romanus
689 1149 825 1211 tribuerit
839 1150 971 1224 absenti,
993 1151 1112 1214 deside·

82 1234 164 1292 rium
178 1233 349 1293 liberatoris
363 1232 412 1295 sui
426 1241 576 1310 perpetuo
590 1235 702 1309 plausu
716 1242 745 1294 et
758 1234 890 1295 clamore
903 1233 1029 1297 lenierit.

144 1313 195 1378 37.
210 1317 360 1391 Equidem
368 1317 395 1376 is
410 1332 487 1392 sum,
505 1316 557 1393 qui
572 1316 649 1377 istos
659 1319 796 1391 plausus
810 1334 902 1392 quum
911 1317 1111 1392 popularibus

80 1397 202 1459 civibus
218 1400 434 1472 tribuerentur,
456 1415 578 1475 semper
595 1400 842 1474 contempserim:
858 1400 1001 1476 idemque
1019 1418 1111 1478 quum

81 1498 102 1541 a
114 1481 256 1556 summis,
277 1482 400 1556 mediis,
416 1481 542 1556 infimis,
558 1501 651 1558 quum
666 1482 798 1558 denique
820 1484 859 1544 ab
878 1483 1031 1545 universis
1052 1486 1111 1546 hoc

79 1563 163 1624 idern
176 1565 211 1625 fit
230 1567 384 1642 quumque
399 1564 436 1640 ii,
452 1565 588 1641 quiante
604 1565 692 1641 sequi
708 1567 814 1641 populi
830 1583 1015 1634 consensum
1031 1568 1110 1630 sole·

78 1648 168 1719 bant,
191 1648 324 1722 lugiunt,
344 1665 406 1708 non
421 1649 562 1723 plausum
576 1648 674 1719 illurn,
699 1649 755 1707 sed
769 1647 912 1709 iudicium
929 1659 1013 1725 puto.
1057 1651 1110 1713 Sin

79 1730 158 1791 haec
171 1730 258 1789 vobis
270 1731 387 1790 leviora
398 1728 546 1800 videntur,
564 1746 642 1804 quae
655 1738 725 1790 sunt
735 1729 923 1803 gravissimo,
935 1749 1008 1792 num
1022 1736 1110 1794 etiam

79 1813 142 1870 hoc
160 1810 365 1882 contemnitis,
386 1810 471 1885 quod
487 1810 627 1871 sensistis
648 1819 709 1870 tam
724 1827 826 1871 caram
840 1813 956 1886 populo
972 1815 1109 1874 Romano

81 1892 175 1951 vitam
189 1895 217 1952 A
229 1891 315 1951 Hirtii
335 1891 456 1952 luisset
475 1891 556 1954 Satis
576 1891 738 1952 eratenim
759 1893 919 1969 probatum
941 1895 1023 1956 illurn
1039 1913 1110 1958 esse

81 1977 198 2050 populo
209 1976 363 2049 Romano,
377 1984 411 2036 ut
426 1982 489 2036 esta
504 1975 668 2037 iucundum
682 1973 800 2048 amicis,
818 1976 848 2035 in
865 1993 926 2051 quo
940 1976 1034 2038 vincit
1048 1994 1110 2051 onn-

81 2073 154 2121 nes=
176 2074 278 2119 carum
296 2048 370 2132 suis,
391 2058 502 2136 quibus
517 2068 565 2122 est
578 2057 768 2120 carissimum
786 2066 898 2120 tantem
913 2068 1012 2120 tamen
1029 2061 1109 2123 solli-

82 2141 247 2201 citudinem
260 2142 425 2215 bonorum,
444 2149 559 2205 tantum
576 2143 713 2205 timorem
735 2143 868 2204 omnium
884 2143 913 2203 in
930 2159 991 2218 quo
1006 2142 1109 2204 merni-

80 2224 203 2284 nimust
218 2225 304 2286 Certe
320 2227 350 2285 in
365 2227 457 2288 nullo.
605 2220 612 2249 '

140 2305 190 2370 38.
205 2307 282 2382 Quid
297 2308 407 2384 igiturr
425 2309 486 2371 hoc
503 2326 568 2382 vos,
584 2324 641 2385 per
656 2309 732 2371 deos
745 2308 945 2370 immortales!
966 2312 1056 2387 quale
1071 2309 1110 2373 sit

81 2408 144 2451 non
160 2391 417 2467 interpretamini?
438 2391 511 2468 quid
533 2408 589 2454 cos
605 2393 644 2453 de
658 2401 761 2454 vestra
774 2392 837 2454 vita
852 2393 985 2470 cogitare
1002 2408 1109 2456 censc-

79 2473 134 2546 tis,
158 2474 268 2551 quibus
292 2491 413 2548 eorum,
433 2491 512 2551 quos
535 2486 660 2551 sperant
677 2475 722 2536 rei
742 2474 885 2551 publicae
904 2479 1108 2551 consulturos,

79 2557 143 2616 vita
159 2566 220 2618 tam
237 2573 308 2618 cara
323 2557 382 2619 sitt
396 2557 469 2634 Cepi
485 2561 626 2633 fructum,
647 2568 750 2634 patres
766 2559 946 2635 conscripti,
960 2561 1109 2622 reversio·

80 2639 130 2698 nis
144 2656 245 2701 maaet
270 2641 413 2718 quoniam
427 2649 458 2702 et
474 2658 511 2703 ca
525 2642 604 2716 dixi,
617 2651 651 2703 ut
663 2641 847 2718 quicumque
856 2658 948 2703 casus
961 2659 1110 2706 consecu-

81 2730 131 2781 tus
146 2731 242 2796 esset,
266 2731 399 2785 exstaret
419 2726 607 2787 constantiae
625 2741 712 2786 mene
725 2725 945 2798 testimonium,
966 2734 996 2787 et
1011 2742 1111 2786 suma

80 2803 172 2864 vobis
183 2805 314 2882 benigno
334 2822 371 2867 ac
387 2805 545 2891 diligenter
560 2809 691 2869 auditus.
742 2808 825 2882 Quae
839 2817 978 2886 potestas
997 2808 1024 2869 si
1038 2807 1111 2868 milri

81 2889 207 2963 saepius
235 2891 301 2951 sine
322 2907 391 2951 meo
410 2898 576 2967 vestroque
602 2891 738 2967 periculo
759 2893 827 2967 liet,
846 2901 928 2955 utar=
955 2892 1108 2963 siminus,

81 2980 225 3044 quantum
241 2981 365 3049 potero,
385 2982 522 3035 nontam
538 2976 607 3039 mihi
625 2991 673 3035 nne
689 2991 778 3050 quam
795 2977 840 3036 rei
856 2975 997 3050 publicae
1013 2990 1112 3036 reser-

78 3054 169 3115 vabo.
213 3055 285 3117 Mihi
307 3059 370 3118 lere
384 3058 459 3118 satis
483 3067 530 3121 est
545 3058 628 3134 quod
642 3056 706 3118 vixi
729 3060 778 3119 vel
801 3060 841 3127 ad
863 3065 991 3118 aetatem
1004 3058 1056 3118 vel
1069 3058 1110 3118 ad

79 3137 223 3210 gloriam=
245 3139 305 3200 huc
325 3139 352 3200 si
373 3140 446 3217 quid
463 3141 643 3216 accesserit,
665 3158 726 3204 non
748 3149 808 3203 tum
827 3139 901 3203 mihi
916 3157 1006 3217 quam
1021 3138 1110 3202 vobis

78 3219 188 3296 reique
203 3222 344 3296 publicae
359 3223 534 3284 occesserit

492 3370 691 3389 -t———-.-
