2340 3788
10 542 17 603 Ι

355 104 437 164 cAP.
459 113 590 166 itt-12.
612 111 638 172 S·
655 114 788 171 al-at.
1033 112 1096 177 143

54 254 249 321 coloniarum
262 270 299 316 ac
315 253 550 331 municipiorum
564 256 795 330 respondebunt
808 256 953 323 catilinam
969 264 1092 327 tumulis

55 340 262 403 rurestribus
303 339 412 413 Neque
426 354 484 414 ego
500 346 638 399 caeteras
652 336 776 413 copias,
795 352 971 406 ornamenta
978 364 1091 423 ,·prae

56 423 136 486 sidia
149 430 256 484 vestra
265 436 335 483 cum
348 420 431 482 iliius
445 419 594 482 iatronis'
586 420 692 497 inopia
702 428 795 497 atque
805 435 940 498 egestate
950 432 1092 493 conterre

58 508 168 568 debeo.
210 503 261 568 95.
277 505 380 567 Sed·
355 522 399 579 sn,
417 506 541 567 omissis
556 504 604 565 his
618 506 712 565 rebus
720 502 857 579 ,quibus
870 524 929 571 nos
944 512 1091 591 suppedi-

56 599 171 662 tamur,
188 598 260 667 eget
273 588 339 662 iiic,
355 597 480 664 senatu,
500 587 656 663 equitibus
670 587 833 661 Romanis,
856 594 986 667 populo,
1004 600 1092 673 urbe,

58 673 191 746 aerario,
207 672 426 748 vectigalibus,
441 679 551 732 cuncta
565 672 664 746 ltalia,
668 670 850 769 'provinciis
868 673 1024 752 omnibus,
1037 698 1091 740 ax-

58 756 132 818 teris
146 717 337 830 nationibus,
355 773 383 816 ιιι
373 754 445 814 'his
461 756 556 815 rebus
571 755 693 816 omissis
711 771 824 817 causas
838 754 941 832 ipsas,
956 762 1092 833 quaein

58 848 101 900 ter
116 856 155 901 se
169 839 350 915 confligunt,
366 839 552 899 contendere
562 838 701 915 velimus,
717 857 805 900 exeo
817 839 888 916 ipso
901 855 992 915 quam
1004 845 1094 905 vaide

58 922 97 984 iti
109 923 235 985 iaceant
248 920 417 997 intelligere
431 938 605 998 possumus.
637 924 685 984 Ex
704 923 763 984 hac
784 925 864 983 enim
885 930 973 999 parte
993 927 1095 1000 pudor

58 1014 188 1084 pugnat,
203 1007 285 1067 illinc
302 1005 484 1081 petulantia=
500 1005 570 1067 hinc
587 1007 740 1083 pudicitia,
756 1006 838 1067 illinc
848 1015 1006 1084 stuprum=
1023 1007 1094 1069 hinc

58 1091 150 1163 tides,
168 1090 253 1150 illinc
275 1088 440 1151 fraudatio=
460 1090 531 1150 hinc
553 1091 668 1166 pietas,
689 1090 774 1150 iiiinc
795 1093 914 1152 scetus:
929 1091 1002 1153 hino
1021 1107 1094 1153 con·

58 1174 175 1247 euntia,
190 1172 273 1234 illinc
286 1174 384 1234 furora
396 1172 467 1235 irinc
478 1174 635 1248 honestas,
652 1173 734 1233 illinc
749 1172 921 1248 turpitudo:
935 1176 1008 1237 hinc
1020 1192 1096 1238 con·

57 1256 193 1331 tinentia,
208 1256 291 1317 iiiinc
306 1257 415 1318 iibido:
432 1257 566 1333 denique
583 1256 733 1333 aequitas,
749 1258 957 1335 temperantia,
975 1260 1092 1322 tortitu-

58 1342 104 1417 do,
117 1340 293 1418 prudentia,
305 1341 433 1403 virtutes
449 1358 557 1403 omnes
570 1348 687 1402 certant
699 1356 767 1403 cum
778 1339 946 1420 iniquitate,
962 1345 1093 1419 luxuria,

56 1423 191 1501 ignavia,
204 1425 380 1501 temeritate,
395 1441 465 1488 cum
477 1425 558 1487 vitiis
573 1424 730 1486 omnihus:
748 1432 906 1500 postremo
918 1427 1009 1504 copia
1024 1446 1093 1490 cunr

57 1515 210 1585 summe,
233 1508 315 1570 bona
330 1508 407 1570 ratio
423 1524 491 1570 cum
506 1509 641 1584 perdita,
664 1524 752 1568 mens
770 1523 932 1571 sanarum
952 1515 1093 1587 amentia,

55 1592 138 1653 bona
152 1590 288 1677 denique
304 1608 377 1668 spes
394 1608 465 1653 eum
487 1591 621 1653 omnium
637 1608 739 1652 rerum
756 1593 971 1667 desperatione
985 1595 1092 1657 contii-

56 1675 105 1752 git
141 1676 179 1735 ln
194 1675 362 1736 eiusmodi
378 1675 544 1735 certamine
560 1690 597 1734 ac
614 1673 733 1751 proelio
750 1690 868 1749 nonne,
891 1678 983 1737 etiarn
997 1678 1024 1736 si
1037 1679 1093 1739 iro-

56 1759 171 1821 minum
193 1758 296 1818 studia
311 1757 470 1830 deficiant,
496 1759 526 1817 di
552 1757 612 1832 ipsi
635 1757 823 1819 immortales
847 1768 959 1834 cogant
981 1760 1020 1820 ab
1043 1760 1093 1819 his

36 1838 314 1917 ‚praeclarissimis
336 1839 499 1901 virtutibus
517 1848 561 1901 tot
580 1848 611 1900 et
630 1847 713 1901 tanta
734 1840 807 1902 vitia
827 1844 990 1917 superarit
1028 1842 1094 1902 ΧΠ.

54 1925 103 1989 96.
131 1925 223 2000 Quae
239 1938 331 1997 quum
346 1922 388 1983 ita
402 1921 472 1997 sint,
489 1922 630 1998 Quirites
644 1941 713 1999 voa,
731 1925 877 2001 quemad
893 1925 1017 1986 modum
1033 1924 1095 1986 iam

55 2018 161 2085 anton,
181 2014 284 2068 vestra
305 2014 385 2068 tecta
405 2006 553 2070 custodiis
568 2006 743 2084 vigiliisque
758 2008 928 2070 defendite:
948 2007 1037 2083 mihi,
1060 2017 1095 2071 ut

54 2092 123 2155 rubi
147 2090 219 2153 sine
233 2098 336 2152 vestro
353 2100 437 2154 motu
457 2109 494 2153 ac
515 2091 583 2153 sine
596 2093 659 2153 ulio
673 2094 802 2154 tumultu
818 2094 892 2154 satis
907 2101 992 2155 esset
1005 2110 1093 2169 prae·
1151 2160 1160 2179 s

57 2174 135 2250 sidii,
151 2177 326 2237 considium
333 2184 426 2252 atque
433 2175 592 2252 provisum
604 2184 660 2238 est.
679 2175 786 2239 coloni
795 2192 901 2238 omnes
909 2176 1093 2255 municipes·

59 2276 118 2335 que
132 2261 244 2333 vestri,
265 2259 412 2321 certiores
427 2276 447 2320 a
461 2276 510 2321 me
528 2260 600 2322 iacti
614 2261 653 2321 de
667 2261 726 2321 hac
744 2269 893 2323 nocturna
909 2262 1093 2324 excursione

59 2342 215 2417 Οιιιὶιιιιιιο,
230 2344 319 2404 iaciie
334 2345 428 2405 urbes
445 2360 517 2404 suas
534 2345 677 2420 finesque
693 2345 867 2406 deiendent.
891 2345 1093 2419 Gladiatores,

58 2442 150 2502 quam
165 2425 223 2487 sibi
237 2426 288 2487 iiie
299 2443 421 2488 manum
437 2426 636 2488 certissimam
649 2430 715 2489 iore
723 2427 840 2501 putavit
852 2462 896 2475 -
907 2444 1094 2505 quamquam

57 2510 161 2571 anino
174 2508 302 2570 meliore
317 2518 388 2571 sunt
404 2526 495 2585 quam
510 2526 583 2585 pars
604 2510 798 2585 patriciorum
811 2546 863 2586 -,
880 2518 1033 2588 potestate
1048 2516 1094 2568 ta-

56 2608 129 2653 men
144 2602 251 2655 nostra
266 2594 510 2655 continebuntur.
540 2593 573 2666 Q.
590 2593 747 2670 Meteilus,
769 2612 861 2672 quem
875 2610 934 2670 ego
948 2594 1009 2653 hoc
1022 2607 1095 2667 pro·

56 2675 193 2752 spiciens
214 2677 244 2736 in
268 2693 374 2752 agrum
395 2676 542 2738 Gallicum
561 2677 765 2754 Picenumque
782 2677 945 2755 praemisi,
970 2681 1023 2735 aut
1040 2690 1094 2749 op·

56 2760 167 2835 primet
185 2759 340 2822 hominem
362 2770 415 2823 aut
436 2777 543 2822 omnes
565 2758 632 2820 eius
654 2770 756 2823 motus
778 2768 972 2832 conatusque
992 2756 1094 2832 prohi-

56 2844 150 2905 bebit.
182 2843 322 2920 Reliquis
337 2854 438 2907 autem
458 2846 497 2905 de
517 2845 611 2904 rebus
627 2843 866 2917 constituendis,
894 2840 1092 2916 maturandis,

57 2926 189 3003 agendis
203 2927 264 2989 iam
280 2930 320 2988 ad
338 2937 477 2990 senatum
493 2929 671 3000 referemus,
689 2942 780 3002 quem
796 2923 904 2985 vocari
916 2923 1037 2987 videtis.

141 3007 194 3074 97.
223 3011 416 3084 Numidas,
451 3014 502 3086 qui
529 3012 561 3071 iu
588 3012 664 3072 urhe
679 3015 892 3070 remanserunt
906 3015 998 3083 atque
1013 3011 1092 3071 adeo

55 3102 166 3156 contra
182 3094 268 3156 urhis
283 3097 412 3157 satutem
427 3095 622 3170 omniumque
636 3101 773 3156 vestrum
795 3092 826 3152 in
842 3091 918 3153 urba
934 3107 953 3151 a
968 3093 1093 3155 Catilina

53 3176 155 3240 reiicti
173 3186 253 3251 sunt,
273 3195 456 3254 quamquam
473 3188 544 3240 sunt
558 3179 675 3250 hostes,
691 3185 808 3249 tamen,
824 3176 895 3252 quia
912 3185 983 3237 sunt
997 3177 1092 3245 cives,

51 3260 191 3323 monitos
207 3261 296 3322 etiam
312 3270 403 3338 atque
415 3262 505 3324 etiam
515 3263 598 3322 volo.
619 3261 688 3321 Mea
699 3259 808 3320 lenitas
823 3260 923 3321 adhuc
939 3260 965 3319 si
978 3258 1027 3318 cui
1042 3271 1093 3314 so-

52 3345 151 3408 lutior
168 3344 239 3407 visa
255 3353 318 3422 est,
338 3345 397 3408 hoc
412 3346 617 3423 exspectavit,
634 3352 668 3405 ut
681 3343 729 3419 id,
745 3343 829 3420 quod
843 3344 971 3415 latebat,
995 3354 1093 3399 erum-
