2340 3788
365 170 447 231 cAP.
464 178 595 232 ao-aa.
616 176 642 238 s.
656 180 788 236 m-er.
1033 176 1098 245 las

10 334 15 353 ·
63 323 199 386 omnium
227 327 411 383 concursent
430 329 461 382 et
482 338 523 382 ex
542 306 627 382 'vultu
644 323 872 386 candidatorum
890 324 1096 390 coniecturam

62 408 177 468 faciam
191 413 336 479 quantum
354 402 487 480 quisque
498 402 590 465 animi
607 412 637 465 et
654 405 804 468 facultatis
819 407 933 469 habere
943 408 1094 472 videatur.

59 488 113 553 45.
126 487 267 550 Videsne
282 495 313 548 tu
324 485 409 548 illum
420 486 550 561 tristem,
566 486 757 548 demissumt
772 487 864 564 iacet,
877 491 995 566 diffidit,
1011 495 1096 556 abie-

61 572 103 633 cit
124 572 243 632 hastas.
277 569 378 644 Serpit
398 568 588 632 hierumor:
618 569 687 631 Scis
708 579 741 632 tu
762 569 846 634 illum
868 575 1095 637 accusationem

61 655 207 731 cogitare,
226 652 380 729 inquirere
394 652 425 712 in
440 652 666 730 competitores,
682 661 777 715 testes
796 664 966 728 quaereret
992 659 1095 721 Allum
1165 728 1168 733 ¹

61 739 188 811 faciam,
213 735 356 811 quoniam
377 735 437 799 sibi
455 737 505 796 hio
525 736 593 811 ipse
616 737 769 812 desperat.
801 736 974 799 Eiusmodi
991 743 1095 802 candi-

60 822 202 883 datorum
231 818 320 880 amici
347 817 445 880 intimi
473 818 680 892 debilitantur,
707 819 808 881 studia
836 821 1008 895 deponunt,
1043 832 1098 884 aut

60 913 154 964 totam
174 917 240 962 rem
263 900 408 962 abiiciunt
428 909 480 963 aut
503 898 589 963 suain
604 919 729 977 operam
745 911 775 964 ct
794 902 921 978 gratiam
934 902 1047 965 iudicio
1065 913 1097 966 et

60 983 253 1047 accusationi
273 994 441 1046 reservant.
467 985 561 1055 XXII.
579 985 708 1047 Accedit
729 987 852 1059 eodem,
868 995 902 1049 ut
919 985 1008 1046 etiam
1025 985 1096 1062 ipse

61 1067 244 1130 candidatus
259 1075 354 1129 totum
370 1067 502 1129 animum
518 1074 609 1142 atque
626 1083 745 1129 omnem
763 1085 881 1142 curam,
906 1085 1031 1145 operam
1049 1069 1096 1129 di-

61 1150 278 1228 ligentiamque
293 1167 382 1211 suam
395 1151 425 1211 in
443 1150 589 1226 petitione
604 1156 665 1212 non
678 1151 780 1227 possit
792 1169 918 1227 ponere.
946 1151 1095 1226 Adiungi·

60 1246 107 1297 tur
121 1235 205 1296 enim
219 1233 424 1296 accusationis
441 1233 599 1310 cogitatio,
614 1252 675 1295 non
690 1252 786 1310 parva
799 1251 866 1310 res,
883 1236 940 1296 sed
954 1234 1094 1296 nimirum
1150 1260 1153 1265 ¹

60 1317 196 1379 omnium
216 1318 356 1379 maxima.
393 1318 537 1393 Magnum
559 1326 607 1378 est
622 1317 701 1379 enlm
720 1327 748 1379 te
766 1335 945 1394 comparare
959 1335 1011 1395 ea,
1027 1317 1096 1395 qui·

60 1402 117 1463 bus
140 1399 246 1485 possis
266 1401 418 1462 hommem
435 1417 452 1462 e
467 1401 603 1474 civitate,
627 1403 805 1475 praesertim
820 1419 882 1485 non
899 1402 1023 1479 inopem
1039 1417 1094 1462 ne·

62 1500 121 1560 que
136 1482 303 1556 infirmum,
326 1486 504 1545 exturbare=
531 1483 583 1560 qui
601 1493 631 1544 et
645 1502 701 1559 per
718 1502 752 1545 se
767 1495 797 1547 et
809 1503 866 1562 per
881 1503 955 1548 suos
971 1494 1002 1547 et
1017 1499 1093 1545 vero

60 1567 151 1629 etiam
165 1582 222 1642 per
235 1569 353 1628 alienos
371 1568 561 1629 defendatur.
592 1566 704 1628 Omnes
722 1570 801 1632 enim
815 1569 854 1627 ad
869 1568 1005 1643 pericula
1021 1584 1094 1642 pro·

60 1650 212 1726 pulsanda
231 1649 439 1711 concurrimus
453 1657 483 1710 et
494 1649 546 1724 qui
557 1665 618 1708 non
630 1658 735 1725 aperte
746 1650 859 1710 inimici
871 1668 986 1725 sumus,
1003 1652 1092 1729 etiam

61 1732 255 1794 alienissimis
270 1732 301 1792 in
316 1731 423 1806 capitis
440 1729 583 1804 periculis
599 1730 853 1793 amicissimorum
869 1733 972 1793 officia
984 1740 1015 1792 et
1029 1739 1094 1793 stu·

11 1836 18 1883 t
61 1815 108 1877 dia
122 1823 328 1892 praestamus.
362 1810 413 1873 46.
433 1812 497 1885 Qua
517 1828 552 1870 re
567 1827 625 1885 ego
641 1821 787 1886 expertus
804 1822 835 1873 et
851 1814 974 1886 petendi
989 1822 1019 1873 et
1039 1814 1099 1873 de-..

61 1895 208 1960 tendendi
229 1903 260 1955 et
282 1894 448 1954 accusandi
469 1892 640 1952 molestiam
660 1893 706 1953 sic
725 1893 874 1955 intellexi:
905 1895 936 1954 in
958 1894 1093 1970 patendo

13 1982 16 1989 '
60 1979 196 2043 studium
218 1992 288 2037 esse
311 1977 504 2048 acerrimum,
525 1975 556 2036 in
572 1975 765 2037 defendendo
782 1975 930 2049 officium,
956 1977 987 2035 in
1002 1991 1094 2035 accu-

60 2064 159 2126 sando
177 2061 323 2121 laborem.
352 2060 458 2136 ltaque
474 2059 519 2119 sic
534 2066 644 2132 statuo,
662 2059 728 2118 fieri
743 2059 929 2120 nullomodo
946 2072 1044 2134 posse
1059 2066 1096 2119 ut

12 2188 16 2209 2
59 2147 140 2208 idem
156 2143 383 2205 accusationem
399 2152 429 2204 et
445 2141 622 2218 petitionem
637 2144 815 2204 consolatus
828 2141 987 2216 diligenter
1001 2141 1095 2203 ador·

60 2236 110 2290 net
132 2235 226 2302 atque
247 2225 384 2287 instruat.
421 2228 521 2288 Unum
541 2226 692 2287 sustinere
709 2225 800 2302 pauci
815 2233 1094 2302 possunt,t'1trurn·

10 2304 13 2327 '
60 2326 228 2388 quenemo.
249 2309 303 2383 Tu,
315 2327 407 2385 quum
418 2319 448 2370 te
459 2311 498 2370 de
511 2309 660 2372 curriculo
667 2308 822 2385 petitionis
830 2307 1015 2371 deflexisses
1026 2306 1093 2368 ani·

59 2408 204 2468 mumque
220 2393 258 2452 ad
273 2393 480 2454 accusandum
494 2393 710 2466 transtulisses,
729 2390 908 2452 existimasti
923 2400 953 2454 te
970 2391 1093 2466 utrimre

59 2475 190 2553 negocio
202 2475 277 2536 satis
289 2477 393 2535 faeere
409 2484 525 2549 posset
549 2476 754 2536 Vehementer
772 2474 887 2535 errasti.
919 2474 992 2549 Quis
1011 2472 1092 2533 enim

58 2559 127 2620 dfes
148 2559 218 2630 fuit,
241 2567 350 2632 postea
373 2573 463 2632 quam
484 2557 515 2616 in
540 2557 628 2619 istam
645 2559 810 2619 accusandi
825 2555 1093 2618 denunciationem

58 2642 219 2717 ingressus
235 2657 285 2714 es,
302 2657 393 2715 quem
406 2649 439 2701 tu
453 2657 514 2700 non
529 2649 625 2701 totum
639 2639 669 2700 in
685 2640 744 2701 ista
760 2640 878 2702 ratione
892 2652 1094 2712 consumpse·

59 2725 126 2785 rist
156 2724 260 2784 XXIII.
275 2724 388 2797 Legem
406 2721 536 2784 ambitus
551 2722 711 2797 flagitasti,
731 2740 810 2798 quae
825 2721 878 2785 tibi
892 2739 954 2783 non
977 2721 1093 2780 deerat

58 2808 132 2868 Erat
147 2805 232 2866 'enim
253 2804 448 2866 severissime
466 2805 581 2881 scripta
596 2804 771 2880 Calpurnia:
793 2811 899 2881 gestus
914 2811 962 2864 est
975 2818 1043 2862 mos
1061 2809 1093 2863 et

57 2888 208 2951 voluntati
227 2897 258 2950 et
280 2887 417 2963 dignitati
437 2896 517 2949 tuae.
555 2887 617 2948 Sed
637 2896 700 2948 tota
721 2888 772 2948 illa
797 2890 847 2948 lex
865 2884 1093 2946 accusationem

57 2981 157 3047 tuam,
180 2970 207 3031 si
222 2971 351 3032 haberes
367 2980 528 3032 nocentem
542 2987 642 3043 reum,
667 2971 799 3031 fortasse
820 2975 985 3030 armasset:
1013 2966 1092 3042 peti.-

56 3054 134 3118 tioni
156 3069 230 3114 vero
251 3054 402 3129 refragata
414 3061 480 3114 est.
519 3051 571 3116 47.
588 3055 690 3114 Poena
711 3051 833 3128 gravior
853 3051 883 3112 in
900 3052 1021 3127 plebem
1038 3058 1093 3111 tua

57 3153 137 3198 voce
157 3137 323 3212 efflagitata
343 3145 403 3198 est=
427 3135 569 3197 commoti
589 3134 680 3196 animi
696 3134 881 3196 tenuiorum=
904 3132 1044 3195 exsilium
1059 3132 1096 3207 in

58 3219 371 3283 nostrumordinema
398 3219 553 3281 concessit
567 3226 691 3279 senatus
708 3216 905 3294 postulationi
926 3224 1011 3288 tuae,
1034 3215 1092 3276 sed
1122 3234 1124 3239 ·

56 3303 265 3374 nonlibenter
278 3301 431 3363 durforem
445 3303 584 3363 fortunae
597 3300 748 3362 communi
764 3299 976 3361 condicionem
991 3307 1021 3360 te
1037 3313 1091 3355 au·

56 3395 145 3450 ctore
166 3384 331 3447 constituit
357 3385 456 3447 Morbi
470 3383 661 3448 excusationi
672 3400 773 3459 poena
784 3382 887 3445 addita
902 3391 964 3444 est=
982 3381 1096 3475 volun,—
