2340 3788
117 157 179 237 rra¹
393 169 468 234 rao
483 170 516 228 u.
533 168 698 231 manua
712 167 862 229 oanrro.

196 322 276 383 vltl.
287 318 343 384 tr.
366 320 554 396 Quamquam
567 335 626 395 ogo
640 318 700 379 iam
714 318 872 394 putabam,
890 317 1024 393 iudices,
1040 321 1142 383 multis

110 407 187 469 viris
203 405 331 466 lortibus
346 420 384 464 ne
405 403 577 479 ignobilitas
595 401 776 463 obiiceretur
791 401 927 481 generis,
944 418 1015 462 meo
1038 404 1142 466 labore

112 507 184 553 esse
200 490 383 564 perlectum,
400 487 452 562 qui
464 502 524 546 non
541 487 633 546 modo
648 485 760 558 Curiis,
778 484 957 561 catonibus,
977 485 1140 562 Pompeiis,

112 571 246 646 antiquis
262 570 336 644 illis,
355 569 527 631 fortissimis
544 567 632 641 viris,
649 567 738 629 novis
752 566 939 640 hominibus,
961 569 1019 628 sed
1032 570 1082 630 his
1096 588 1141 632 re

115 654 262 728 centibus,
279 653 383 717 Mariis
396 661 425 714 et
431 652 527 714 Didiis
540 661 569 713 et
576 651 694 724 Caeliis,
707 651 982 712 commemorandis
992 650 1142 714 iacebant.

115 740 212 814 Quum
232 754 290 813 ego
310 754 385 798 vern
402 745 484 797 tanto
503 736 661 796 intervallo
681 736 812 795 claustra
830 734 890 795 ista
910 733 1078 796 nobilitatis
1096 754 1141 798 ra-

113 821 283 897 fregissem,
297 829 330 882 ut
342 819 443 881 aditus
455 820 494 879 ad
508 819 696 880 consulatum
707 818 847 895 posthac,
863 817 943 877 sicut
953 820 1038 893 apud
1049 821 1141 881 maio-

112 922 163 966 res
181 913 305 966 nostros
327 903 397 978 luit,
420 919 480 962 non
498 900 595 976 magis
616 900 761 962 nobilitati
782 916 873 974 quam
895 899 996 962 virtuti
1016 911 1140 979 pateret,

114 1005 176 1050 non
192 987 372 1059 arbitrabar,
391 1002 483 1060 quum
498 1001 537 1044 cx
552 983 664 1044 familia
682 986 783 1044 valere
797 992 828 1044 et
842 982 950 1043 illustri
964 989 1075 1046 consul
1092 988 1142 1046 de-

79 1134 83 1141 ,
115 1072 253 1147 signatus
268 1070 306 1130 ab
322 1067 432 1144 equitis
446 1065 576 1128 Romani
591 1066 668 1141 tilio,
689 1067 830 1140 consula,
853 1066 1083 1142 detenderetur,
1104 1071 1143 1128 de

115 1154 236 1231 generis
250 1153 384 1212 novitate
400 1159 595 1212 accusatores
610 1166 682 1210 esse
696 1150 840 1210 dicturos.
871 1148 989 1210 Etenim
996 1150 1072 1230 ‘mibi
1083 1150 1142 1227 ipsi

114 1236 239 1310 accidit,
259 1243 293 1296 ut
314 1251 382 1296 cum
397 1234 517 1294 duobus
532 1232 681 1309 patricils,
701 1234 795 1295 altero
810 1230 1038 1308 improbissimo
1052 1242 1144 1310 atque

114 1317 336 1392 audacissimo,
356 1320 451 1379 altero
468 1316 694 1377 modestissimo
710 1325 804 1392 atque
818 1316 932 1391 optimo
953 1315 1034 1389 uiro,
1058 1326 1143 1392 pete

114 1418 192 1463 rem:
212 1400 367 1476 'superavi
391 1410 490 1461 tamen
517 1400 661 1476 dignitate
687 1400 856 1471 catilinam,
887 1398 981 1475 gratia
1006 1399 1144 1461 Galbam.

115 1484 203 1559 Quod
220 1483 247 1543 si
260 1484 292 1544 id
308 1483 421 1545 crimen
435 1482 548 1544 bomini
565 1501 645 1544 novo
663 1500 734 1544 esse
751 1483 889 1555 deberet,
911 1482 1048 1559 prolecto
1069 1483 1144 1543 milri

114 1582 215 1642 neque
229 1566 342 1627 inimici
356 1584 456 1643 neque
471 1566 566 1627 invidi
580 1567 759 1628 doluissem
791 1563 839 1630 18.
862 1564 1036 1627 Omittamus
1051 1565 1144 1642 igitur

114 1652 154 1711 de
168 1666 280 1725 genere
300 1649 418 1726 dicero,
437 1653 523 1712 cuius
537 1660 585 1712 est
603 1650 758 1728 magnoin
779 1660 910 1726 utroque
925 1648 1073 1726 dignitas=
1098 1651 1142 1710 vi-

4 1794 8 1803 ,
114 1734 241 1795 deamus
258 1742 387 1795 caetera.

199 1816 397 1892 Quaesturam
411 1836 472 1880 una
486 1818 570 1895 petiit
583 1826 695 1881 et‘sum
710 1834 768 1894 ego
783 1819 882 1878 lactus
897 1817 992 1891 prior.
1015 1818 1083 1878 Non
1097 1822 1144 1877 est

114 1903 363 1977 respondendum
378 1905 418 1964 ad
440 1903 549 1964 omnia.
578 1903 684 1977 Neque
705 1903 785 1961 enim
806 1918 990 1976 quemquam
1006 1908 1143 1961 vestrum

114 1984 204 2059 tagit,
226 2002 319 2061 quum
338 1985 422 2046 multi
443 1987 508 2062 pari
529 1985 672 2060 dignitate
688 1986 775 2058 fiant,
799 2002 878 2045 unus
897 1995 997 2046 autem
1014 1984 1143 2058 primum

115 2070 200 2128 solus
221 2069 320 2143 possit
335 2070 487 2143 obtinere,
508 2085 569 2130 non
591 2070 730 2130 eumdem
747 2083 818 2128 esse
835 2067 974 2128 ordinem
989 2065 1143 2142 dignitatis

33 2175 37 2182 ·
115 2158 145 2209 et
154 2151 400 2225 renunciationis,
420 2162 583 2228 propterea
598 2152 682 2227 quod
691 2149 878 2212 renunciatio
894 2148 1007 2227 gradus
1023 2150 1142 2220 habeat,

115 2230 245 2305 dignitas
260 2243 360 2295 autem
376 2235 415 2296 sit
428 2252 580 2311 persaepe
598 2235 705 2295 eadem
718 2233 862 2312 omnium.
901 2234 963 2295 Sed
979 2241 1143 2309 quaestura

116 2313 274 2389 utriusque
295 2320 534 2393 propemodum
554 2318 620 2394 pari
641 2327 794 2381 momento
813 2316 906 2378 sortis
927 2316 991 2378 luit.
1033 2313 1144 2375 Habuit

115 2395 164 2456 hic
182 2399 249 2472 lege
262 2399 339 2460 Titia
360 2401 546 2476 provinciam
567 2400 685 2464 tacitam
700 2410 730 2462 et
752 2402 899 2477 quietam:
920 2410 951 2461 tu
966 2401 1064 2472 illam,
1086 2397 1145 2472 cui,

115 2497 210 2555 quum
219 2493 397 2556 quaestores
409 2484 582 2559 sortiuntur,
594 2484 851 2545 etiamacclamari
863 2485 949 2557 solet,
962 2482 1144 2553 Ostiensem,

102 2568 176 2624 'non
188 2572 248 2625 tarn
259 2564 423 2640 gratiosam
434 2576 464 2628 et
475 2568 621 2630 illustrem
632 2567 926 2644 quamnegociosam
937 2567 1143 2628 ctmolestam.

115 2647 260 2709 Consedit
275 2648 433 2725 utriusque
450 2668 559 2712 nomen
577 2652 606 2711 in
624 2660 795 2727 quaestura.
822 2651 942 2711 Nullum
959 2650 1040 2710 enlm
1054 2646 1145 2708 vobis

115 2746 184 2792 sors
197 2747 337 2808 campum
350 2733 433 2796 dedit
444 2734 473 2794 in
486 2753 547 2811 quo
562 2751 723 2796 excurrere
738 2734 833 2796 virtus
842 2731 1059 2809 cognoscique
1073 2746 1145 2807 pos·

115 2822 170 2873 set.
202 2815 251 2876 19.
272 2815 393 2890 Reliqui
407 2817 551 2893 temporis
568 2818 699 2893 spatium
714 2817 744 2876 in
763 2817 987 2878 contentionem
1002 2822 1145 2888 uocatur:

114 2897 152 2954 ab
172 2908 303 2975 utroque
326 2900 526 2961 dissimillima
542 2901 659 2962 ratione
674 2910 832 2962 tractatum
848 2907 904 2961 est.
946 2900 996 2959 lx.
1019 2896 1147 2958 Servius

114 2977 163 3038 lric
175 2982 335 3043 nobiscum
345 2985 425 3044 banc
439 2985 584 3044 urbanam
599 2983 733 3044 militiam
744 2981 961 3060 respondendi,
980 2977 1146 3052 scribendi,

113 3063 258 3136 cavendi,
277 3068 397 3141 plenam
413 3067 625 3128 sollicitudinis
641 3084 677 3127 ac
692 3068 856 3140 stomachi,
872 3074 996 3128 secutus
1013 3072 1076 3124 ests
1099 3062 1148 3123 ius

113 3141 203 3204 civile
215 3145 333 3209 didicit:
352 3152 477 3212 multum
490 3149 632 3226 vigilavit,
645 3151 806 3213 laboravit=
825 3158 948 3226 praesto
961 3147 1063 3208 multis
1076 3144 1147 3207 mit:

112 3228 274 3289 multorum
289 3232 441 3294 stultitiam
457 3249 623 3311 perpessus
639 3242 694 3304 est,
716 3233 924 3308 adrogantiam
941 3230 1072 3308 pertulit,
1090 3228 1149 3289 dil·

114 3312 277 3372 licultalem
288 3316 459 3377 exsorbuit:
473 3316 548 3378 vixit
558 3318 597 3376 ad
609 3316 736 3377 allorum
748 3315 911 3391 arbitrium,
923 3333 984 3377 non
993 3315 1033 3375 ad
1045 3329 1149 3374 suum.

114 3397 222 3471 Magna
237 3397 303 3456 laus
319 3405 349 3458 et
363 3408 448 3473 grata
462 3400 635 3460 hominibus
656 3417 749 3460 unum
772 3397 926 3460 hominem
941 3398 1102 3460 elaborare
1117 3397 1148 3458 in
