2340 3788
47 112 50 121 ¹
101 149 165 218 ete
360 150 435 212 reo
449 151 490 211 ru.
503 150 711 213 umcncco
727 150 880 212 omno.
1142 39 1152 237 f

101 304 160 367 ced
180 317 280 377 paene
299 299 432 363 omnium
445 300 589 375 gernum
609 299 715 363 litteris
735 309 829 376 atque
848 300 990 379 linguis,
1010 320 1076 365 nec
1088 254 1148 379 ultr!

101 400 247 458 umquam
262 391 348 444 aeus
362 382 476 445 deluis
492 382 634 445 laudibus
649 382 850 449 conticescen
870 386 932 446 sed
956 394 1069 449 tamen
1083 388 1148 453 eiu.

101 466 186 529 modi
204 483 256 529 rea
278 465 384 527 neseio
409 480 471 542 quo
491 466 583 526 modo
603 465 695 527 etiam
710 482 804 543 quum
820 469 989 543 leguntur,
1010 470 1146 548 obstrepi·

101 554 235 612 clamore
255 548 381 611 militurn
400 548 541 609 videntur
557 556 590 610 et
603 548 742 611 tubarum
761 564 848 610 sono.
890 551 937 611 At
956 568 1040 614 vero
1057 570 1146 631 qucnj

101 633 217 707 aliquid
234 633 413 705 clementer,
426 639 599 705 mansuete,
614 632 709 708 iuste,
728 633 898 706 moderate,
921 633 1094 711 sapienter
1105 638 1147 698 tel

101 725 200 787 ctum,
219 715 250 776 in
265 714 423 778 iracundia
437 714 630 790 praesertim,
651 732 730 790 quae
744 723 793 776 est
806 714 932 776 inimica
947 718 1134 795 consilio,et

100 798 134 861 in
148 798 284 871 victoria,
300 814 381 874 quae
394 806 501 859 natma
510 796 649 858 insolens
663 805 695 858 et
707 798 841 873 superba
855 805 914 873 est,
930 800 1088 863 audimus
1097 810 1134 863 ml

100 882 247 957 legimus,
267 898 330 957 quo
343 880 446 942 studio
460 880 663 955 incendimur,
683 896 746 941 non
766 879 882 947 modo
873 897 904 940 m
919 884 1031 956 gestis
1044 886 1133 957 reiut

103 964 160 1025 sed
181 966 271 1025 etiam
290 964 323 1025 in
341 963 437 1039 lictis,
455 970 490 1024 ut
505 976 561 1024 eos
573 978 684 1038 saepe,
706 980 785 1038 quos
803 978 979 1038 numquam
1001 967 1148 1075 vidimus,

101 1045 280 1121 dniqamusl
300 1046 351 1110 10.
371 1046 414 1107 ‘ie
434 1062 526 1120 vero,
545 1060 637 1142 quem
651 1055 844 1121 praesentem
856 1046 1039 1123 intuemur,
1061 1032 1148 1111 ιιιιιιΙ

101 1138 233 1191 mentem
249 1145 424 1228 sensusque
438 1137 468 1191 et
481 1145 519 1191 os
534 1128 695 1201 cernimus,
711 1135 750 1204 ut,
765 1127 914 1205 quidquid
929 1128 1013 1192 belli
1026 1134 1133 1195 lortmr

101 1213 253 1288 reliquum
265 1213 311 1273 re‘i
325 1206 467 1288 publicae
482 1210 601 1285 lecerit,
625 1212 658 1271 id
673 1227 745 1273 esse
765 1213 882 1272 salvum
905 1212 1010 1287 velia,
1035 1215 1150 1291 quibu'

102 1296 246 1357 laudibus
266 1294 452 1371 efferemus?
474 1294 586 1369 quibus
607 1293 715 1355 studiis
738 1303 992 1370 prosequemurt
1014 1315 1081 1374 qna
1093 1298 1133 1359 be

18 1448 21 1453 ¹
100 1376 275 1439 revelantia
290 1379 545 1453 complectemurt
557 1376 699 1452 Parietes,
716 1376 834 1439 medius
844 1376 949 1451 fidius,
966 1386 1004 1441 ut
1017 1380 1133 1441 milriri

100 1462 205 1534 detur,
224 1461 315 1521 huius
336 1459 438 1521 curiae
458 1459 511 1521 tibi
531 1458 644 1535 gratias
664 1474 756 1535 egere
776 1459 923 1536 gestiunt,
950 1465 1047 1538 quod
1061 1461 1133 1524 breri

100 1551 239 1617 tempore
260 1544 360 1604 lutura
379 1543 419 1604 sit
436 1541 488 1603 illa
509 1543 672 1605 auctoritas
693 1543 725 1604 in
739 1542 788 1603 his
801 1542 953 1604 maiorum
970 1552 1133 1609 suornmcl

103 1625 170 1687 suls
187 1624 323 1687 sedibus.
359 1626 411 1687 lv.
424 1626 575 1703 Equidem
592 1642 686 1702 quum
701 1627 733 1687 c.
749 1624 893 1699 Marcelli,
911 1626 974 1687 viri
991 1629 1133 1704 optimicl

102 1708 360 1771 commemorabili
374 1707 488 1785 pietate
501 1709 631 1786 praediti
645 1710 786 1770 lacrimas
805 1708 898 1770 modo
913 1710 1090 1773 vobiscum
1101 1710 1132 1770 ri

101 1791 222 1865 derem,
238 1791 372 1854 omnium
384 1793 596 1854 Marcellorum
610 1808 710 1854 meum
723 1799 833 1869 pectus
845 1793 1000 1854 memoria
1013 1794 1132 1865 obludit

106 1875 221 1953 quibua
241 1884 275 1937 tu
297 1875 386 1937 etiam
406 1875 533 1938 mortuis
547 1876 588 1938 ld.
602 1876 746 1937 Marcello
761 1883 945 1937 conservato
963 1876 1133 1952 dignitatem

102 1972 189 2019 suam
202 1957 362 2020 reddidisti
376 1958 659 2034 nobilissimamque
675 1958 816 2019 lumiliam
830 1957 890 2018 ium
904 1958 946 2017 ad
960 1976 1086 2034 paucos
1096 1976 1132 2020 re

101 2042 221 2102 ductam
238 2057 337 2117 paene
353 2043 392 2102 ab
411 2036 531 2103 interitu
544 2040 715 2103 vindicasti.
736 2040 787 2104 tl.
801 2042 889 2101 Hunc
902 2049 936 2101 tu
952 2041 1051 2117 igitur
1065 2044 1132 2105 diem

99 2123 161 2184 tuis
179 2124 328 2185 maximis
335 2134 365 2186 et
377 2123 648 2186 innumerabilibus
663 2123 913 2221 gratulationibus
929 2121 1002 2186 iure
1013 2136 1132 2203 anlepo

101 2220 167 2266 nes.
183 2207 356 2267 Haecenim
369 2208 522 2270 resunius
534 2217 581 2269 est
592 2207 716 2284 propria
728 2207 882 2268 Caesaris·
898 2214 1050 2270 caeterae
1066 2211 1133 2272 duce
1153 2268 1156 2273 .

102 2297 132 2349 te
143 2297 250 2362 gestae
263 2305 391 2365 magnae
406 2292 475 2352 illae
490 2291 628 2367 quidem,
650 2292 706 2351 sed
729 2301 829 2352 tumen
846 2291 939 2350 multo
961 2306 1157 2369 magnoque.
1152 2282 1157 2305 ¹

101 2369 254 2432 comitatu.
277 2373 586 2435 Huiusautemreitu
600 2374 678 2434 idern
692 2383 769 2434 eset
787 2374 850 2434 dux
867 2380 898 2432 et
916 2388 1049 2436 comes·
1066 2390 1159 2459 qnae,
1153 2358 1158 2421 Ῑ

102 2452 225 2528 quidem
243 2464 387 2517 tentat
339 2466 400 2530 est,
422 2467 455 2518 ut
477 2459 591 2518 nullat
579 2457 714 2531 tropaeis
728 2456 999 2530 monumentisque
1013 2461 1080 2520 tuis
1092 2458 1160 2557 ιιι·Ι

101 2538 198 2598 latura
213 2538 304 2599 linem
320 2540 359 2601 sit
373 2549 473 2601 aetas=
489 2539 562 2600 nihil
577 2549 625 2600 est
639 2542 718 2599 enim
733 2557 827 2615 opere
839 2547 889 2600 aut
903 2554 1001 2600 manu
1016 2543 1135 2611 iactum
1129 2486 1161 2661 ἲ

103 2622 189 2695 quod
203 2638 263 2682 non
281 2623 446 2698 aliquando
471 2622 612 2685 conficiat
635 2631 665 2683 et
685 2631 845 2684 consumat
863 2629 1025 2683 vetustas·
1050 2626 1136 2687 l2at

100 2703 185 2764 baec
193 2713 245 2766 tua
258 2704 370 2767 institia
385 2713 415 2766 et
429 2705 537 2767 lenitas
552 2705 643 2766 animi
634 2705 790 2767 florescit
806 2705 917 2765 cotidie
928 2707 1044 2780 magis,
1062 2692 1162 2769 itaut*

102 2797 247 2862 quantum
269 2788 329 2850 tuis
350 2787 495 2864 operibus
520 2787 700 2850 diuturnitas
720 2789 872 2862 detrahet,
886 2795 1007 2849 tantmn
1021 2791 1137 2852 adierat

96 2871 252 2932 laudibus.
278 2873 315 2932 Et
331 2880 469 2934 caeteros
486 2871 608 2947 quidem
623 2889 729 2933 omnes
747 2871 878 2933 victores
895 2870 1055 2935 bellorum
1073 2871 1137 2934 civi·

100 2953 173 3013 lium
196 2955 255 3015 iam
276 2962 346 3016 ante
367 2955 520 3031 aequitate
541 2963 571 3016 et
593 2955 801 3016 misericordia
820 2952 955 3014 ricemer
989 2955 1138 3018 hodierno

96 3052 174 3105 sero
190 3037 239 3098 die
255 3039 401 3114 teipsum
415 3038 527 3100 vicisti.
572 3040 691 3100 Vereor
706 3047 739 3099 ut
755 3039 823 3111 hoc,
839 3038 923 3112 quod
939 3035 1060 3112 dicam,
1080 3054 1138 3115 per·
1162 3070 1165 3085 ι

99 3117 172 3177 inde
186 3118 313 3197 intelligi
326 3123 431 3185 auditu
448 3123 546 3197 possit
560 3130 652 3198 atque
666 3122 735 3196 ipse
750 3123 888 3196 cogitans
903 3119 1023 3181 sentio=
1043 3123 1139 3198 ipsam

100 3199 259 3262 victorium
280 3204 394 3268 vicisse
417 3205 546 3278 videris,
568 3222 661 3280 quum
682 3221 734 3276 ea,
761 3219 839 3279 quae
859 3202 910 3263 illa
931 3212 1000 3264 erat
1019 3207 1139 3282 adepto,

100 3282 190 3344 victis
205 3286 356 3347 remisisti.
400 3290 475 3348 Nam
491 3304 584 3364 quum
598 3287 697 3362 ipsius
712 3287 856 3347 victoriae
873 3285 1066 3350 condicione
1083 3304 1138 3352 om·

99 3380 155 3426 nes
178 3367 250 3430 victi
273 3369 508 3445 occidissemus,
538 3369 714 3431 clementiae
736 3379 806 3430 tuae
827 3366 940 3429 iudicio
962 3368 1139 3432 conservati
