2340 3788
239 179 270 271 s
352 194 775 262 oar.rs-ae.s.re—ta.
859 153 866 169 ,
1014 198 1078 267 225

53 341 244 420 introspicite
258 341 410 418 Catilium,
424 345 572 417 Autronii,
596 344 728 419 Cethegi,
745 347 862 409 Lentuli
877 356 1074 411 caeterorum·

56 445 116 507 que
136 433 270 488 mentes=
294 442 372 500 quas
395 443 453 488 vos
469 426 499 487 in
513 426 562 487 his
575 426 731 500 libidines,
755 445 834 502 quae
847 429 973 506 flagitia,
998 449 1075 510 quas

55 509 272 587 turpitudines,
300 518 430 583 quantas
444 508 605 581 audacias,
634 526 724 584 quam
743 508 1075 590 incredibiles'furores,

57 610 133 672 quae
147 599 236 653 notas
250 589 433 664 facinorum,
455 609 533 668 quae
553 591 665 652 indicia
679 591 924 668 parricidiorum,
947 607 1075 670 quantos

10 732 12 739 .
57 691 184 741 acervos
201 675 350 736 scelerum
366 673 541 749 reperietIst
572 675 620 734 Ex
638 673 755 749 magnis
770 681 800 735 et
814 674 962 736 diuturnIs
976 686 1006 738 et
1016 669 1077 740 'iam

10 798 12 807 =
58 756 229 835 desperatis
243 757 287 817 rei
302 757 443 832 publicae
456 757 570 818 morbis
584 758 642 818 Ista
656 765 781 833 repente
795 757 843 817 vis
858 757 970 832 erupit,
992 768 1026 819 ut
1041 777 1077 819 ea

58 843 197 905 contecta
215 847 246 900 et
264 839 361 900 eiecta
379 841 594 907 convalescere
615 839 778 914 aliquando
797 847 829 901 et
851 838 952 900 sanari
972 839 1078 902 civitas

60 932 179 1001 possets
197 939 297 999 neque
311 922 391 982 enim
404 929 451 982 est
465 922 627 997 quisquam
642 923 694 997 qui
709 922 867 985 arbiratur
880 920 939 981 illis
952 919 1078 989 inclusis

59 1008 87 1069 in
105 1023 142 1069 re
164 1006 287 1081 publica
304 1004 443 1079 pestibus
465 1005 575 1065 diutius
590 1005 666 1066 haec
683 1013 763 1065 sture
782 1006 929 1080 potuisse.
973 1004 1078 1078 Itaque

60 1107 113 1153 eos
129 1105 192 1151 non
208 1088 247 1148 ad
261 1088 476 1162 perficiendum
492 1090 603 1161 scelus,
618 1087 674 1148 sed
689 1089 728 1148 ad
743 1088 870 1148 luendas
883 1085 929 1147 rei
940 1085 1079 1161 publicae

62 1188 177 1248 poenas
190 1169 298 1230 Furiae
314 1171 463 1245 quaedam
482 1170 690 1231 incitaverunt.
734 1170 867 1230 XXVIII.
883 1166 934 1231 tt.
950 1171 984 1230 In
999 1168 1079 1229 hunc

61 1256 148 1332 initur
162 1269 285 1329 gregem
299 1270 357 1314 vos
371 1269 452 1314 nunc
464 1254 497 1313 P.
511 1252 638 1325 Sullam,
656 1252 789 1325 iudices,
807 1269 846 1312 ex
860 1251 923 1328 bis,
944 1251 997 1329 qui
1011 1267 1080 1312 cum

61 1339 118 1401 hoc
131 1336 238 1397 vivunt
251 1345 302 1397 aut
314 1336 461 1410 vixerunt,
475 1335 758 1397 honestissimorum
772 1335 924 1401 bominum
937 1335 1079 1412 gregibus

61 1419 223 1483 reiicIetist
246 1436 286 1479 ex
299 1421 358 1481 hoo
372 1419 536 1484 amicorum
550 1435 691 1492 numero,
705 1434 745 1478 ex
761 1418 819 1478 hac
834 1418 1022 1480 familiarium
1036 1418 1079 1478 di·

61 1502 174 1579 roiate
187 1501 218 1561 in
232 1502 391 1578 implorum
407 1510 523 1577 partem
536 1509 627 1576 atque
643 1502 672 1560 in
691 1499 908 1576 parricidarum
925 1502 1031 1562 sedem
1043 1517 1080 1560 ac

61 1601 217 1647 numerum
230 1585 439 1647 uansteretist
458 1584 517 1644 Ubi
527 1584 583 1645 erit
596 1583 769 1658 igitursiflnd
780 1578 983 1644 firmissimum
992 1599 1080 1659 prae-

62 1668 173 1729 sidium
192 1668 341 1742 pudorist
365 1684 426 1741 quo
446 1668 477 1725 in
496 1667 565 1726 foco
581 1666 669 1726 nobIs
687 1666 748 1726 vita
760 1672 830 1725 nute
846 1674 913 1726 acta
927 1664 1081 1740 proderit?

62 1749 147 1826 quod
166 1750 206 1809 ad
224 1757 344 1823 tempus
365 1747 593 1808 existimationis
614 1756 716 1821 partae
740 1750 854 1808 fructus
870 1747 1080 1820 reservabitur,

62 1832 89 1893 si
104 1847 168 1891 non
180 1838 315 1890 extremo
331 1830 503 1889 discrimine
516 1845 553 1889 uc
567 1829 759 1890 dimicatione
770 1831 908 1890 fortunae
920 1827 1081 1901 deserviet,

61 1913 88 1975 si
103 1928 167 1972 non
181 1912 292 1982 aderit,
310 1911 337 1970 si
351 1910 424 1971 nihii
438 1911 613 1972 adiuvabit?

148 1991 197 2054 te.
219 1992 418 2066 Quaestiones
435 1992 524 2054 nobis
538 2009 695 2055 servorum
709 2003 870 2057 accusator
885 2008 921 2053 ac
936 1999 1083 2053 tormenta

60 2074 228 2138 minitatur:
256 2075 416 2151 inquibus
443 2093 625 2153 quamquam
643 2077 717 2138 nihil
737 2075 862 2152 periculi
883 2073 1082 2149 suspIcamur,

60 2167 162 2220 tamen
177 2159 228 2218 itta
242 2167 388 2221 tormenta
402 2161 549 2236 gubernat
562 2161 659 2237 dolor,
675 2161 848 2222 moderatur
861 2166 967 2219 natura
983 2157 1083 2219 cuins·

64 2258 124 2316 que
141 2258 233 2317 quum
247 2242 338 2303 animi
353 2251 415 2303 tum
430 2242 578 2318 corporis,
595 2243 673 2319 regit
691 2242 855 2319 quaesitor,
870 2239 965 2302 flectit
979 2240 1081 2314 libido,

65 2325 229 2400 corrumpit
240 2342 322 2401 speS,
337 2324 467 2386 infirmat
476 2335 583 2398 metus,
598 2335 632 2386 ut
643 2326 673 2386 in
685 2333 729 2386 tot
741 2340 840 2385 rerum
851 2322 998 2400 angustiis
1010 2324 1083 2383 nihil

63 2406 183 2468 veritati
201 2407 260 2469 loci
279 2408 475 2483 reliuquatur·
516 2409 588 2470 Vita
605 2408 637 2468 P.
653 2408 754 2469 Sullae
773 2416 962 2483 torquentum
988 2423 1028 2467 ex
1047 2422 1084 2466 ea

65 2490 227 2564 quaeratur
246 2507 316 2550 num
338 2507 417 2566 quae
433 2492 599 2551 occultetur
618 2491 726 2563 libido,
751 2506 822 2551 num
843 2491 923 2566 quod
937 2491 1029 2549 lateat
1041 2488 1084 2547 fa·

65 2571 167 2643 cinus,
189 2589 261 2633 num
275 2589 354 2646 quae
371 2572 548 2644 crudelitas,
565 2590 636 2632 num
652 2589 731 2648 quae
745 2573 881 2635 audacia.
910 2570 990 2631 Nihil
1002 2585 1084 2630 erro·

64 2655 107 2715 ris
122 2654 220 2715 critic
236 2671 400 2715 causanec
420 2653 626 2728 obscuritatis,
653 2655 785 2730 iudIces,
809 2656 836 2717 si
856 2672 875 2714 a
892 2652 985 2719 ¹nobis
1004 2651 1084 2711 vitae

24 2795 29 2803 ,
65 2744 231 2810 perpetuae
243 2754 321 2811 vox,
346 2754 383 2797 ea
398 2753 477 2811 quae
493 2736 652 2797 verissima
667 2746 697 2798 et
710 2737 888 2812 gravissima
903 2734 993 2796 debet
1005 2748 1084 2803 esse,

65 2819 213 2880 audietur.
254 2817 303 2882 tn.
320 2821 439 2881 Nullum
459 2818 489 2880 in
509 2821 567 2879 bac
588 2835 682 2880 causa
702 2829 810 2882 testem
833 2819 986 2882 timemus:
1012 2813 1086 2875 nihii

68 2917 249 2977 quemquam
262 2902 350 2976 scire,
367 2901 440 2963 nihil
452 2901 574 2974 vidisse,
590 2902 663 2963 nihii
674 2904 798 2964 audisse
809 2901 994 2962 arbitramur.
1023 2896 1086 2960 Sed

65 2991 181 3059 tamen,
198 2985 225 3044 si
239 2984 313 3044 nihil
326 3002 384 3046 vos
396 2986 428 3043 P.
444 2984 545 3046 Sullae
560 2986 680 3046 fortuna
695 2994 811 3058 movet,
833 2983 963 3055 iudices,
983 2988 1086 3059 vestra

65 3075 195 3128 moveat.
222 3070 333 3137 Vestra
348 3068 442 3140 enim,
464 3067 516 3143 qui
531 3083 599 3128 cum
613 3084 729 3128 summa
744 3066 892 3141 elegantia
905 3071 996 3138 atque
1011 3063 1084 3126 iute-

66 3148 173 3224 gnitate
188 3149 320 3224 vixisIIs,
336 3152 396 3212 hoc
410 3151 540 3211 maxime
555 3149 695 3223 interest,
716 3165 778 3209 non
788 3163 828 3209 ex
844 3145 967 3209 libidine
979 3155 1032 3207 aut
1045 3146 1085 3207 si-

65 3234 189 3294 multate
213 3240 263 3293 aut
286 3234 408 3295 levitate
431 3233 551 3294 testium
577 3248 686 3292 causas
714 3234 910 3292 bonestorum
933 3224 1086 3290 hominum

66 3315 244 3388 ponderari,
270 3317 326 3377 sed
339 3316 370 3378 in
383 3315 500 3390 magnis
516 3314 777 3390 disquisitionibus
791 3312 1017 3387 repentinisque
1034 3326 1087 3384 pe·

66 3397 170 3458 riculis
183 3398 276 3459 vitam
291 3399 379 3461 unius
391 3398 540 3474 cuiusque
551 3413 621 3459 esse
632 3404 747 3459 testem.
774 3396 946 3536 Quam5vos,
960 3392 1091 3470 iudIces,

122 3489 176 3531 erc.
195 3483 285 3531 onar.
