2340 3788
364 188 449 249 CAP.
465 194 598 251 en-sl.
620 193 791 259 olo-dt
1030 192 1095 261 82⁶!

62 337 150 411 ficio,
174 337 231 397 sed
254 336 344 397 eliam
358 336 588 399 benevolentiae
611 336 834 413 significatione
854 341 996 417 adligari:
1019 342 1095 405 nihil

62 435 154 495 porro
167 427 227 479 tam
241 418 451 494 inhumanum,
471 429 531 481 lem
542 417 688 495 immane,
710 428 771 481 tum
792 421 888 483 lerum
903 441 993 498 quam
1010 442 1093 487 com·

62 502 179 561 mittere
194 510 227 562 ut
237 501 389 563 beneflcio
403 519 465 562 non
476 501 579 571 dicam¹
590 503 750 577 indignus,
770 503 828 564 sed
847 506 946 567 vietus
963 523 1035 569 esse
1048 510 1092 568 vi·

63 586 165 644 denne.
208 581 257 647 82
273 585 520 661 Quee‘qunmita
535 584 604 658 sint,
618 583 678 645 iam
693 585 899 659 succumbam,
909 588 1091 665 Laterensis,

62 667 113 727 isti
127 676 178 729 tuo
195 667 325 741 crimini,
346 683 459 742 meque
474 666 558 728 ineo
574 668 660 742 ipso,
682 667 714 729 in
735 685 796 743 quo
819 667 893 729 nihil
905 677 1009 753 polest
1022 689 1092 737 esse

63 749 204 825 nimium,
218 750 363 827 quoniam
376 751 418 810 ita
434 758 467 811 tu
479 751 542 823 vis,
557 750 682 812 circium
691 752 810 825 gratum
825 767 896 811 esse
910 753 1091 817 concedens

61 844 225 908 petamque
241 833 377 915 anobis,
397 831 532 907 iudices,
546 841 580 893 ut
592 849 661 895 eum
674 833 824 895 beneficio
841 836 1091 910 complectamini,

63 934 153 989 quem
168 916 219 990 qui
237 914 442 991 reprehendit,
459 914 490 975 in
502 931 539 976 eo
551 915 757 995 reprehendit,
774 916 860 991 quod
874 924 990 991 gratum
1004 933 1092 992 prae·

61 1008 108 1059 ter
123 999 248 1059 modum
268 997 351 1059 dicat
371 1013 453 1058 esse.
495 999 601 1073 Neque
624 999 702 1059 enim
724 999 800 1060 illud
819 999 860 1059 ad
880 999 1093 1074 negligendam

61 1098 160 1142 meam
175 1081 301 1153 gratiam
316 1079 407 1141 debet
420 1081 532 1152 valere,
548 1081 632 1156 quod
646 1081 723 1143 dixit
736 1081 826 1155 idem,
841 1099 899 1143 vos
911 1097 968 1142 nec
980 1098 1092 1143 nocon-

61 1172 109 1224 tes
124 1179 181 1225 nec
196 1162 346 1237 litigiosos
361 1178 441 1236 esse,
457 1180 520 1237 uuo
536 1163 637 1224 minus
651 1180 699 1235 me
713 1165 797 1238 apud
812 1181 872 1230 vos¹
885 1165 988 1226 valere
1002 1181 1093 1240 opor·

63 1253 155 1306 teret:
173 1245 347 1321 quasivero
358 1244 389 1307 in
403 1244 533 1307 amicitia
549 1262 618 1307 mea
634 1263 694 1307 non
707 1248 783 1308 haec
797 1247 961 1322 praesidia,
975 1247 1093 1322 siquae

62 1330 140 1389 lorte
158 1327 271 1389 suntin
288 1345 351 1402 me,
372 1336 479 1404 parata
493 1345 616 1403 semper
628 1327 733 1391 amicis
749 1345 819 1391 esse
833 1330 989 1393 maluerim
1002 1347 1093 1406 quarn

62 1411 246 1472 necessaria.
288 1410 405 1472 Etenim
420 1427 477 1486 ego
494 1411 594 1472 deme
608 1419 723 1473 tautum
740 1413 840 1477 audeo
853 1413 969 1487 dicere,
992 1413 1093 1475 amici·

61 1497 132 1553 tiam
146 1509 244 1553 meam
260 1494 408 1569 voluptati
421 1495 559 1568 pluribus
576 1511 667 1570 quam
683 1496 840 1569 praesidio
855 1498 967 1558 luisse:
982 1511 1093 1571 meque

61 1577 256 1638 vehementer
271 1576 352 1638 vitae
369 1594 455 1643 meae
469 1579 647 1653 poeniteret,
664 1576 736 1638 siin
750 1594 818 1639 mea
832 1579 1032 1643 familiaritate
1046 1581 1092 1639 lo

61 1677 118 1723 cus
134 1668 218 1721 esset
234 1658 346 1720 nemini
363 1660 424 1721 nisi
439 1659 572 1733 litigioso
587 1668 639 1721 out
653 1662 783 1723 nocenti.

123 1742 257 1815 XXXIV.
271 1741 322 1805 83.
337 1741 401 1803 Sed
415 1743 491 1801 hnec
506 1740 610 1802 nescio
627 1757 688 1816 quo
709 1744 801 1803 modo
816 1744 990 1815 frequenter
1003 1741 1037 1801 in
1045 1758 1093 1802 me

56 1823 262 1904 *congessisti
282 1839 420 1897 saneque
434 1825 466 1881 in
481 1840 518 1882 eo
536 1824 643 1885 creber
657 1822 756 1896 luisti,
776 1833 807 1885 te
828 1823 942 1884 idcirco
956 1823 988 1883 in
1001 1824 1092 1883 ludos

63 1921 188 1968 causam
202 1904 354 1969 coniiccre
371 1904 518 1979 noluisse,
533 1922 572 1967 ne
586 1921 643 1981 ego
659 1920 726 1967 meu
744 1904 964 1967 consuetudine
977 1903 1094 1978 aliquid

63 1992 102 2050 de
113 1987 209 2048 tensis
223 1986 450 2050 misericordiae
462 2004 555 2050 causa
566 1987 707 2061 dicerem,
725 1989 808 2064 quod
821 1985 933 2049 inediis
944 1986 1093 2049 aedilibus

62 2081 132 2131 ante
146 2069 298 2131 iecissem.
341 2072 408 2133 Non
423 2070 496 2132 nihil
511 2070 600 2147 egisti
616 2071 675 2134 hoc
689 2073 775 2133 loco:
790 2087 857 2133 nam
872 2068 945 2131 mihi
958 2067 1093 2145 eripuisti

64 2162 274 2215 ornamentum
290 2153 435 2215 orationis
448 2169 548 2215 maaet
567 2153 738 2226 deridebor,
755 2154 781 2215 si
795 2153 977 2215 mentionem
992 2161 1093 2215 tensa·

63 2256 130 2299 rum
145 2239 258 2311 lacero,
274 2255 366 2311 quum
390 2245 421 2299 tu
431 2236 463 2297 id
473 2237 684 2314 praedixerise
710 2236 776 2299 sine
794 2235 890 2305 tensis
905 2245 1006 2299 autem
1018 2233 1093 2311 quid

64 2329 172 2396 potero
188 2321 314 2386 dicerer.
327 2320 384 2383 Hic
407 2321 497 2383 etium
517 2320 663 2383 addidisti
679 2336 728 2381 me
743 2321 858 2383 idcirce
873 2336 944 2381 mea
958 2321 1027 2395 lege
1040 2334 1093 2379 ex·

65 2404 133 2465 silio
155 2403 300 2465 ambitum
324 2403 484 2478 sanxisse,
502 2412 536 2465 ut
557 2403 794 2465 miserabiliores
815 2402 954 2479 epilogos
968 2415 1094 2478 possem

64 2489 177 2550 dicere.
199 2488 267 2549 Non
279 2486 368 2547 vohis
388 2485 508 2549 videtur
522 2503 588 2549 cum
601 2487 705 2562 aliquo
723 2487 935 2560 declamatore,
950 2502 1012 2547 non
1026 2499 1095 2543 cum

63 2569 177 2631 laboris
201 2579 233 2631 et
254 2569 311 2631 lori
326 2568 477 2643 discipulo
492 2569 668 2645 disputaret
694 2566 859 2633 suenoni
876 2567 971 2640 enim,
988 2563 1095 2641 inquil,

64 2669 123 2726 ego
140 2669 202 2713 non
216 2651 273 2715 lai:
294 2669 342 2713 me
358 2653 422 2713 vult
438 2651 549 2713 luisse:
572 2650 700 2726 sertui,
716 2650 829 2727 inquit,
846 2685 888 2698 -
908 2651 1051 2726 putabam
1064 2649 1095 2709 ln

63 2735 214 2797 Vaccaeis
227 2735 377 2797 moturum
392 2735 498 2797 -his
513 2737 543 2799 io
553 2735 704 2813 Bithynia.
737 2735 770 2797 Si
784 2737 872 2797 locus
888 2733 980 2794 habet
993 2746 1096 2806 repre·

63 2816 222 2879 hensionis
242 2835 348 2879 ansam
369 2819 517 2893 aliquam,
545 2817 652 2879 nescio
673 2835 726 2879 cur
748 2819 934 2881 severiorem
953 2815 1096 2875 Nicaeam

63 2909 153 2974 putes
169 2918 261 2976 quam
272 2902 429 2963 Rhodum=
452 2901 478 2961 si
492 2902 661 2976 spectanda
672 2917 766 2965 causa
781 2910 845 2972 est,
861 2907 894 2961 et
904 2907 938 2961 tu
950 2899 981 2961 io
991 2896 1095 2974 Bithy·

64 2983 115 3043 nia
135 2999 253 3045 summa
277 3001 346 3047 eum
368 2983 513 3059 dignitate
532 2982 615 3045 luisti
634 2991 665 3047 et
689 2999 746 3059 ego
761 2982 868 3045 Rhodi
888 2999 949 3043 non
969 2979 1095 3045 minore.

64 3067 141 3125 Nem
160 3066 286 3141 quodie
300 3085 338 3131 eo
354 3085 403 3131 me
416 3066 657 3143 reprehendisti,
679 3067 763 3141 quod
779 3065 902 3127 nimium
916 3066 1026 3127 mullos
1043 3063 1096 3129 de-

64 3149 233 3222 fenderem,
249 3150 363 3211 utinum
378 3159 408 3213 et
421 3159 467 3223 tu,
484 3149 535 3224 qui
548 3157 655 3224 potes,
668 3157 698 3210 ei
712 3149 844 3223 caeteri,
865 3147 917 3223 qni
930 3145 1096 3221 defugiunt,

63 3234 177 3294 vellent
197 3249 248 3295 me
267 3235 372 3297 labore
391 3234 451 3297 hoo
468 3234 586 3295 levaret
609 3231 671 3293 Sed
691 3232 839 3294 fitvestre
851 3228 1020 3305 diligentia,
1044 3225 1097 3301 qui

62 3316 166 3376 causis
180 3316 388 3392 ponderandis
403 3331 510 3379 omnes
525 3315 588 3375 lere
601 3313 785 3388 repudiatis,
804 3323 837 3375 ut
850 3314 890 3375 ud
905 3329 963 3375 nos
980 3312 1097 3387 plerae-

63 3399 124 3471 que
140 3397 313 3473 confluent,
333 3399 388 3476 qui
401 3398 522 3461 miseris
536 3405 567 3459 et
579 3396 789 3461 laborantibus
808 3412 921 3485 desere
935 3393 1010 3455 nihil
1022 3407 1097 3468 pos·
