<?xml version="1.0" encoding="UTF-8"?>
<!DOCTYPE html PUBLIC "-//W3C//DTD XHTML 1.0 Transitional//EN"
    "http://www.w3.org/TR/xhtml1/DTD/xhtml1-transitional.dtd">
<html xmlns="http://www.w3.org/1999/xhtml" xml:lang="en" lang="en">
 <head>
  <title>
</title>
<meta http-equiv="Content-Type" content="text/html;charset=utf-8" />
  <meta name='ocr-system' content='tesseract 3.04.00' />
  <meta name='ocr-capabilities' content='ocr_page ocr_carea ocr_par ocr_line ocrx_word'/>
</head>
<body>
  <div class='ocr_page' id='page_1' title='image "./orationesselect01cicegoog/orationesselect01cicegoog_0030.png"; bbox 0 0 2340 3788; ppageno 0'>
   <div class='ocr_carea' id='block_1_1' title="bbox 420 200 774 293">
    <p class='ocr_par' dir='ltr' id='par_1_1' title="bbox 420 200 774 293">
     <span class='ocr_line' id='line_1_1' title="bbox 420 200 774 293; baseline 0.014 -42"><span class='ocrx_word' id='word_1_1' title='bbox 420 201 483 293; x_wconf 72' lang='lat' dir='ltr'><strong>eust</strong></span> <span class='ocrx_word' id='word_1_2' title='bbox 499 200 607 253; x_wconf 73' lang='lat' dir='ltr'><strong>Annos</strong></span> <span class='ocrx_word' id='word_1_3' title='bbox 624 201 774 257; x_wconf 72' lang='lat' dir='ltr'><strong>ornasse.</strong></span> 
     </span>
    </p>
   </div>
   <div class='ocr_carea' id='block_1_2' title="bbox 159 478 1088 3264">
    <p class='ocr_par' dir='ltr' id='par_1_2' title="bbox 159 478 1027 3151">
     <span class='ocr_line' id='line_1_2' title="bbox 159 478 1022 565; baseline 0.008 -16.745"><span class='ocrx_word' id='word_1_4' title='bbox 159 478 396 559; x_wconf 63' lang='lat' dir='ltr'><strong>-Antouium,</strong></span> <span class='ocrx_word' id='word_1_5' title='bbox 416 501 459 562; x_wconf 90' lang='lat' dir='ltr'><strong>qul</strong></span> <span class='ocrx_word' id='word_1_6' title='bbox 476 500 499 548; x_wconf 88' lang='lat' dir='ltr'><strong>ei</strong></span> <span class='ocrx_word' id='word_1_7' title='bbox 518 499 610 548; x_wconf 86' lang='lat' dir='ltr'><strong>diceret</strong></span> <span class='ocrx_word' id='word_1_8' title='bbox 626 512 654 546; x_wconf 88' lang='lat' dir='ltr'><strong>se</strong></span> <span class='ocrx_word' id='word_1_9' title='bbox 672 513 705 547; x_wconf 83' lang='lat' dir='ltr'><strong>ex</strong></span> <span class='ocrx_word' id='word_1_10' title='bbox 721 499 764 547; x_wconf 83' lang='lat' dir='ltr'><strong>via</strong></span> <span class='ocrx_word' id='word_1_11' title='bbox 778 499 906 565; x_wconf 75' lang='lat' dir='ltr'><strong>languere.</strong></span> <span class='ocrx_word' id='word_1_12' title='bbox 943 504 1022 555; x_wconf 80' lang='lat' dir='ltr'><strong>Auto-</strong></span> 
     </span>
     <span class='ocr_line' id='line_1_3' title="bbox 250 564 1021 626; baseline 0.006 -9"><span class='ocrx_word' id='word_1_13' title='bbox 250 569 307 617; x_wconf 83' lang='lat' dir='ltr'><strong>uius</strong></span> <span class='ocrx_word' id='word_1_14' title='bbox 324 568 454 617; x_wconf 75' lang='lat' dir='ltr'><strong>insectatu</strong></span> <span class='ocrx_word' id='word_1_15' title='bbox 470 567 543 626; x_wconf 80' lang='lat' dir='ltr'><strong>dixit,</strong></span> <span class='ocrx_word' id='word_1_16' title='bbox 557 566 606 614; x_wconf 88' lang='lat' dir='ltr'><strong>uisi</strong></span> <span class='ocrx_word' id='word_1_17' title='bbox 620 565 726 624; x_wconf 85' lang='lat' dir='ltr'><strong>veniret,</strong></span> <span class='ocrx_word' id='word_1_18' title='bbox 745 564 829 617; x_wconf 80' lang='lat' dir='ltr'><strong>fabros</strong></span> <span class='ocrx_word' id='word_1_19' title='bbox 845 583 874 618; x_wconf 88' lang='lat' dir='ltr'><strong>se</strong></span> <span class='ocrx_word' id='word_1_20' title='bbox 887 571 1021 623; x_wconf 83' lang='lat' dir='ltr'><strong>missurum</strong></span> 
     </span>
     <span class='ocr_line' id='line_1_4' title="bbox 251 632 1021 690; baseline 0.008 -6"><span class='ocrx_word' id='word_1_21' title='bbox 251 644 276 685; x_wconf 87' lang='lat' dir='ltr'><strong>et</strong></span> <span class='ocrx_word' id='word_1_22' title='bbox 293 635 395 685; x_wconf 86' lang='lat' dir='ltr'><strong>domum</strong></span> <span class='ocrx_word' id='word_1_23' title='bbox 411 637 465 686; x_wconf 88' lang='lat' dir='ltr'><strong>eius</strong></span> <span class='ocrx_word' id='word_1_24' title='bbox 483 634 688 685; x_wconf 80' lang='lat' dir='ltr'><strong>disturbaturum.</strong></span> <span class='ocrx_word' id='word_1_25' title='bbox 714 632 837 684; x_wconf 78' lang='lat' dir='ltr'><strong>Postridie</strong></span> <span class='ocrx_word' id='word_1_26' title='bbox 852 637 960 689; x_wconf 77' lang='lat' dir='ltr'><strong>Antonio</strong></span> <span class='ocrx_word' id='word_1_27' title='bbox 977 642 1021 690; x_wconf 88' lang='lat' dir='ltr'><strong>ab·</strong></span> 
     </span>
     <span class='ocr_line' id='line_1_5' title="bbox 251 699 1020 768; baseline 0.007 -15"><span class='ocrx_word' id='word_1_28' title='bbox 251 711 322 753; x_wconf 86' lang='lat' dir='ltr'><strong>sente</strong></span> <span class='ocrx_word' id='word_1_29' title='bbox 339 702 450 754; x_wconf 83' lang='lat' dir='ltr'><strong>cicero</strong></span> <span class='ocrx_word' id='word_1_30' title='bbox 443 717 469 753; x_wconf 90' lang='grc' dir='ltr'><strong>ιιι</strong></span> <span class='ocrx_word' id='word_1_31' title='bbox 488 709 603 752; x_wconf 84' lang='lat' dir='ltr'><strong>senatum</strong></span> <span class='ocrx_word' id='word_1_32' title='bbox 620 702 703 761; x_wconf 85' lang='lat' dir='ltr'><strong>veuit,</strong></span> <span class='ocrx_word' id='word_1_33' title='bbox 720 699 858 763; x_wconf 84' lang='lat' dir='ltr'><strong>habuitque</strong></span> <span class='ocrx_word' id='word_1_34' title='bbox 875 708 1020 768; x_wconf 85' lang='lat' dir='ltr'><strong>orationem,</strong></span> 
     </span>
     <span class='ocr_line' id='line_1_6' title="bbox 251 767 1022 852; baseline 0.005 -31"><span class='ocrx_word' id='word_1_35' title='bbox 251 786 315 852; x_wconf 82' lang='lat' dir='ltr'><strong>quae</strong></span> <span class='ocrx_word' id='word_1_36' title='bbox 332 772 423 821; x_wconf 90' lang='lat' dir='ltr'><strong>dicitur</strong></span> <span class='ocrx_word' id='word_1_37' title='bbox 437 771 578 833; x_wconf 71' lang='lat' dir='ltr'><strong>Philippico</strong></span> <span class='ocrx_word' id='word_1_38' title='bbox 591 771 681 832; x_wconf 74' lang='lat' dir='ltr'><strong>prima</strong></span> <span class='ocrx_word' id='word_1_39' title='bbox 705 767 741 819; x_wconf 90' lang='lat' dir='ltr'><strong>Ob</strong></span> <span class='ocrx_word' id='word_1_40' title='bbox 757 784 833 832; x_wconf 87' lang='lat' dir='ltr'><strong>quem</strong></span> <span class='ocrx_word' id='word_1_41' title='bbox 845 772 991 823; x_wconf 84' lang='lat' dir='ltr'><strong>Antonius</strong></span> <span class='ocrx_word' id='word_1_42' title='bbox 985 792 1022 825; x_wconf 89' lang='grc' dir='ltr'><strong>ιιι</strong></span> 
     </span>
     <span class='ocr_line' id='line_1_7' title="bbox 251 838 1019 900; baseline 0.004 -11"><span class='ocrx_word' id='word_1_43' title='bbox 251 841 368 889; x_wconf 84' lang='lat' dir='ltr'><strong>Incensus</strong></span> <span class='ocrx_word' id='word_1_44' title='bbox 386 840 530 889; x_wconf 88' lang='lat' dir='ltr'><strong>inimicitias</strong></span> <span class='ocrx_word' id='word_1_45' title='bbox 553 838 576 886; x_wconf 89' lang='lat' dir='ltr'><strong>ei</strong></span> <span class='ocrx_word' id='word_1_46' title='bbox 593 838 726 887; x_wconf 90' lang='lat' dir='ltr'><strong>deuuuclat</strong></span> <span class='ocrx_word' id='word_1_47' title='bbox 744 852 894 900; x_wconf 86' lang='lat' dir='ltr'><strong>eumquea.</strong></span> <span class='ocrx_word' id='word_1_48' title='bbox 913 840 938 889; x_wconf 91' lang='lat' dir='ltr'><strong>d</strong></span> <span class='ocrx_word' id='word_1_49' title='bbox 955 843 1019 892; x_wconf 84' lang='lat' dir='ltr'>XIII.</span> 
     </span>
     <span class='ocr_line' id='line_1_8' title="bbox 250 906 1023 979; baseline 0.003 -22"><span class='ocrx_word' id='word_1_50' title='bbox 250 906 304 957; x_wconf 84' lang='lat' dir='ltr'><strong>Kal.</strong></span> <span class='ocrx_word' id='word_1_51' title='bbox 323 906 403 957; x_wconf 77' lang='lat' dir='ltr'><strong>Oct.</strong></span> <span class='ocrx_word' id='word_1_52' title='bbox 397 922 423 957; x_wconf 90' lang='grc' dir='ltr'><strong>ιιι</strong></span> <span class='ocrx_word' id='word_1_53' title='bbox 447 915 535 956; x_wconf 87' lang='lat' dir='ltr'><strong>senatu</strong></span> <span class='ocrx_word' id='word_1_54' title='bbox 555 906 646 956; x_wconf 87' lang='lat' dir='ltr'><strong>adesse</strong></span> <span class='ocrx_word' id='word_1_55' title='bbox 668 906 746 956; x_wconf 87' lang='lat' dir='ltr'><strong>iubet.</strong></span> <span class='ocrx_word' id='word_1_56' title='bbox 782 906 840 970; x_wconf 89' lang='lat' dir='ltr'><strong>lpse</strong></span> <span class='ocrx_word' id='word_1_57' title='bbox 860 906 955 957; x_wconf 86' lang='lat' dir='ltr'><strong>interes</strong></span> <span class='ocrx_word' id='word_1_58' title='bbox 977 925 1023 979; x_wconf 86' lang='lat' dir='ltr'><strong>per</strong></span> 
     </span>
     <span class='ocr_line' id='line_1_9' title="bbox 249 968 1022 1039; baseline 0 -14"><span class='ocrx_word' id='word_1_59' title='bbox 249 976 321 1026; x_wconf 86' lang='lat' dir='ltr'>XVII</span> <span class='ocrx_word' id='word_1_60' title='bbox 337 976 393 1026; x_wconf 87' lang='lat' dir='ltr'><strong>dies</strong></span> <span class='ocrx_word' id='word_1_61' title='bbox 411 976 437 1025; x_wconf 86' lang='lat' dir='ltr'><strong>ln</strong></span> <span class='ocrx_word' id='word_1_62' title='bbox 450 975 579 1024; x_wconf 88' lang='lat' dir='ltr'><strong>Tiburtino</strong></span> <span class='ocrx_word' id='word_1_63' title='bbox 593 972 717 1039; x_wconf 84' lang='lat' dir='ltr'><strong>Scipionis</strong></span> <span class='ocrx_word' id='word_1_64' title='bbox 737 973 899 1025; x_wconf 77' lang='lat' dir='ltr'><strong>declamitare</strong></span> <span class='ocrx_word' id='word_1_65' title='bbox 917 968 1022 1026; x_wconf 87' lang='lat' dir='ltr'><strong>medita-</strong></span> 
     </span>
     <span class='ocr_line' id='line_1_10' title="bbox 249 1041 1022 1106; baseline 0.003 -14"><span class='ocrx_word' id='word_1_66' title='bbox 249 1051 291 1093; x_wconf 89' lang='lat' dir='ltr'><strong>tus</strong></span> <span class='ocrx_word' id='word_1_67' title='bbox 307 1044 506 1103; x_wconf 70' lang='lat' dir='ltr'><strong>saturationem,</strong></span> <span class='ocrx_word' id='word_1_68' title='bbox 526 1057 601 1106; x_wconf 87' lang='lat' dir='ltr'><strong>quam</strong></span> <span class='ocrx_word' id='word_1_69' title='bbox 614 1042 681 1092; x_wconf 88' lang='lat' dir='ltr'>XIII.</span> <span class='ocrx_word' id='word_1_70' title='bbox 693 1041 748 1091; x_wconf 84' lang='lat' dir='ltr'><strong>Kal.</strong></span> <span class='ocrx_word' id='word_1_71' title='bbox 763 1042 842 1093; x_wconf 86' lang='lat' dir='ltr'><strong>Oct.</strong></span> <span class='ocrx_word' id='word_1_72' title='bbox 835 1057 861 1091; x_wconf 88' lang='grc' dir='ltr'><strong>ιι</strong></span> <span class='ocrx_word' id='word_1_73' title='bbox 878 1044 943 1093; x_wconf 85' lang='lat' dir='ltr'><strong>aede</strong></span> <span class='ocrx_word' id='word_1_74' title='bbox 958 1042 1022 1094; x_wconf 83' lang='lat' dir='ltr'><strong>Gon-</strong></span> 
     </span>
     <span class='ocr_line' id='line_1_11' title="bbox 249 1109 1021 1162; baseline 0 -1"><span class='ocrx_word' id='word_1_75' title='bbox 249 1112 350 1162; x_wconf 85' lang='lat' dir='ltr'><strong>cordias</strong></span> <span class='ocrx_word' id='word_1_76' title='bbox 373 1119 459 1161; x_wconf 86' lang='lat' dir='ltr'><strong>contra</strong></span> <span class='ocrx_word' id='word_1_77' title='bbox 479 1110 623 1162; x_wconf 80' lang='lat' dir='ltr'><strong>Ciceronem</strong></span> <span class='ocrx_word' id='word_1_78' title='bbox 643 1110 739 1161; x_wconf 87' lang='lat' dir='ltr'><strong>habuit.</strong></span> <span class='ocrx_word' id='word_1_79' title='bbox 776 1109 891 1161; x_wconf 80' lang='lat' dir='ltr'><strong>Cicero</strong></span> <span class='ocrx_word' id='word_1_80' title='bbox 884 1126 910 1160; x_wconf 89' lang='grc' dir='ltr'><strong>ιιι</strong></span> <span class='ocrx_word' id='word_1_81' title='bbox 933 1122 1021 1161; x_wconf 85' lang='lat' dir='ltr'><strong>senatu</strong></span> 
     </span>
     <span class='ocr_line' id='line_1_12' title="bbox 249 1178 1020 1243; baseline 0.001 -15"><span class='ocrx_word' id='word_1_82' title='bbox 249 1195 300 1229; x_wconf 90' lang='lat' dir='ltr'><strong>nou</strong></span> <span class='ocrx_word' id='word_1_83' title='bbox 312 1179 393 1239; x_wconf 80' lang='lat' dir='ltr'><strong>alluit,</strong></span> <span class='ocrx_word' id='word_1_84' title='bbox 408 1186 476 1229; x_wconf 90' lang='lat' dir='ltr'><strong>metu</strong></span> <span class='ocrx_word' id='word_1_85' title='bbox 488 1180 637 1229; x_wconf 88' lang='lat' dir='ltr'><strong>insidiarum</strong></span> <span class='ocrx_word' id='word_1_86' title='bbox 650 1178 682 1229; x_wconf 87' lang='lat' dir='ltr'><strong>eb</strong></span> <span class='ocrx_word' id='word_1_87' title='bbox 697 1178 785 1228; x_wconf 84' lang='lat' dir='ltr'><strong>amicis</strong></span> <span class='ocrx_word' id='word_1_88' title='bbox 798 1178 949 1243; x_wconf 90' lang='lat' dir='ltr'><strong>prohibitus.</strong></span> <span class='ocrx_word' id='word_1_89' title='bbox 968 1181 1020 1229; x_wconf 85' lang='lat' dir='ltr'><strong>Au·</strong></span> 
     </span>
     <span class='ocr_line' id='line_1_13' title="bbox 249 1246 1019 1312; baseline 0.001 -16"><span class='ocrx_word' id='word_1_90' title='bbox 249 1249 311 1297; x_wconf 92' lang='lat' dir='ltr'><strong>tonii</strong></span> <span class='ocrx_word' id='word_1_91' title='bbox 336 1261 397 1298; x_wconf 85' lang='lat' dir='ltr'><strong>vero</strong></span> <span class='ocrx_word' id='word_1_92' title='bbox 418 1247 524 1298; x_wconf 75' lang='lat' dir='ltr'><strong>orationi</strong></span> <span class='ocrx_word' id='word_1_93' title='bbox 547 1247 666 1312; x_wconf 89' lang='lat' dir='ltr'><strong>opposuit</strong></span> <span class='ocrx_word' id='word_1_94' title='bbox 686 1246 852 1309; x_wconf 73' lang='lat' dir='ltr'><strong>Phiiippicom</strong></span> <span class='ocrx_word' id='word_1_95' title='bbox 874 1247 1019 1307; x_wconf 65' lang='lat' dir='ltr'><strong>emundato,</strong></span> 
     </span>
     <span class='ocr_line' id='line_1_14' title="bbox 247 1314 1020 1380; baseline 0.001 -15"><span class='ocrx_word' id='word_1_96' title='bbox 247 1330 298 1365; x_wconf 89' lang='lat' dir='ltr'><strong>nou</strong></span> <span class='ocrx_word' id='word_1_97' title='bbox 314 1314 425 1366; x_wconf 86' lang='lat' dir='ltr'><strong>habitam</strong></span> <span class='ocrx_word' id='word_1_98' title='bbox 442 1316 553 1378; x_wconf 91' lang='lat' dir='ltr'><strong>quidem,</strong></span> <span class='ocrx_word' id='word_1_99' title='bbox 573 1315 620 1364; x_wconf 88' lang='lat' dir='ltr'><strong>sed</strong></span> <span class='ocrx_word' id='word_1_100' title='bbox 634 1316 669 1364; x_wconf 82' lang='lat' dir='ltr'><strong>its</strong></span> <span class='ocrx_word' id='word_1_101' title='bbox 683 1316 858 1380; x_wconf 77' lang='lat' dir='ltr'><strong>conscriptam,</strong></span> <span class='ocrx_word' id='word_1_102' title='bbox 876 1317 948 1378; x_wconf 87' lang='lat' dir='ltr'><strong>quasi</strong></span> <span class='ocrx_word' id='word_1_103' title='bbox 965 1331 1020 1366; x_wconf 85' lang='lat' dir='ltr'><strong>eam</strong></span> 
     </span>
     <span class='ocr_line' id='line_1_15' title="bbox 248 1382 1019 1448; baseline 0.001 -15"><span class='ocrx_word' id='word_1_104' title='bbox 248 1384 315 1433; x_wconf 91' lang='lat' dir='ltr'>XIII.</span> <span class='ocrx_word' id='word_1_105' title='bbox 332 1383 387 1436; x_wconf 87' lang='lat' dir='ltr'><strong>lial.</strong></span> <span class='ocrx_word' id='word_1_106' title='bbox 411 1382 466 1436; x_wconf 79' lang='lat' dir='ltr'><strong>Oct</strong></span> <span class='ocrx_word' id='word_1_107' title='bbox 488 1385 514 1432; x_wconf 88' lang='lat' dir='ltr'><strong>in</strong></span> <span class='ocrx_word' id='word_1_108' title='bbox 536 1390 695 1448; x_wconf 87' lang='lat' dir='ltr'><strong>praesentem</strong></span> <span class='ocrx_word' id='word_1_109' title='bbox 720 1384 858 1433; x_wconf 82' lang='lat' dir='ltr'><strong>Antonium</strong></span> <span class='ocrx_word' id='word_1_110' title='bbox 879 1382 1019 1443; x_wconf 79' lang='lat' dir='ltr'><strong>habuisset.</strong></span> 
     </span>
     <span class='ocr_line' id='line_1_16' title="bbox 247 1449 1019 1503; baseline 0 -1"><span class='ocrx_word' id='word_1_111' title='bbox 247 1452 370 1502; x_wconf 82' lang='lat' dir='ltr'><strong>Extremis</strong></span> <span class='ocrx_word' id='word_1_112' title='bbox 389 1451 502 1502; x_wconf 82' lang='lat' dir='ltr'><strong>Octobris</strong></span> <span class='ocrx_word' id='word_1_113' title='bbox 520 1450 610 1501; x_wconf 89' lang='lat' dir='ltr'><strong>diebus</strong></span> <span class='ocrx_word' id='word_1_114' title='bbox 631 1455 656 1499; x_wconf 86' lang='lat' dir='ltr'><strong>et</strong></span> <span class='ocrx_word' id='word_1_115' title='bbox 677 1464 764 1501; x_wconf 86' lang='lat' dir='ltr'><strong>meuse</strong></span> <span class='ocrx_word' id='word_1_116' title='bbox 781 1449 917 1501; x_wconf 83' lang='lat' dir='ltr'><strong>Novembri</strong></span> <span class='ocrx_word' id='word_1_117' title='bbox 934 1451 1019 1503; x_wconf 83' lang='lat' dir='ltr'><strong>Cicero</strong></span> 
     </span>
     <span class='ocr_line' id='line_1_17' title="bbox 245 1518 1020 1583; baseline 0.001 -15"><span class='ocrx_word' id='word_1_118' title='bbox 245 1519 410 1570; x_wconf 85' lang='lat' dir='ltr'><strong>Puteolanum</strong></span> <span class='ocrx_word' id='word_1_119' title='bbox 426 1535 502 1569; x_wconf 92' lang='lat' dir='ltr'><strong>suum</strong></span> <span class='ocrx_word' id='word_1_120' title='bbox 517 1527 664 1580; x_wconf 86' lang='lat' dir='ltr'><strong>ceterasque</strong></span> <span class='ocrx_word' id='word_1_121' title='bbox 679 1518 753 1569; x_wconf 81' lang='lat' dir='ltr'><strong>villas</strong></span> <span class='ocrx_word' id='word_1_122' title='bbox 772 1520 824 1568; x_wconf 88' lang='lat' dir='ltr'><strong>obit</strong></span> <span class='ocrx_word' id='word_1_123' title='bbox 842 1518 971 1583; x_wconf 84' lang='lat' dir='ltr'><strong>librosque</strong></span> <span class='ocrx_word' id='word_1_124' title='bbox 988 1521 1020 1569; x_wconf 84' lang='lat' dir='ltr'><strong>de</strong></span> 
     </span>
     <span class='ocr_line' id='line_1_18' title="bbox 246 1587 1020 1654; baseline 0.001 -17"><span class='ocrx_word' id='word_1_125' title='bbox 246 1587 341 1652; x_wconf 72' lang='lat' dir='ltr'><strong>Officiis</strong></span> <span class='ocrx_word' id='word_1_126' title='bbox 360 1589 466 1654; x_wconf 84' lang='lat' dir='ltr'><strong>perficit.</strong></span> <span class='ocrx_word' id='word_1_127' title='bbox 501 1589 602 1637; x_wconf 75' lang='lat' dir='ltr'><strong>luteum</strong></span> <span class='ocrx_word' id='word_1_128' title='bbox 624 1587 749 1637; x_wconf 86' lang='lat' dir='ltr'><strong>Antonius</strong></span> <span class='ocrx_word' id='word_1_129' title='bbox 767 1588 822 1639; x_wconf 83' lang='lat' dir='ltr'><strong>vu.</strong></span> <span class='ocrx_word' id='word_1_130' title='bbox 846 1589 883 1638; x_wconf 91' lang='lat' dir='ltr'><strong>ld.</strong></span> <span class='ocrx_word' id='word_1_131' title='bbox 903 1587 956 1638; x_wconf 85' lang='lat' dir='ltr'><strong>Oet.</strong></span> <span class='ocrx_word' id='word_1_132' title='bbox 976 1590 1020 1638; x_wconf 93' lang='lat' dir='ltr'><strong>ob·</strong></span> 
     </span>
     <span class='ocr_line' id='line_1_19' title="bbox 245 1655 1019 1721; baseline -0.001 -15"><span class='ocrx_word' id='word_1_133' title='bbox 245 1657 312 1706; x_wconf 85' lang='lat' dir='ltr'><strong>viam</strong></span> <span class='ocrx_word' id='word_1_134' title='bbox 329 1657 376 1707; x_wconf 82' lang='lat' dir='ltr'><strong>ivit</strong></span> <span class='ocrx_word' id='word_1_135' title='bbox 397 1656 541 1721; x_wconf 75' lang='lat' dir='ltr'><strong>legionibus</strong></span> <span class='ocrx_word' id='word_1_136' title='bbox 561 1661 680 1718; x_wconf 76' lang='lat' dir='ltr'><strong>quattuor</strong></span> <span class='ocrx_word' id='word_1_137' title='bbox 696 1671 711 1705; x_wconf 89' lang='lat' dir='ltr'><strong>e</strong></span> <span class='ocrx_word' id='word_1_138' title='bbox 727 1655 877 1706; x_wconf 77' lang='lat' dir='ltr'><strong>Macedouis</strong></span> <span class='ocrx_word' id='word_1_139' title='bbox 892 1657 1019 1707; x_wconf 85' lang='lat' dir='ltr'><strong>redeunti-</strong></span> 
     </span>
     <span class='ocr_line' id='line_1_20' title="bbox 246 1723 1020 1786; baseline -0.003 -12"><span class='ocrx_word' id='word_1_140' title='bbox 246 1725 293 1774; x_wconf 87' lang='lat' dir='ltr'><strong>bus</strong></span> <span class='ocrx_word' id='word_1_141' title='bbox 308 1738 404 1786; x_wconf 84' lang='lat' dir='ltr'><strong>cesque</strong></span> <span class='ocrx_word' id='word_1_142' title='bbox 420 1723 470 1773; x_wconf 88' lang='lat' dir='ltr'><strong>sibi</strong></span> <span class='ocrx_word' id='word_1_143' title='bbox 486 1723 618 1773; x_wconf 87' lang='lat' dir='ltr'><strong>conciliare</strong></span> <span class='ocrx_word' id='word_1_144' title='bbox 633 1723 738 1772; x_wconf 86' lang='lat' dir='ltr'><strong>studuit.</strong></span> <span class='ocrx_word' id='word_1_145' title='bbox 772 1724 935 1774; x_wconf 84' lang='lat' dir='ltr'><strong>Brundisium</strong></span> <span class='ocrx_word' id='word_1_146' title='bbox 950 1725 1020 1775; x_wconf 86' lang='lat' dir='ltr'><strong>venit</strong></span> 
     </span>
     <span class='ocr_line' id='line_1_21' title="bbox 244 1790 1019 1850; baseline -0.004 -7"><span class='ocrx_word' id='word_1_147' title='bbox 244 1792 297 1843; x_wconf 87' lang='lat' dir='ltr'><strong>Vll.</strong></span> <span class='ocrx_word' id='word_1_148' title='bbox 313 1792 351 1843; x_wconf 84' lang='lat' dir='ltr'><strong>ld.</strong></span> <span class='ocrx_word' id='word_1_149' title='bbox 367 1791 421 1844; x_wconf 86' lang='lat' dir='ltr'><strong>Oct.</strong></span> <span class='ocrx_word' id='word_1_150' title='bbox 440 1790 558 1839; x_wconf 82' lang='lat' dir='ltr'><strong>Octavius</strong></span> <span class='ocrx_word' id='word_1_151' title='bbox 575 1799 668 1850; x_wconf 87' lang='lat' dir='ltr'><strong>autem,</strong></span> <span class='ocrx_word' id='word_1_152' title='bbox 687 1792 750 1849; x_wconf 87' lang='lat' dir='ltr'><strong>eive,</strong></span> <span class='ocrx_word' id='word_1_153' title='bbox 768 1799 796 1841; x_wconf 88' lang='lat' dir='ltr'><strong>ut</strong></span> <span class='ocrx_word' id='word_1_154' title='bbox 815 1791 930 1841; x_wconf 77' lang='lat' dir='ltr'><strong>Caesaris</strong></span> <span class='ocrx_word' id='word_1_155' title='bbox 947 1794 1019 1842; x_wconf 89' lang='lat' dir='ltr'><strong>here-</strong></span> 
     </span>
     <span class='ocr_line' id='line_1_22' title="bbox 246 1855 1020 1917; baseline -0.001 -9"><span class='ocrx_word' id='word_1_156' title='bbox 246 1859 324 1908; x_wconf 88' lang='lat' dir='ltr'><strong>ditate</strong></span> <span class='ocrx_word' id='word_1_157' title='bbox 342 1860 412 1907; x_wconf 90' lang='lat' dir='ltr'><strong>adita</strong></span> <span class='ocrx_word' id='word_1_158' title='bbox 427 1856 610 1916; x_wconf 89' lang='lat' dir='ltr'><strong>nominabatur,</strong></span> <span class='ocrx_word' id='word_1_159' title='bbox 628 1857 726 1907; x_wconf 72' lang='lat' dir='ltr'><strong>omar</strong></span> <span class='ocrx_word' id='word_1_160' title='bbox 744 1855 906 1917; x_wconf 78' lang='lat' dir='ltr'><strong>Octauianus,</strong></span> <span class='ocrx_word' id='word_1_161' title='bbox 924 1869 1020 1909; x_wconf 86' lang='lat' dir='ltr'><strong>vetera·</strong></span> 
     </span>
     <span class='ocr_line' id='line_1_23' title="bbox 246 1922 1020 1985; baseline -0.001 -11"><span class='ocrx_word' id='word_1_162' title='bbox 246 1941 294 1975; x_wconf 91' lang='lat' dir='ltr'><strong>uos</strong></span> <span class='ocrx_word' id='word_1_163' title='bbox 311 1924 428 1974; x_wconf 77' lang='lat' dir='ltr'><strong>Caesaris</strong></span> <span class='ocrx_word' id='word_1_164' title='bbox 447 1923 549 1981; x_wconf 85' lang='lat' dir='ltr'><strong>excivit,</strong></span> <span class='ocrx_word' id='word_1_165' title='bbox 562 1923 698 1985; x_wconf 87' lang='lat' dir='ltr'><strong>multisque</strong></span> <span class='ocrx_word' id='word_1_166' title='bbox 716 1922 772 1973; x_wconf 87' lang='lat' dir='ltr'><strong>alils</strong></span> <span class='ocrx_word' id='word_1_167' title='bbox 790 1926 966 1975; x_wconf 85' lang='lat' dir='ltr'><strong>accedentibus</strong></span> <span class='ocrx_word' id='word_1_168' title='bbox 983 1927 1020 1974; x_wconf 91' lang='lat' dir='ltr'><strong>iu-</strong></span> 
     </span>
     <span class='ocr_line' id='line_1_24' title="bbox 247 1990 1022 2057; baseline -0.004 -14"><span class='ocrx_word' id='word_1_169' title='bbox 247 2002 314 2043; x_wconf 90' lang='lat' dir='ltr'><strong>stum</strong></span> <span class='ocrx_word' id='word_1_170' title='bbox 329 1995 466 2044; x_wconf 82' lang='lat' dir='ltr'><strong>exercitum</strong></span> <span class='ocrx_word' id='word_1_171' title='bbox 481 1992 612 2041; x_wconf 83' lang='lat' dir='ltr'><strong>contraxit.</strong></span> <span class='ocrx_word' id='word_1_172' title='bbox 631 1990 718 2040; x_wconf 81' lang='lat' dir='ltr'><strong>Paullo</strong></span> <span class='ocrx_word' id='word_1_173' title='bbox 732 2001 792 2054; x_wconf 88' lang='lat' dir='ltr'><strong>post</strong></span> <span class='ocrx_word' id='word_1_174' title='bbox 805 1991 919 2057; x_wconf 74' lang='lat' dir='ltr'><strong>legiones</strong></span> <span class='ocrx_word' id='word_1_175' title='bbox 932 1993 1022 2042; x_wconf 85' lang='lat' dir='ltr'><strong>Martia</strong></span> 
     </span>
     <span class='ocr_line' id='line_1_25' title="bbox 247 2058 1021 2123; baseline -0.003 -12"><span class='ocrx_word' id='word_1_176' title='bbox 247 2069 272 2111; x_wconf 93' lang='lat' dir='ltr'><strong>et</strong></span> <span class='ocrx_word' id='word_1_177' title='bbox 294 2061 389 2123; x_wconf 81' lang='lat' dir='ltr'><strong>Quarta</strong></span> <span class='ocrx_word' id='word_1_178' title='bbox 414 2060 552 2111; x_wconf 86' lang='lat' dir='ltr'><strong>Antonium</strong></span> <span class='ocrx_word' id='word_1_179' title='bbox 574 2059 728 2122; x_wconf 87' lang='lat' dir='ltr'><strong>reliquerunt</strong></span> <span class='ocrx_word' id='word_1_180' title='bbox 753 2067 778 2109; x_wconf 86' lang='lat' dir='ltr'><strong>et</strong></span> <span class='ocrx_word' id='word_1_181' title='bbox 801 2059 835 2111; x_wconf 87' lang='lat' dir='ltr'><strong>ad</strong></span> <span class='ocrx_word' id='word_1_182' title='bbox 858 2058 1021 2111; x_wconf 81' lang='lat' dir='ltr'><strong>Octavianum</strong></span> 
     </span>
     <span class='ocr_line' id='line_1_26' title="bbox 245 2127 1020 2190; baseline -0.001 -11"><span class='ocrx_word' id='word_1_183' title='bbox 245 2131 402 2183; x_wconf 83' lang='lat' dir='ltr'><strong>translemnt.</strong></span> <span class='ocrx_word' id='word_1_184' title='bbox 438 2130 494 2190; x_wconf 79' lang='lat' dir='ltr'><strong>Quo</strong></span> <span class='ocrx_word' id='word_1_185' title='bbox 514 2128 601 2178; x_wconf 92' lang='lat' dir='ltr'><strong>uuutio</strong></span> <span class='ocrx_word' id='word_1_186' title='bbox 626 2127 702 2177; x_wconf 87' lang='lat' dir='ltr'><strong>allato</strong></span> <span class='ocrx_word' id='word_1_187' title='bbox 720 2129 846 2179; x_wconf 75' lang='lat' dir='ltr'><strong>Antonius</strong></span> <span class='ocrx_word' id='word_1_188' title='bbox 867 2143 925 2180; x_wconf 88' lang='lat' dir='ltr'><strong>cum</strong></span> <span class='ocrx_word' id='word_1_189' title='bbox 948 2144 1020 2179; x_wconf 86' lang='lat' dir='ltr'><strong>seua·</strong></span> 
     </span>
     <span class='ocr_line' id='line_1_27' title="bbox 244 2196 1019 2264; baseline -0.001 -17"><span class='ocrx_word' id='word_1_190' title='bbox 244 2207 298 2248; x_wconf 88' lang='lat' dir='ltr'><strong>tum</strong></span> <span class='ocrx_word' id='word_1_191' title='bbox 313 2200 341 2248; x_wconf 93' lang='lat' dir='ltr'><strong>iu</strong></span> <span class='ocrx_word' id='word_1_192' title='bbox 354 2196 504 2264; x_wconf 76' lang='lat' dir='ltr'><strong>Capitolium</strong></span> <span class='ocrx_word' id='word_1_193' title='bbox 518 2211 541 2246; x_wconf 87' lang='grc' dir='ltr'><strong>ι.</strong></span> <span class='ocrx_word' id='word_1_194' title='bbox 560 2198 584 2250; x_wconf 91' lang='lat' dir='ltr'><strong>d.</strong></span> <span class='ocrx_word' id='word_1_195' title='bbox 600 2197 644 2246; x_wconf 92' lang='lat' dir='ltr'><strong>lV.</strong></span> <span class='ocrx_word' id='word_1_196' title='bbox 659 2196 714 2250; x_wconf 81' lang='lat' dir='ltr'><strong>llel.</strong></span> <span class='ocrx_word' id='word_1_197' title='bbox 729 2196 790 2248; x_wconf 82' lang='lat' dir='ltr'><strong>Deo.</strong></span> <span class='ocrx_word' id='word_1_198' title='bbox 805 2205 930 2259; x_wconf 86' lang='lat' dir='ltr'><strong>vocasset,</strong></span> <span class='ocrx_word' id='word_1_199' title='bbox 946 2198 1019 2248; x_wconf 89' lang='lat' dir='ltr'><strong>valde</strong></span> 
     </span>
     <span class='ocr_line' id='line_1_28' title="bbox 245 2262 1018 2333; baseline -0.001 -18"><span class='ocrx_word' id='word_1_200' title='bbox 245 2266 375 2330; x_wconf 83' lang='lat' dir='ltr'><strong>perculsus</strong></span> <span class='ocrx_word' id='word_1_201' title='bbox 393 2262 524 2317; x_wconf 71' lang='lat' dir='ltr'><strong>confestim</strong></span> <span class='ocrx_word' id='word_1_202' title='bbox 542 2275 657 2315; x_wconf 85' lang='lat' dir='ltr'><strong>senatum</strong></span> <span class='ocrx_word' id='word_1_203' title='bbox 676 2266 771 2316; x_wconf 83' lang='lat' dir='ltr'><strong>dimIsit</strong></span> <span class='ocrx_word' id='word_1_204' title='bbox 787 2274 813 2316; x_wconf 89' lang='lat' dir='ltr'><strong>et</strong></span> <span class='ocrx_word' id='word_1_205' title='bbox 836 2266 972 2333; x_wconf 86' lang='lat' dir='ltr'><strong>paludatus</strong></span> <span class='ocrx_word' id='word_1_206' title='bbox 993 2266 1018 2314; x_wconf 92' lang='lat' dir='ltr'><strong>in</strong></span> 
     </span>
     <span class='ocr_line' id='line_1_29' title="bbox 245 2333 1018 2386; baseline -0.003 -2"><span class='ocrx_word' id='word_1_207' title='bbox 245 2333 352 2385; x_wconf 84' lang='lat' dir='ltr'><strong>Galliam</strong></span> <span class='ocrx_word' id='word_1_208' title='bbox 367 2336 506 2386; x_wconf 89' lang='lat' dir='ltr'><strong>citeriorem</strong></span> <span class='ocrx_word' id='word_1_209' title='bbox 524 2335 639 2384; x_wconf 66' lang='lat' dir='ltr'><strong>damasit.</strong></span> <span class='ocrx_word' id='word_1_210' title='bbox 677 2334 738 2383; x_wconf 83' lang='lat' dir='ltr'><strong>Deo.</strong></span> <span class='ocrx_word' id='word_1_211' title='bbox 755 2334 847 2385; x_wconf 91' lang='lat' dir='ltr'><strong>Brutus</strong></span> <span class='ocrx_word' id='word_1_212' title='bbox 864 2342 948 2385; x_wconf 88' lang='lat' dir='ltr'><strong>autem</strong></span> <span class='ocrx_word' id='word_1_213' title='bbox 966 2333 1018 2385; x_wconf 87' lang='lat' dir='ltr'><strong>edi·</strong></span> 
     </span>
     <span class='ocr_line' id='line_1_30' title="bbox 245 2401 1015 2468; baseline -0.001 -16"><span class='ocrx_word' id='word_1_214' title='bbox 245 2412 312 2452; x_wconf 79' lang='grc' dir='ltr'>ιιιιιιι</span> <span class='ocrx_word' id='word_1_215' title='bbox 328 2404 474 2468; x_wconf 79' lang='lat' dir='ltr'><strong>proposuit,</strong></span> <span class='ocrx_word' id='word_1_216' title='bbox 492 2418 542 2466; x_wconf 91' lang='lat' dir='ltr'><strong>quo</strong></span> <span class='ocrx_word' id='word_1_217' title='bbox 559 2418 587 2453; x_wconf 87' lang='lat' dir='ltr'><strong>se</strong></span> <span class='ocrx_word' id='word_1_218' title='bbox 603 2403 760 2468; x_wconf 86' lang='lat' dir='ltr'><strong>provinciam</strong></span> <span class='ocrx_word' id='word_1_219' title='bbox 778 2401 884 2454; x_wconf 84' lang='lat' dir='ltr'><strong>Galliam</strong></span> <span class='ocrx_word' id='word_1_220' title='bbox 900 2405 926 2453; x_wconf 93' lang='lat' dir='ltr'><strong>iu</strong></span> <span class='ocrx_word' id='word_1_221' title='bbox 943 2402 970 2453; x_wconf 86' lang='lat' dir='ltr'>S.</span> <span class='ocrx_word' id='word_1_222' title='bbox 987 2404 1015 2452; x_wconf 87' lang='lat' dir='ltr'>P.</span> 
     </span>
     <span class='ocr_line' id='line_1_31' title="bbox 246 2469 1017 2551; baseline -0.001 -31"><span class='ocrx_word' id='word_1_223' title='bbox 246 2472 275 2530; x_wconf 83' lang='lat' dir='ltr'>Q.</span> <span class='ocrx_word' id='word_1_224' title='bbox 293 2470 325 2523; x_wconf 84' lang='lat' dir='ltr'><strong>Ii.</strong></span> <span class='ocrx_word' id='word_1_225' title='bbox 349 2478 475 2536; x_wconf 77' lang='lat' dir='ltr'><strong>potestate</strong></span> <span class='ocrx_word' id='word_1_226' title='bbox 496 2478 649 2521; x_wconf 86' lang='lat' dir='ltr'><strong>retenturum</strong></span> <span class='ocrx_word' id='word_1_227' title='bbox 671 2469 844 2551; x_wconf 75' lang='lat' dir='ltr'><strong>pollicebatur.</strong></span> <span class='ocrx_word' id='word_1_228' title='bbox 881 2471 967 2522; x_wconf 82' lang='lat' dir='ltr'><strong>Glaero</strong></span> <span class='ocrx_word' id='word_1_229' title='bbox 984 2471 1017 2521; x_wconf 88' lang='lat' dir='ltr'><strong>V.</strong></span> 
     </span>
     <span class='ocr_line' id='line_1_32' title="bbox 245 2537 1017 2598; baseline -0.004 -9"><span class='ocrx_word' id='word_1_230' title='bbox 245 2541 283 2589; x_wconf 92' lang='lat' dir='ltr'><strong>ld.</strong></span> <span class='ocrx_word' id='word_1_231' title='bbox 294 2537 355 2588; x_wconf 90' lang='lat' dir='ltr'><strong>Deo.</strong></span> <span class='ocrx_word' id='word_1_232' title='bbox 370 2540 403 2589; x_wconf 84' lang='lat' dir='ltr'><strong>ad</strong></span> <span class='ocrx_word' id='word_1_233' title='bbox 420 2539 513 2589; x_wconf 83' lang='lat' dir='ltr'><strong>Urbem</strong></span> <span class='ocrx_word' id='word_1_234' title='bbox 529 2539 612 2598; x_wconf 89' lang='lat' dir='ltr'><strong>rediit,</strong></span> <span class='ocrx_word' id='word_1_235' title='bbox 630 2553 686 2588; x_wconf 93' lang='lat' dir='ltr'><strong>cum</strong></span> <span class='ocrx_word' id='word_1_236' title='bbox 703 2540 763 2589; x_wconf 80' lang='lat' dir='ltr'><strong>novi</strong></span> <span class='ocrx_word' id='word_1_237' title='bbox 774 2540 868 2589; x_wconf 87' lang='lat' dir='ltr'><strong>tribuni</strong></span> <span class='ocrx_word' id='word_1_238' title='bbox 882 2540 949 2590; x_wconf 89' lang='lat' dir='ltr'><strong>Xlll.</strong></span> <span class='ocrx_word' id='word_1_239' title='bbox 962 2538 1017 2587; x_wconf 81' lang='lat' dir='ltr'><strong>liei.</strong></span> 
     </span>
     <span class='ocr_line' id='line_1_33' title="bbox 244 2608 1019 2672; baseline -0.008 -15"><span class='ocrx_word' id='word_1_240' title='bbox 244 2608 437 2661; x_wconf 77' lang='lat' dir='ltr'><strong>lensensium</strong></span> <span class='ocrx_word' id='word_1_241' title='bbox 460 2614 652 2666; x_wconf 83' lang='lat' dir='ltr'><strong>convocassent,</strong></span> <span class='ocrx_word' id='word_1_242' title='bbox 676 2608 731 2670; x_wconf 90' lang='lat' dir='ltr'><strong>ipse</strong></span> <span class='ocrx_word' id='word_1_243' title='bbox 748 2609 898 2657; x_wconf 75' lang='lat' dir='ltr'><strong>seutentiam</strong></span> <span class='ocrx_word' id='word_1_244' title='bbox 914 2615 1019 2672; x_wconf 85' lang='lat' dir='ltr'><strong>rogetus</strong></span> 
     </span>
     <span class='ocr_line' id='line_1_34' title="bbox 246 2672 1018 2738; baseline -0.011 -11"><span class='ocrx_word' id='word_1_245' title='bbox 246 2691 276 2727; x_wconf 83' lang='lat' dir='ltr'><strong>ea</strong></span> <span class='ocrx_word' id='word_1_246' title='bbox 293 2676 365 2737; x_wconf 79' lang='lat' dir='ltr'><strong>dlxit,</strong></span> <span class='ocrx_word' id='word_1_247' title='bbox 382 2691 447 2738; x_wconf 90' lang='lat' dir='ltr'><strong>quae</strong></span> <span class='ocrx_word' id='word_1_248' title='bbox 467 2674 612 2738; x_wconf 84' lang='lat' dir='ltr'><strong>complexus</strong></span> <span class='ocrx_word' id='word_1_249' title='bbox 630 2682 669 2722; x_wconf 86' lang='lat' dir='ltr'><strong>est</strong></span> <span class='ocrx_word' id='word_1_250' title='bbox 687 2674 827 2737; x_wconf 71' lang='lat' dir='ltr'><strong>Philippica</strong></span> <span class='ocrx_word' id='word_1_251' title='bbox 845 2676 930 2725; x_wconf 79' lang='lat' dir='ltr'><strong>tertia</strong></span> <span class='ocrx_word' id='word_1_252' title='bbox 956 2672 1018 2721; x_wconf 84' lang='lat' dir='ltr'><strong>Cen-</strong></span> 
     </span>
     <span class='ocr_line' id='line_1_35' title="bbox 246 2741 1017 2804; baseline -0.009 -11"><span class='ocrx_word' id='word_1_253' title='bbox 246 2745 297 2794; x_wconf 91' lang='lat' dir='ltr'><strong>suit</strong></span> <span class='ocrx_word' id='word_1_254' title='bbox 312 2751 397 2793; x_wconf 89' lang='lat' dir='ltr'><strong>autem</strong></span> <span class='ocrx_word' id='word_1_255' title='bbox 414 2760 455 2795; x_wconf 88' lang='lat' dir='ltr'><strong>res</strong></span> <span class='ocrx_word' id='word_1_256' title='bbox 473 2757 531 2803; x_wconf 90' lang='lat' dir='ltr'><strong>eas,</strong></span> <span class='ocrx_word' id='word_1_257' title='bbox 557 2756 620 2804; x_wconf 87' lang='lat' dir='ltr'><strong>ques</strong></span> <span class='ocrx_word' id='word_1_258' title='bbox 638 2741 731 2792; x_wconf 76' lang='lat' dir='ltr'><strong>Caesar</strong></span> <span class='ocrx_word' id='word_1_259' title='bbox 749 2743 898 2793; x_wconf 86' lang='lat' dir='ltr'><strong>adolescens</strong></span> <span class='ocrx_word' id='word_1_260' title='bbox 916 2741 1017 2804; x_wconf 81' lang='lat' dir='ltr'><strong>egisset,</strong></span> 
     </span>
     <span class='ocr_line' id='line_1_36' title="bbox 245 2809 1018 2877; baseline -0.007 -15"><span class='ocrx_word' id='word_1_261' title='bbox 245 2812 346 2877; x_wconf 88' lang='lat' dir='ltr'><strong>publica</strong></span> <span class='ocrx_word' id='word_1_262' title='bbox 363 2814 510 2863; x_wconf 86' lang='lat' dir='ltr'><strong>auctoritate</strong></span> <span class='ocrx_word' id='word_1_263' title='bbox 530 2809 722 2870; x_wconf 77' lang='lat' dir='ltr'><strong>confirmandas,</strong></span> <span class='ocrx_word' id='word_1_264' title='bbox 742 2810 865 2875; x_wconf 82' lang='lat' dir='ltr'><strong>legIones,</strong></span> <span class='ocrx_word' id='word_1_265' title='bbox 888 2823 952 2870; x_wconf 90' lang='lat' dir='ltr'><strong>quae</strong></span> <span class='ocrx_word' id='word_1_266' title='bbox 966 2810 1018 2857; x_wconf 79' lang='lat' dir='ltr'><strong>Au·</strong></span> 
     </span>
     <span class='ocr_line' id='line_1_37' title="bbox 247 2877 1017 2939; baseline -0.005 -10"><span class='ocrx_word' id='word_1_267' title='bbox 247 2882 342 2930; x_wconf 83' lang='lat' dir='ltr'><strong>tontum</strong></span> <span class='ocrx_word' id='word_1_268' title='bbox 358 2882 537 2939; x_wconf 87' lang='lat' dir='ltr'><strong>deseruissent,</strong></span> <span class='ocrx_word' id='word_1_269' title='bbox 555 2877 705 2937; x_wconf 86' lang='lat' dir='ltr'><strong>laudandus,</strong></span> <span class='ocrx_word' id='word_1_270' title='bbox 723 2879 785 2927; x_wconf 86' lang='lat' dir='ltr'><strong>Dec.</strong></span> <span class='ocrx_word' id='word_1_271' title='bbox 799 2877 912 2935; x_wconf 87' lang='lat' dir='ltr'><strong>Brutum,</strong></span> <span class='ocrx_word' id='word_1_272' title='bbox 932 2877 974 2938; x_wconf 88' lang='lat' dir='ltr'><strong>qui</strong></span> <span class='ocrx_word' id='word_1_273' title='bbox 989 2890 1017 2925; x_wconf 82' lang='grc' dir='ltr'><strong>ιι</strong></span> 
     </span>
     <span class='ocr_line' id='line_1_38' title="bbox 246 2942 1018 3011; baseline -0.008 -12"><span class='ocrx_word' id='word_1_274' title='bbox 246 2949 392 2999; x_wconf 72' lang='lat' dir='ltr'><strong>Antonium</strong></span> <span class='ocrx_word' id='word_1_275' title='bbox 405 2949 485 3000; x_wconf 79' lang='lat' dir='ltr'><strong>Galliis</strong></span> <span class='ocrx_word' id='word_1_276' title='bbox 500 2948 643 3004; x_wconf 86' lang='lat' dir='ltr'><strong>obiecisset,</strong></span> <span class='ocrx_word' id='word_1_277' title='bbox 655 2947 805 3011; x_wconf 78' lang='lat' dir='ltr'><strong>eruendum.</strong></span> <span class='ocrx_word' id='word_1_278' title='bbox 837 2942 920 2993; x_wconf 83' lang='lat' dir='ltr'><strong>SGto</strong></span> <span class='ocrx_word' id='word_1_279' title='bbox 914 2960 938 2994; x_wconf 91' lang='lat' dir='ltr'><strong>ru</strong></span> <span class='ocrx_word' id='word_1_280' title='bbox 953 2944 1018 2994; x_wconf 88' lang='lat' dir='ltr'><strong>hauc</strong></span> 
     </span>
     <span class='ocr_line' id='line_1_39' title="bbox 245 2978 1027 3092; baseline -0.005 -25"><span class='ocrx_word' id='word_1_281' title='bbox 245 3019 394 3067; x_wconf 85' lang='lat' dir='ltr'><strong>sententiam</strong></span> <span class='ocrx_word' id='word_1_282' title='bbox 417 3017 483 3067; x_wconf 87' lang='lat' dir='ltr'><strong>iacto</strong></span> <span class='ocrx_word' id='word_1_283' title='bbox 501 3014 587 3066; x_wconf 64' lang='lat' dir='ltr'><strong>(icero</strong></span> <span class='ocrx_word' id='word_1_284' title='bbox 615 3015 641 3064; x_wconf 91' lang='lat' dir='ltr'><strong>iu</strong></span> <span class='ocrx_word' id='word_1_285' title='bbox 659 3014 801 3063; x_wconf 87' lang='lat' dir='ltr'><strong>contionem</strong></span> <span class='ocrx_word' id='word_1_286' title='bbox 819 3012 954 3092; x_wconf 79' lang='lat' dir='ltr'><strong>productus</strong></span> <span class='ocrx_word' id='word_1_287' title='bbox 971 3029 1027 3078; x_wconf 85' lang='lat' dir='ltr'><strong>po-.</strong></span> <span class='ocrx_word' id='word_1_288' title='bbox 1024 2978 1027 3047; x_wconf 50' lang='lat'><em>7</em></span> 
     </span>
     <span class='ocr_line' id='line_1_40' title="bbox 245 3050 1088 3264; baseline -0.003 -129"><span class='ocrx_word' id='word_1_289' title='bbox 245 3086 314 3151; x_wconf 92' lang='lat' dir='ltr'><strong>pulo,</strong></span> <span class='ocrx_word' id='word_1_290' title='bbox 334 3100 399 3148; x_wconf 90' lang='lat' dir='ltr'><strong>quae</strong></span> <span class='ocrx_word' id='word_1_291' title='bbox 417 3095 473 3135; x_wconf 82' lang='lat' dir='ltr'><strong>acta</strong></span> <span class='ocrx_word' id='word_1_292' title='bbox 486 3093 511 3134; x_wconf 88' lang='lat' dir='ltr'><strong>et</strong></span> <span class='ocrx_word' id='word_1_293' title='bbox 525 3084 625 3133; x_wconf 84' lang='lat' dir='ltr'><strong>decreta</strong></span> <span class='ocrx_word' id='word_1_294' title='bbox 638 3081 732 3140; x_wconf 87' lang='lat' dir='ltr'><strong>esseut,</strong></span> <span class='ocrx_word' id='word_1_295' title='bbox 749 3081 867 3144; x_wconf 86' lang='lat' dir='ltr'><strong>exposuit</strong></span> <span class='ocrx_word' id='word_1_296' title='bbox 878 3050 1088 3264; x_wconf 62' lang='lat' dir='ltr'><strong>Plu&#39;it&#39;ppicai6⁴¹</strong></span> 
     </span>
    </p>
   </div>
   <div class='ocr_carea' id='block_1_3' title="bbox 81 3211 1088 3348">
    <p class='ocr_par' dir='ltr' id='par_1_3' title="bbox 81 3217 1018 3348">
     <span class='ocr_line' id='line_1_41' title="bbox 81 3217 790 3279; baseline -0.006 -7"><span class='ocrx_word' id='word_1_297' title='bbox 81 3217 131 3274; x_wconf 84' lang='lat' dir='ltr'><strong>Ill</strong></span> <span class='ocrx_word' id='word_1_298' title='bbox 174 3218 213 3275; x_wconf 63' lang='lat'><strong>43</strong></span> <span class='ocrx_word' id='word_1_299' title='bbox 246 3220 318 3272; x_wconf 74' lang='lat' dir='ltr'><strong>(loss.</strong></span> <span class='ocrx_word' id='word_1_300' title='bbox 354 3223 382 3273; x_wconf 83' lang='lat'>0.</span> <span class='ocrx_word' id='word_1_301' title='bbox 405 3222 494 3272; x_wconf 76' lang='lat' dir='ltr'><strong>Vibius</strong></span> <span class='ocrx_word' id='word_1_302' title='bbox 511 3221 608 3279; x_wconf 75' lang='lat' dir='ltr'><strong>Paciae,</strong></span> <span class='ocrx_word' id='word_1_303' title='bbox 626 3219 661 3268; x_wconf 81' lang='lat' dir='ltr'>A.</span> <span class='ocrx_word' id='word_1_304' title='bbox 681 3218 790 3268; x_wconf 75' lang='lat' dir='ltr'><strong>Hirtius.</strong></span> 
     </span>
     <span class='ocr_line' id='line_1_42' title="bbox 279 3211 1088 3348; baseline -0.007 -9"><span class='ocrx_word' id='word_1_305' title='bbox 279 3290 335 3343; x_wconf 86' lang='lat' dir='ltr'><strong>lIal.</strong></span> <span class='ocrx_word' id='word_1_306' title='bbox 352 3291 473 3339; x_wconf 86' lang='lat' dir='ltr'><strong>Ianuariis</strong></span> <span class='ocrx_word' id='word_1_307' title='bbox 491 3290 607 3339; x_wconf 86' lang='lat' dir='ltr'><strong>consules</strong></span> <span class='ocrx_word' id='word_1_308' title='bbox 625 3286 773 3336; x_wconf 87' lang='lat' dir='ltr'><strong>rettulerunt</strong></span> <span class='ocrx_word' id='word_1_309' title='bbox 789 3287 821 3336; x_wconf 90' lang='lat' dir='ltr'><strong>de</strong></span> <span class='ocrx_word' id='word_1_310' title='bbox 837 3288 955 3345; x_wconf 76' lang='lat' dir='ltr'><strong>Antonio,</strong></span> <span class='ocrx_word' id='word_1_311' title='bbox 975 3211 1088 3348; x_wconf 71' lang='lat' dir='ltr'><strong>qui6⁴¹</strong></span> 
     </span>
    </p>
   </div>
   <div class='ocr_carea' id='block_1_4' title="bbox 244 3354 1018 3493">
    <p class='ocr_par' dir='ltr' id='par_1_4' title="bbox 244 3354 1018 3493">
     <span class='ocr_line' id='line_1_43' title="bbox 244 3354 1018 3418; baseline -0.01 -10"><span class='ocrx_word' id='word_1_312' title='bbox 244 3358 349 3408; x_wconf 85' lang='lat' dir='ltr'><strong>Brutum</strong></span> <span class='ocrx_word' id='word_1_313' title='bbox 364 3358 476 3408; x_wconf 80' lang='lat' dir='ltr'><strong>Mutiuae</strong></span> <span class='ocrx_word' id='word_1_314' title='bbox 491 3356 698 3407; x_wconf 87' lang='lat' dir='ltr'><strong>circumsedebat.</strong></span> <span class='ocrx_word' id='word_1_315' title='bbox 725 3354 836 3418; x_wconf 79' lang='lat' dir='ltr'><strong>Cumque</strong></span> <span class='ocrx_word' id='word_1_316' title='bbox 851 3356 910 3406; x_wconf 84' lang='lat' dir='ltr'><strong>Plso</strong></span> <span class='ocrx_word' id='word_1_317' title='bbox 926 3356 1018 3415; x_wconf 78' lang='lat' dir='ltr'><strong>aliique</strong></span> 
     </span>
     <span class='ocr_line' id='line_1_44' title="bbox 244 3419 1018 3493; baseline -0.01 -17"><span class='ocrx_word' id='word_1_318' title='bbox 244 3427 343 3493; x_wconf 85' lang='lat' dir='ltr'><strong>legatos</strong></span> <span class='ocrx_word' id='word_1_319' title='bbox 365 3428 400 3476; x_wconf 82' lang='lat' dir='ltr'><strong>ad</strong></span> <span class='ocrx_word' id='word_1_320' title='bbox 422 3427 559 3477; x_wconf 77' lang='lat' dir='ltr'><strong>Antonium</strong></span> <span class='ocrx_word' id='word_1_321' title='bbox 582 3424 719 3474; x_wconf 86' lang='lat' dir='ltr'><strong>mittendos</strong></span> <span class='ocrx_word' id='word_1_322' title='bbox 735 3425 907 3481; x_wconf 88' lang='lat' dir='ltr'><strong>censuissent,</strong></span> <span class='ocrx_word' id='word_1_323' title='bbox 930 3419 1018 3471; x_wconf 86' lang='lat' dir='ltr'><strong>habuit</strong></span> 
     </span>
    </p>
   </div>
   <div class='ocr_carea' id='block_1_5' title="bbox 0 0 1174 3788">
    <p class='ocr_par' dir='ltr' id='par_1_5' title="bbox 0 0 1174 3788">
     <span class='ocr_line' id='line_1_45' title="bbox 0 0 1174 3788; baseline 0 2"><span class='ocrx_word' id='word_1_324' title='bbox 0 0 1174 3788; x_wconf 95' lang='lat' dir='ltr'><strong> </strong></span> 
     </span>
    </p>
   </div>
  </div>
 </body>
</html>
