<?xml version="1.0" encoding="UTF-8"?>
<!DOCTYPE html PUBLIC "-//W3C//DTD XHTML 1.0 Transitional//EN"
    "http://www.w3.org/TR/xhtml1/DTD/xhtml1-transitional.dtd">
<html xmlns="http://www.w3.org/1999/xhtml" xml:lang="en" lang="en">
 <head>
  <title>
</title>
<meta http-equiv="Content-Type" content="text/html;charset=utf-8" />
  <meta name='ocr-system' content='tesseract 3.04.00' />
  <meta name='ocr-capabilities' content='ocr_page ocr_carea ocr_par ocr_line ocrx_word'/>
</head>
<body>
  <div class='ocr_page' id='page_1' title='image "./orationesselect01cicegoog/orationesselect01cicegoog_0378.png"; bbox 0 0 2340 3788; ppageno 0'>
   <div class='ocr_carea' id='block_1_1' title="bbox 425 199 1112 272">
    <p class='ocr_par' dir='ltr' id='par_1_1' title="bbox 425 199 1112 272">
     <span class='ocr_line' id='line_1_1' title="bbox 425 199 1112 272; baseline 0 -12"><span class='ocrx_word' id='word_1_1' title='bbox 425 199 506 260; x_wconf 81' lang='lat' dir='ltr'>CAP.</span> <span class='ocrx_word' id='word_1_2' title='bbox 524 207 619 268; x_wconf 66' lang='lat' dir='ltr'><strong>1-,-s.</strong></span> <span class='ocrx_word' id='word_1_3' title='bbox 640 204 667 268; x_wconf 56' lang='lat'><strong>§.⁴</strong></span> <span class='ocrx_word' id='word_1_4' title='bbox 685 208 781 264; x_wconf 82' lang='grc'><strong>1-7.</strong></span> <span class='ocrx_word' id='word_1_5' title='bbox 1049 204 1112 272; x_wconf 76' lang='grc'><strong>843</strong></span> 
     </span>
    </p>
   </div>
   <div class='ocr_carea' id='block_1_2' title="bbox 80 347 1169 3470">
    <p class='ocr_par' dir='ltr' id='par_1_2' title="bbox 80 347 1117 2810">
     <span class='ocr_line' id='line_1_2' title="bbox 86 347 1114 423; baseline 0.007 -15"><span class='ocrx_word' id='word_1_6' title='bbox 86 350 114 408; x_wconf 92' lang='lat' dir='ltr'><strong>si</strong></span> <span class='ocrx_word' id='word_1_7' title='bbox 130 347 262 422; x_wconf 90' lang='lat' dir='ltr'><strong>denique</strong></span> <span class='ocrx_word' id='word_1_8' title='bbox 283 364 424 422; x_wconf 84' lang='lat' dir='ltr'><strong>umquam</strong></span> <span class='ocrx_word' id='word_1_9' title='bbox 447 351 533 409; x_wconf 90' lang='lat' dir='ltr'><strong>locus</strong></span> <span class='ocrx_word' id='word_1_10' title='bbox 557 348 812 423; x_wconf 90' lang='lat' dir='ltr'><strong>amplissimorum</strong></span> <span class='ocrx_word' id='word_1_11' title='bbox 834 350 972 412; x_wconf 85' lang='lat' dir='ltr'>ordinum</span> <span class='ocrx_word' id='word_1_12' title='bbox 989 354 1114 416; x_wconf 90' lang='lat' dir='ltr'><strong>delectis</strong></span> 
     </span>
     <span class='ocr_line' id='line_1_3' title="bbox 85 431 1115 512; baseline 0.01 -24"><span class='ocrx_word' id='word_1_13' title='bbox 85 431 160 489; x_wconf 81' lang='lat' dir='ltr'><strong>viris</strong></span> <span class='ocrx_word' id='word_1_14' title='bbox 176 432 265 490; x_wconf 90' lang='lat' dir='ltr'><strong>datus</strong></span> <span class='ocrx_word' id='word_1_15' title='bbox 281 439 335 502; x_wconf 89' lang='lat' dir='ltr'><strong>est,</strong></span> <span class='ocrx_word' id='word_1_16' title='bbox 351 440 384 492; x_wconf 92' lang='lat' dir='ltr'><strong>ut</strong></span> <span class='ocrx_word' id='word_1_17' title='bbox 396 448 451 490; x_wconf 92' lang='lat' dir='ltr'><strong>sua</strong></span> <span class='ocrx_word' id='word_1_18' title='bbox 463 431 563 491; x_wconf 90' lang='lat' dir='ltr'><strong>studia</strong></span> <span class='ocrx_word' id='word_1_19' title='bbox 576 447 648 505; x_wconf 85' lang='lat' dir='ltr'><strong>erga</strong></span> <span class='ocrx_word' id='word_1_20' title='bbox 664 432 758 490; x_wconf 86' lang='lat' dir='ltr'><strong>fortes</strong></span> <span class='ocrx_word' id='word_1_21' title='bbox 770 440 801 491; x_wconf 90' lang='lat' dir='ltr'><strong>et</strong></span> <span class='ocrx_word' id='word_1_22' title='bbox 815 433 915 492; x_wconf 87' lang='lat' dir='ltr'><strong>bonos</strong></span> <span class='ocrx_word' id='word_1_23' title='bbox 927 435 1019 507; x_wconf 86' lang='lat' dir='ltr'><strong>cives,</strong></span> <span class='ocrx_word' id='word_1_24' title='bbox 1034 455 1115 512; x_wconf 89' lang='lat' dir='ltr'><strong>quae</strong></span> 
     </span>
     <span class='ocr_line' id='line_1_4' title="bbox 86 513 1112 588; baseline 0.007 -17"><span class='ocrx_word' id='word_1_25' title='bbox 86 516 171 572; x_wconf 90' lang='lat' dir='ltr'><strong>vultu</strong></span> <span class='ocrx_word' id='word_1_26' title='bbox 186 521 216 573; x_wconf 93' lang='lat' dir='ltr'><strong>et</strong></span> <span class='ocrx_word' id='word_1_27' title='bbox 230 513 332 572; x_wconf 89' lang='lat' dir='ltr'><strong>verbis</strong></span> <span class='ocrx_word' id='word_1_28' title='bbox 349 529 442 588; x_wconf 85' lang='lat' dir='ltr'><strong>saepe</strong></span> <span class='ocrx_word' id='word_1_29' title='bbox 460 513 698 588; x_wconf 84' lang='lat' dir='ltr'><strong>significassent,</strong></span> <span class='ocrx_word' id='word_1_30' title='bbox 712 529 746 571; x_wconf 91' lang='lat' dir='ltr'><strong>rc</strong></span> <span class='ocrx_word' id='word_1_31' title='bbox 760 522 790 572; x_wconf 88' lang='lat' dir='ltr'><strong>ct</strong></span> <span class='ocrx_word' id='word_1_32' title='bbox 805 516 961 574; x_wconf 67' lang='lat' dir='ltr'><strong>sententiis</strong></span> <span class='ocrx_word' id='word_1_33' title='bbox 977 519 1112 580; x_wconf 88' lang='lat' dir='ltr'><strong>declara·</strong></span> 
     </span>
     <span class='ocr_line' id='line_1_5' title="bbox 85 595 1113 671; baseline 0.008 -17"><span class='ocrx_word' id='word_1_34' title='bbox 85 605 167 666; x_wconf 87' lang='lat' dir='ltr'><strong>rent,</strong></span> <span class='ocrx_word' id='word_1_35' title='bbox 188 595 247 654; x_wconf 89' lang='lat' dir='ltr'><strong>hoc</strong></span> <span class='ocrx_word' id='word_1_36' title='bbox 271 597 406 671; x_wconf 86' lang='lat' dir='ltr'><strong>prolecto</strong></span> <span class='ocrx_word' id='word_1_37' title='bbox 421 603 558 670; x_wconf 85' lang='lat' dir='ltr'><strong>tempore</strong></span> <span class='ocrx_word' id='word_1_38' title='bbox 575 609 641 655; x_wconf 91' lang='lat' dir='ltr'><strong>eam</strong></span> <span class='ocrx_word' id='word_1_39' title='bbox 656 602 837 669; x_wconf 85' lang='lat' dir='ltr'><strong>potestatem</strong></span> <span class='ocrx_word' id='word_1_40' title='bbox 853 613 972 656; x_wconf 89' lang='lat' dir='ltr'><strong>omnem</strong></span> <span class='ocrx_word' id='word_1_41' title='bbox 989 616 1043 659; x_wconf 87' lang='lat' dir='ltr'><strong>vos</strong></span> <span class='ocrx_word' id='word_1_42' title='bbox 1060 602 1113 662; x_wconf 91' lang='lat' dir='ltr'><strong>ha·</strong></span> 
     </span>
     <span class='ocr_line' id='line_1_6' title="bbox 85 676 1113 753; baseline 0.008 -17"><span class='ocrx_word' id='word_1_43' title='bbox 85 678 179 748; x_wconf 88' lang='lat' dir='ltr'><strong>betis,</strong></span> <span class='ocrx_word' id='word_1_44' title='bbox 196 686 228 736; x_wconf 94' lang='lat' dir='ltr'><strong>ut</strong></span> <span class='ocrx_word' id='word_1_45' title='bbox 245 678 381 739; x_wconf 87' lang='lat' dir='ltr'><strong>statuatis</strong></span> <span class='ocrx_word' id='word_1_46' title='bbox 396 685 493 737; x_wconf 89' lang='lat' dir='ltr'><strong>utrum</strong></span> <span class='ocrx_word' id='word_1_47' title='bbox 504 694 575 747; x_wconf 87' lang='lat' dir='ltr'><strong>nos,</strong></span> <span class='ocrx_word' id='word_1_48' title='bbox 602 676 653 751; x_wconf 88' lang='lat' dir='ltr'><strong>qui</strong></span> <span class='ocrx_word' id='word_1_49' title='bbox 670 694 792 753; x_wconf 85' lang='lat' dir='ltr'><strong>semper</strong></span> <span class='ocrx_word' id='word_1_50' title='bbox 808 688 927 738; x_wconf 88' lang='lat' dir='ltr'><strong>vestrae</strong></span> <span class='ocrx_word' id='word_1_51' title='bbox 945 684 1113 744; x_wconf 77' lang='lat' dir='ltr'>auctoritati</span> 
     </span>
     <span class='ocr_line' id='line_1_7' title="bbox 86 759 1113 838; baseline 0.004 -20"><span class='ocrx_word' id='word_1_52' title='bbox 86 761 178 820; x_wconf 89' lang='lat' dir='ltr'><strong>dediti</strong></span> <span class='ocrx_word' id='word_1_53' title='bbox 196 760 322 832; x_wconf 89' lang='lat' dir='ltr'><strong>luimus,</strong></span> <span class='ocrx_word' id='word_1_54' title='bbox 347 776 468 833; x_wconf 84' lang='lat' dir='ltr'><strong>semper</strong></span> <span class='ocrx_word' id='word_1_55' title='bbox 483 759 586 819; x_wconf 85' lang='lat' dir='ltr'><strong>miseri</strong></span> <span class='ocrx_word' id='word_1_56' title='bbox 600 761 758 833; x_wconf 82' lang='lat' dir='ltr'><strong>lugeamus</strong></span> <span class='ocrx_word' id='word_1_57' title='bbox 774 777 813 818; x_wconf 89' lang='lat' dir='ltr'><strong>an</strong></span> <span class='ocrx_word' id='word_1_58' title='bbox 831 760 883 820; x_wconf 92' lang='lat' dir='ltr'><strong>diu</strong></span> <span class='ocrx_word' id='word_1_59' title='bbox 900 764 1000 821; x_wconf 84' lang='lat' dir='ltr'><strong>vexati</strong></span> <span class='ocrx_word' id='word_1_60' title='bbox 1013 780 1030 821; x_wconf 93' lang='lat' dir='ltr'><strong>a</strong></span> <span class='ocrx_word' id='word_1_61' title='bbox 1044 781 1113 838; x_wconf 87' lang='lat' dir='ltr'><strong>pcr-</strong></span> 
     </span>
     <span class='ocr_line' id='line_1_8' title="bbox 85 842 1112 919; baseline 0.004 -18"><span class='ocrx_word' id='word_1_62' title='bbox 85 842 241 902; x_wconf 90' lang='lat' dir='ltr'><strong>ditissimis</strong></span> <span class='ocrx_word' id='word_1_63' title='bbox 264 843 382 902; x_wconf 91' lang='lat' dir='ltr'><strong>civibus</strong></span> <span class='ocrx_word' id='word_1_64' title='bbox 403 842 567 916; x_wconf 88' lang='lat' dir='ltr'><strong>aliquando</strong></span> <span class='ocrx_word' id='word_1_65' title='bbox 589 858 717 915; x_wconf 87' lang='lat' dir='ltr'><strong>parvos</strong></span> <span class='ocrx_word' id='word_1_66' title='bbox 738 858 774 901; x_wconf 89' lang='lat' dir='ltr'><strong>aa</strong></span> <span class='ocrx_word' id='word_1_67' title='bbox 797 859 852 916; x_wconf 91' lang='lat' dir='ltr'><strong>per</strong></span> <span class='ocrx_word' id='word_1_68' title='bbox 866 850 998 902; x_wconf 89' lang='lat' dir='ltr'><strong>vestram</strong></span> <span class='ocrx_word' id='word_1_69' title='bbox 1013 846 1112 919; x_wconf 85' lang='lat' dir='ltr'><strong>fidem,</strong></span> 
     </span>
     <span class='ocr_line' id='line_1_9' title="bbox 84 923 1112 999; baseline 0.005 -17"><span class='ocrx_word' id='word_1_70' title='bbox 84 925 223 985; x_wconf 86' lang='lat' dir='ltr'><strong>virtutem</strong></span> <span class='ocrx_word' id='word_1_71' title='bbox 238 925 477 999; x_wconf 76' lang='lat' dir='ltr'><strong>sapientiamque</strong></span> <span class='ocrx_word' id='word_1_72' title='bbox 491 940 671 983; x_wconf 89' lang='lat' dir='ltr'><strong>recreemur.</strong></span> <span class='ocrx_word' id='word_1_73' title='bbox 700 923 729 986; x_wconf 85' lang='lat'><strong>5.</strong></span> <span class='ocrx_word' id='word_1_74' title='bbox 749 925 826 997; x_wconf 80' lang='lat' dir='ltr'><strong>Quid</strong></span> <span class='ocrx_word' id='word_1_75' title='bbox 843 925 923 984; x_wconf 91' lang='lat' dir='ltr'><strong>enim</strong></span> <span class='ocrx_word' id='word_1_76' title='bbox 936 926 1024 985; x_wconf 90' lang='lat' dir='ltr'><strong>nobis</strong></span> <span class='ocrx_word' id='word_1_77' title='bbox 1037 928 1112 987; x_wconf 89' lang='lat' dir='ltr'><strong>duo·</strong></span> 
     </span>
     <span class='ocr_line' id='line_1_10' title="bbox 83 1006 1112 1081; baseline 0.003 -17"><span class='ocrx_word' id='word_1_78' title='bbox 83 1011 151 1078; x_wconf 79' lang='lat' dir='ltr'><strong>buS,</strong></span> <span class='ocrx_word' id='word_1_79' title='bbox 168 1007 295 1077; x_wconf 89' lang='lat' dir='ltr'><strong>iudices,</strong></span> <span class='ocrx_word' id='word_1_80' title='bbox 315 1006 507 1078; x_wconf 83' lang='lat' dir='ltr'><strong>laboriosius,</strong></span> <span class='ocrx_word' id='word_1_81' title='bbox 524 1006 597 1081; x_wconf 86' lang='lat' dir='ltr'><strong>quid</strong></span> <span class='ocrx_word' id='word_1_82' title='bbox 611 1006 708 1081; x_wconf 90' lang='lat' dir='ltr'><strong>magis</strong></span> <span class='ocrx_word' id='word_1_83' title='bbox 725 1007 895 1078; x_wconf 87' lang='lat' dir='ltr'><strong>sollicitum,</strong></span> <span class='ocrx_word' id='word_1_84' title='bbox 913 1008 1009 1080; x_wconf 85' lang='lat' dir='ltr'><strong>magis</strong></span> <span class='ocrx_word' id='word_1_85' title='bbox 1026 1026 1112 1069; x_wconf 84' lang='lat' dir='ltr'><strong>exer-</strong></span> 
     </span>
     <span class='ocr_line' id='line_1_11' title="bbox 85 1088 1113 1164; baseline 0.003 -16"><span class='ocrx_word' id='word_1_86' title='bbox 85 1090 176 1148; x_wconf 90' lang='lat' dir='ltr'><strong>citum</strong></span> <span class='ocrx_word' id='word_1_87' title='bbox 196 1089 255 1147; x_wconf 88' lang='lat' dir='ltr'><strong>dici</strong></span> <span class='ocrx_word' id='word_1_88' title='bbox 271 1097 324 1148; x_wconf 90' lang='lat' dir='ltr'><strong>aut</strong></span> <span class='ocrx_word' id='word_1_89' title='bbox 336 1089 410 1163; x_wconf 91' lang='lat' dir='ltr'><strong>fingi</strong></span> <span class='ocrx_word' id='word_1_90' title='bbox 425 1098 541 1163; x_wconf 90' lang='lat' dir='ltr'><strong>potest,</strong></span> <span class='ocrx_word' id='word_1_91' title='bbox 565 1088 616 1162; x_wconf 89' lang='lat' dir='ltr'><strong>qui</strong></span> <span class='ocrx_word' id='word_1_92' title='bbox 637 1106 694 1163; x_wconf 91' lang='lat' dir='ltr'><strong>spe</strong></span> <span class='ocrx_word' id='word_1_93' title='bbox 714 1088 967 1163; x_wconf 88' lang='lat' dir='ltr'><strong>amplissimorum</strong></span> <span class='ocrx_word' id='word_1_94' title='bbox 985 1091 1113 1164; x_wconf 81' lang='lat' dir='ltr'><strong>praenii-</strong></span> 
     </span>
     <span class='ocr_line' id='line_1_12' title="bbox 85 1171 1112 1248; baseline 0.001 -16"><span class='ocrx_word' id='word_1_95' title='bbox 85 1188 171 1232; x_wconf 92' lang='lat' dir='ltr'><strong>orum</strong></span> <span class='ocrx_word' id='word_1_96' title='bbox 192 1172 231 1229; x_wconf 90' lang='lat' dir='ltr'><strong>ad</strong></span> <span class='ocrx_word' id='word_1_97' title='bbox 253 1171 481 1245; x_wconf 87' lang='lat' dir='ltr'><strong>rempublicam</strong></span> <span class='ocrx_word' id='word_1_98' title='bbox 504 1171 626 1231; x_wconf 91' lang='lat' dir='ltr'><strong>adducti</strong></span> <span class='ocrx_word' id='word_1_99' title='bbox 649 1181 730 1232; x_wconf 90' lang='lat' dir='ltr'><strong>metu</strong></span> <span class='ocrx_word' id='word_1_100' title='bbox 746 1172 1024 1232; x_wconf 79' lang='lat' dir='ltr'><strong>crudelissimorum</strong></span> <span class='ocrx_word' id='word_1_101' title='bbox 1040 1191 1112 1248; x_wconf 90' lang='lat' dir='ltr'><strong>sup·</strong></span> 
     </span>
     <span class='ocr_line' id='line_1_13' title="bbox 84 1254 1113 1330; baseline 0.006 -20"><span class='ocrx_word' id='word_1_102' title='bbox 84 1254 243 1327; x_wconf 87' lang='lat' dir='ltr'><strong>pliciorum</strong></span> <span class='ocrx_word' id='word_1_103' title='bbox 259 1269 362 1313; x_wconf 88' lang='lat' dir='ltr'><strong>carcre</strong></span> <span class='ocrx_word' id='word_1_104' title='bbox 387 1270 447 1312; x_wconf 93' lang='lat' dir='ltr'><strong>non</strong></span> <span class='ocrx_word' id='word_1_105' title='bbox 468 1261 653 1328; x_wconf 68' lang='lat' dir='ltr'><strong>possumus?</strong></span> <span class='ocrx_word' id='word_1_106' title='bbox 673 1254 821 1329; x_wconf 86' lang='lat' dir='ltr'><strong>Equidem</strong></span> <span class='ocrx_word' id='word_1_107' title='bbox 841 1264 976 1314; x_wconf 89' lang='lat' dir='ltr'><strong>caeteras</strong></span> <span class='ocrx_word' id='word_1_108' title='bbox 998 1263 1113 1330; x_wconf 90' lang='lat' dir='ltr'><strong>tempe·</strong></span> 
     </span>
     <span class='ocr_line' id='line_1_14' title="bbox 84 1335 1112 1410; baseline 0.004 -15"><span class='ocrx_word' id='word_1_109' title='bbox 84 1344 178 1395; x_wconf 92' lang='lat' dir='ltr'><strong>states</strong></span> <span class='ocrx_word' id='word_1_110' title='bbox 193 1345 223 1395; x_wconf 91' lang='lat' dir='ltr'><strong>et</strong></span> <span class='ocrx_word' id='word_1_111' title='bbox 237 1337 387 1410; x_wconf 87' lang='lat' dir='ltr'><strong>procellas</strong></span> <span class='ocrx_word' id='word_1_112' title='bbox 402 1337 433 1396; x_wconf 92' lang='lat' dir='ltr'><strong>in</strong></span> <span class='ocrx_word' id='word_1_113' title='bbox 447 1335 506 1396; x_wconf 91' lang='lat' dir='ltr'><strong>illis</strong></span> <span class='ocrx_word' id='word_1_114' title='bbox 519 1338 673 1396; x_wconf 89' lang='lat' dir='ltr'><strong>dumtaxat</strong></span> <span class='ocrx_word' id='word_1_115' title='bbox 682 1337 825 1397; x_wconf 90' lang='lat' dir='ltr'><strong>lluctibus</strong></span> <span class='ocrx_word' id='word_1_116' title='bbox 846 1337 1018 1398; x_wconf 90' lang='lat' dir='ltr'><strong>contionum</strong></span> <span class='ocrx_word' id='word_1_117' title='bbox 1033 1355 1112 1398; x_wconf 91' lang='lat' dir='ltr'><strong>sem·</strong></span> 
     </span>
     <span class='ocr_line' id='line_1_15' title="bbox 83 1417 1112 1494; baseline 0.004 -17"><span class='ocrx_word' id='word_1_118' title='bbox 83 1435 139 1492; x_wconf 93' lang='lat' dir='ltr'><strong>per</strong></span> <span class='ocrx_word' id='word_1_119' title='bbox 160 1417 263 1490; x_wconf 92' lang='lat' dir='ltr'><strong>putavi</strong></span> <span class='ocrx_word' id='word_1_120' title='bbox 277 1419 381 1488; x_wconf 78' lang='lat' dir='ltr'><strong>ltljloni</strong></span> <span class='ocrx_word' id='word_1_121' title='bbox 401 1435 473 1479; x_wconf 90' lang='lat' dir='ltr'><strong>csse</strong></span> <span class='ocrx_word' id='word_1_122' title='bbox 498 1421 686 1492; x_wconf 88' lang='lat' dir='ltr'><strong>subeundas,</strong></span> <span class='ocrx_word' id='word_1_123' title='bbox 709 1419 780 1494; x_wconf 91' lang='lat' dir='ltr'><strong>quia</strong></span> <span class='ocrx_word' id='word_1_124' title='bbox 800 1436 921 1494; x_wconf 87' lang='lat' dir='ltr'><strong>semper</strong></span> <span class='ocrx_word' id='word_1_125' title='bbox 945 1436 999 1494; x_wconf 90' lang='lat' dir='ltr'><strong>pro</strong></span> <span class='ocrx_word' id='word_1_126' title='bbox 1022 1421 1112 1482; x_wconf 91' lang='lat' dir='ltr'><strong>bonis</strong></span> 
     </span>
     <span class='ocr_line' id='line_1_16' title="bbox 82 1501 1111 1577; baseline 0.003 -17"><span class='ocrx_word' id='word_1_127' title='bbox 82 1510 187 1560; x_wconf 89' lang='lat' dir='ltr'><strong>contra</strong></span> <span class='ocrx_word' id='word_1_128' title='bbox 201 1501 357 1575; x_wconf 91' lang='lat' dir='ltr'><strong>improbos</strong></span> <span class='ocrx_word' id='word_1_129' title='bbox 375 1509 526 1574; x_wconf 86' lang='lat' dir='ltr'><strong>senserat,</strong></span> <span class='ocrx_word' id='word_1_130' title='bbox 550 1504 580 1561; x_wconf 95' lang='lat' dir='ltr'><strong>in</strong></span> <span class='ocrx_word' id='word_1_131' title='bbox 601 1502 712 1562; x_wconf 90' lang='lat' dir='ltr'><strong>iudicio</strong></span> <span class='ocrx_word' id='word_1_132' title='bbox 736 1518 808 1563; x_wconf 92' lang='lat' dir='ltr'><strong>vcro</strong></span> <span class='ocrx_word' id='word_1_133' title='bbox 830 1510 860 1562; x_wconf 90' lang='lat' dir='ltr'><strong>et</strong></span> <span class='ocrx_word' id='word_1_134' title='bbox 875 1503 904 1561; x_wconf 95' lang='lat' dir='ltr'><strong>in</strong></span> <span class='ocrx_word' id='word_1_135' title='bbox 921 1519 957 1562; x_wconf 95' lang='lat' dir='ltr'><strong>eo</strong></span> <span class='ocrx_word' id='word_1_136' title='bbox 973 1503 1111 1577; x_wconf 85' lang='lat' dir='ltr'><strong>consilio,</strong></span> 
     </span>
     <span class='ocr_line' id='line_1_17' title="bbox 81 1583 1107 1658; baseline 0.004 -17"><span class='ocrx_word' id='word_1_137' title='bbox 81 1584 110 1641; x_wconf 88' lang='lat' dir='ltr'><strong>in</strong></span> <span class='ocrx_word' id='word_1_138' title='bbox 128 1600 188 1657; x_wconf 88' lang='lat' dir='ltr'><strong>quo</strong></span> <span class='ocrx_word' id='word_1_139' title='bbox 205 1599 244 1642; x_wconf 89' lang='lat' dir='ltr'><strong>ex</strong></span> <span class='ocrx_word' id='word_1_140' title='bbox 260 1585 377 1644; x_wconf 90' lang='lat' dir='ltr'><strong>cunctis</strong></span> <span class='ocrx_word' id='word_1_141' title='bbox 394 1584 552 1644; x_wconf 89' lang='lat' dir='ltr'><strong>ordinibus</strong></span> <span class='ocrx_word' id='word_1_142' title='bbox 567 1584 746 1658; x_wconf 88' lang='lat' dir='ltr'><strong>amplissimi</strong></span> <span class='ocrx_word' id='word_1_143' title='bbox 762 1583 817 1642; x_wconf 87' lang='lat' dir='ltr'><strong>viri</strong></span> <span class='ocrx_word' id='word_1_144' title='bbox 832 1584 1008 1657; x_wconf 90' lang='lat' dir='ltr'><strong>indicarent,</strong></span> <span class='ocrx_word' id='word_1_145' title='bbox 1024 1603 1107 1647; x_wconf 90' lang='lat' dir='ltr'><strong>num·</strong></span> 
     </span>
     <span class='ocr_line' id='line_1_18' title="bbox 83 1665 1110 1740; baseline 0.005 -17"><span class='ocrx_word' id='word_1_146' title='bbox 83 1682 171 1739; x_wconf 90' lang='lat' dir='ltr'><strong>quam</strong></span> <span class='ocrx_word' id='word_1_147' title='bbox 188 1665 359 1725; x_wconf 85' lang='lat' dir='ltr'><strong>existimavi</strong></span> <span class='ocrx_word' id='word_1_148' title='bbox 372 1684 458 1740; x_wconf 91' lang='lat' dir='ltr'><strong>spem</strong></span> <span class='ocrx_word' id='word_1_149' title='bbox 475 1668 565 1726; x_wconf 92' lang='lat' dir='ltr'><strong>ullam</strong></span> <span class='ocrx_word' id='word_1_150' title='bbox 581 1682 651 1725; x_wconf 89' lang='lat' dir='ltr'><strong>esse</strong></span> <span class='ocrx_word' id='word_1_151' title='bbox 662 1667 820 1725; x_wconf 92' lang='lat' dir='ltr'><strong>habituros</strong></span> <span class='ocrx_word' id='word_1_152' title='bbox 834 1667 955 1725; x_wconf 90' lang='lat' dir='ltr'><strong>llllilonis</strong></span> <span class='ocrx_word' id='word_1_153' title='bbox 972 1669 1110 1728; x_wconf 86' lang='lat' dir='ltr'><strong>inimicos</strong></span> 
     </span>
     <span class='ocr_line' id='line_1_19' title="bbox 82 1746 1110 1821; baseline 0.002 -15"><span class='ocrx_word' id='word_1_154' title='bbox 82 1749 121 1806; x_wconf 90' lang='lat' dir='ltr'><strong>ad</strong></span> <span class='ocrx_word' id='word_1_155' title='bbox 134 1746 200 1806; x_wconf 89' lang='lat' dir='ltr'><strong>eius</strong></span> <span class='ocrx_word' id='word_1_156' title='bbox 213 1764 274 1807; x_wconf 94' lang='lat' dir='ltr'><strong>non</strong></span> <span class='ocrx_word' id='word_1_157' title='bbox 286 1749 381 1808; x_wconf 92' lang='lat' dir='ltr'><strong>modo.</strong></span> <span class='ocrx_word' id='word_1_158' title='bbox 391 1751 518 1808; x_wconf 91' lang='lat' dir='ltr'><strong>salutem</strong></span> <span class='ocrx_word' id='word_1_159' title='bbox 530 1748 792 1820; x_wconf 81' lang='lat' dir='ltr'><strong>exstinguendam,</strong></span> <span class='ocrx_word' id='word_1_160' title='bbox 810 1748 969 1807; x_wconf 90' lang='lat' dir='ltr'><strong>sedetiam</strong></span> <span class='ocrx_word' id='word_1_161' title='bbox 985 1750 1110 1821; x_wconf 81' lang='lat' dir='ltr'><strong>gloriam</strong></span> 
     </span>
     <span class='ocr_line' id='line_1_20' title="bbox 82 1828 1107 1908; baseline 0.002 -20"><span class='ocrx_word' id='word_1_162' title='bbox 82 1846 137 1904; x_wconf 89' lang='lat' dir='ltr'><strong>per</strong></span> <span class='ocrx_word' id='word_1_163' title='bbox 156 1831 232 1888; x_wconf 88' lang='lat' dir='ltr'><strong>tales</strong></span> <span class='ocrx_word' id='word_1_164' title='bbox 252 1828 336 1888; x_wconf 88' lang='lat' dir='ltr'><strong>viros</strong></span> <span class='ocrx_word' id='word_1_165' title='bbox 359 1829 591 1902; x_wconf 80' lang='lat' dir='ltr'><strong>infringendam.</strong></span> <span class='ocrx_word' id='word_1_166' title='bbox 634 1829 663 1888; x_wconf 90' lang='lat'><strong>6.</strong></span> <span class='ocrx_word' id='word_1_167' title='bbox 679 1829 867 1908; x_wconf 82' lang='lat' dir='ltr'><strong>Quamquam</strong></span> <span class='ocrx_word' id='word_1_168' title='bbox 883 1828 913 1886; x_wconf 91' lang='lat' dir='ltr'><strong>in</strong></span> <span class='ocrx_word' id='word_1_169' title='bbox 929 1829 987 1887; x_wconf 90' lang='lat' dir='ltr'><strong>hac</strong></span> <span class='ocrx_word' id='word_1_170' title='bbox 1005 1847 1107 1903; x_wconf 83' lang='lat' dir='ltr'><strong>causa,</strong></span> 
     </span>
     <span class='ocr_line' id='line_1_21' title="bbox 81 1909 1110 1984; baseline 0 -14"><span class='ocrx_word' id='word_1_171' title='bbox 81 1910 214 1981; x_wconf 90' lang='lat' dir='ltr'><strong>iudices,</strong></span> <span class='ocrx_word' id='word_1_172' title='bbox 235 1911 268 1969; x_wconf 85' lang='grc' dir='ltr'><strong>Τ.</strong></span> <span class='ocrx_word' id='word_1_173' title='bbox 289 1909 380 1968; x_wconf 82' lang='lat' dir='ltr'><strong>Annii</strong></span> <span class='ocrx_word' id='word_1_174' title='bbox 407 1911 573 1980; x_wconf 91' lang='lat' dir='ltr'><strong>tribunatu,</strong></span> <span class='ocrx_word' id='word_1_175' title='bbox 594 1911 686 1970; x_wconf 87' lang='lat' dir='ltr'><strong>rebus</strong></span> <span class='ocrx_word' id='word_1_176' title='bbox 701 1909 841 1970; x_wconf 88' lang='lat' dir='ltr'><strong>omnibus</strong></span> <span class='ocrx_word' id='word_1_177' title='bbox 867 1927 921 1984; x_wconf 89' lang='lat' dir='ltr'><strong>pro</strong></span> <span class='ocrx_word' id='word_1_178' title='bbox 950 1912 1046 1972; x_wconf 88' lang='lat' dir='ltr'><strong>salute</strong></span> <span class='ocrx_word' id='word_1_179' title='bbox 1065 1911 1110 1971; x_wconf 84' lang='lat' dir='ltr'><strong>rei</strong></span> 
     </span>
     <span class='ocr_line' id='line_1_22' title="bbox 81 1991 1109 2068; baseline -0.001 -16"><span class='ocrx_word' id='word_1_180' title='bbox 81 1992 222 2068; x_wconf 87' lang='lat' dir='ltr'><strong>publicas</strong></span> <span class='ocrx_word' id='word_1_181' title='bbox 237 1991 332 2066; x_wconf 87' lang='lat' dir='ltr'><strong>gestis</strong></span> <span class='ocrx_word' id='word_1_182' title='bbox 344 1993 381 2051; x_wconf 92' lang='lat' dir='ltr'><strong>ad</strong></span> <span class='ocrx_word' id='word_1_183' title='bbox 399 1992 487 2052; x_wconf 87' lang='lat' dir='ltr'><strong>huius</strong></span> <span class='ocrx_word' id='word_1_184' title='bbox 505 1992 637 2052; x_wconf 90' lang='lat' dir='ltr'><strong>criminis</strong></span> <span class='ocrx_word' id='word_1_185' title='bbox 649 1993 856 2052; x_wconf 78' lang='lat' dir='ltr'><strong>defensionem</strong></span> <span class='ocrx_word' id='word_1_186' title='bbox 869 2009 929 2051; x_wconf 89' lang='lat' dir='ltr'><strong>non</strong></span> <span class='ocrx_word' id='word_1_187' title='bbox 944 1993 1109 2053; x_wconf 86' lang='lat' dir='ltr'><strong>abutamur.</strong></span> 
     </span>
     <span class='ocr_line' id='line_1_23' title="bbox 80 2074 1117 2146; baseline 0.001 -11"><span class='ocrx_word' id='word_1_188' title='bbox 80 2075 145 2135; x_wconf 92' lang='lat' dir='ltr'><strong>Nisi</strong></span> <span class='ocrx_word' id='word_1_189' title='bbox 160 2075 258 2135; x_wconf 90' lang='lat' dir='ltr'><strong>oculis</strong></span> <span class='ocrx_word' id='word_1_190' title='bbox 272 2074 406 2135; x_wconf 88' lang='lat' dir='ltr'><strong>videritis</strong></span> <span class='ocrx_word' id='word_1_191' title='bbox 422 2075 549 2136; x_wconf 86' lang='lat' dir='ltr'><strong>insidias</strong></span> <span class='ocrx_word' id='word_1_192' title='bbox 561 2076 667 2135; x_wconf 86' lang='lat' dir='ltr'><strong>Miloni</strong></span> <span class='ocrx_word' id='word_1_193' title='bbox 680 2093 698 2134; x_wconf 92' lang='lat' dir='ltr'><strong>a</strong></span> <span class='ocrx_word' id='word_1_194' title='bbox 719 2075 823 2135; x_wconf 84' lang='lat' dir='ltr'><strong>Clodio</strong></span> <span class='ocrx_word' id='word_1_195' title='bbox 838 2091 910 2135; x_wconf 89' lang='lat' dir='ltr'><strong>esse</strong></span> <span class='ocrx_word' id='word_1_196' title='bbox 926 2076 1037 2146; x_wconf 88' lang='lat' dir='ltr'><strong>lactas,</strong></span> <span class='ocrx_word' id='word_1_197' title='bbox 1053 2092 1117 2136; x_wconf 89' lang='lat' dir='ltr'><strong>nec</strong></span> 
     </span>
     <span class='ocr_line' id='line_1_24' title="bbox 81 2157 1109 2232; baseline 0.001 -15"><span class='ocrx_word' id='word_1_198' title='bbox 81 2158 272 2231; x_wconf 83' lang='lat' dir='ltr'><strong>deprecaturi</strong></span> <span class='ocrx_word' id='word_1_199' title='bbox 292 2175 412 2231; x_wconf 88' lang='lat' dir='ltr'><strong>sumus,</strong></span> <span class='ocrx_word' id='word_1_200' title='bbox 427 2167 461 2219; x_wconf 92' lang='lat' dir='ltr'><strong>ut</strong></span> <span class='ocrx_word' id='word_1_201' title='bbox 472 2157 583 2218; x_wconf 81' lang='lat' dir='ltr'><strong>crimen</strong></span> <span class='ocrx_word' id='word_1_202' title='bbox 600 2159 658 2218; x_wconf 85' lang='lat' dir='ltr'><strong>noc</strong></span> <span class='ocrx_word' id='word_1_203' title='bbox 674 2158 763 2218; x_wconf 89' lang='lat' dir='ltr'><strong>nobis</strong></span> <span class='ocrx_word' id='word_1_204' title='bbox 779 2165 902 2231; x_wconf 88' lang='lat' dir='ltr'><strong>propter</strong></span> <span class='ocrx_word' id='word_1_205' title='bbox 918 2159 1010 2217; x_wconf 92' lang='lat' dir='ltr'><strong>multa</strong></span> <span class='ocrx_word' id='word_1_206' title='bbox 1024 2175 1109 2232; x_wconf 89' lang='lat' dir='ltr'><strong>prac-</strong></span> 
     </span>
     <span class='ocr_line' id='line_1_25' title="bbox 81 2238 1107 2315; baseline 0 -14"><span class='ocrx_word' id='word_1_207' title='bbox 81 2243 163 2301; x_wconf 89' lang='lat' dir='ltr'><strong>clara</strong></span> <span class='ocrx_word' id='word_1_208' title='bbox 177 2238 205 2298; x_wconf 94' lang='lat' dir='ltr'><strong>in</strong></span> <span class='ocrx_word' id='word_1_209' title='bbox 219 2256 283 2300; x_wconf 91' lang='lat' dir='ltr'><strong>rcm</strong></span> <span class='ocrx_word' id='word_1_210' title='bbox 298 2240 449 2315; x_wconf 87' lang='lat' dir='ltr'><strong>publicam</strong></span> <span class='ocrx_word' id='word_1_211' title='bbox 464 2241 568 2302; x_wconf 88' lang='lat' dir='ltr'><strong>merita</strong></span> <span class='ocrx_word' id='word_1_212' title='bbox 580 2241 769 2313; x_wconf 87' lang='lat' dir='ltr'><strong>condonetis,</strong></span> <span class='ocrx_word' id='word_1_213' title='bbox 784 2255 841 2298; x_wconf 90' lang='lat' dir='ltr'><strong>nco</strong></span> <span class='ocrx_word' id='word_1_214' title='bbox 859 2240 1048 2315; x_wconf 89' lang='lat' dir='ltr'><strong>postulaturi,</strong></span> <span class='ocrx_word' id='word_1_215' title='bbox 1066 2249 1107 2312; x_wconf 92' lang='lat' dir='ltr'><strong>ut,</strong></span> 
     </span>
     <span class='ocr_line' id='line_1_26' title="bbox 81 2319 1110 2393; baseline 0 -10"><span class='ocrx_word' id='word_1_216' title='bbox 81 2325 107 2383; x_wconf 90' lang='lat' dir='ltr'><strong>si</strong></span> <span class='ocrx_word' id='word_1_217' title='bbox 126 2338 208 2381; x_wconf 93' lang='lat' dir='ltr'><strong>mors</strong></span> <span class='ocrx_word' id='word_1_218' title='bbox 222 2323 253 2381; x_wconf 90' lang='lat' dir='ltr'><strong>P.</strong></span> <span class='ocrx_word' id='word_1_219' title='bbox 270 2323 366 2383; x_wconf 84' lang='lat' dir='ltr'><strong>clodii</strong></span> <span class='ocrx_word' id='word_1_220' title='bbox 378 2325 461 2384; x_wconf 84' lang='lat' dir='ltr'><strong>salus</strong></span> <span class='ocrx_word' id='word_1_221' title='bbox 473 2333 575 2385; x_wconf 88' lang='lat' dir='ltr'><strong>vestra</strong></span> <span class='ocrx_word' id='word_1_222' title='bbox 598 2325 699 2393; x_wconf 88' lang='lat' dir='ltr'><strong>luerit,</strong></span> <span class='ocrx_word' id='word_1_223' title='bbox 722 2323 835 2382; x_wconf 92' lang='lat' dir='ltr'><strong>idcireo</strong></span> <span class='ocrx_word' id='word_1_224' title='bbox 853 2339 919 2383; x_wconf 88' lang='lat' dir='ltr'><strong>eam</strong></span> <span class='ocrx_word' id='word_1_225' title='bbox 936 2319 1038 2384; x_wconf 86' lang='lat' dir='ltr'><strong>virtuti</strong></span> <span class='ocrx_word' id='word_1_226' title='bbox 1054 2324 1110 2383; x_wconf 87' lang='lat' dir='ltr'><strong>ltti·</strong></span> 
     </span>
     <span class='ocr_line' id='line_1_27' title="bbox 81 2404 1107 2480; baseline 0.002 -16"><span class='ocrx_word' id='word_1_227' title='bbox 81 2406 161 2466; x_wconf 93' lang='lat' dir='ltr'><strong>lonis</strong></span> <span class='ocrx_word' id='word_1_228' title='bbox 184 2406 286 2478; x_wconf 88' lang='lat' dir='ltr'><strong>potius</strong></span> <span class='ocrx_word' id='word_1_229' title='bbox 309 2422 398 2480; x_wconf 92' lang='lat' dir='ltr'><strong>quam</strong></span> <span class='ocrx_word' id='word_1_230' title='bbox 419 2405 525 2480; x_wconf 91' lang='lat' dir='ltr'><strong>populi</strong></span> <span class='ocrx_word' id='word_1_231' title='bbox 539 2407 667 2466; x_wconf 87' lang='lat' dir='ltr'><strong>Romani</strong></span> <span class='ocrx_word' id='word_1_232' title='bbox 682 2404 814 2465; x_wconf 80' lang='lat' dir='ltr'><strong>felicitati</strong></span> <span class='ocrx_word' id='word_1_233' title='bbox 835 2405 1011 2479; x_wconf 81' lang='lat' dir='ltr'><strong>adsignatis.</strong></span> <span class='ocrx_word' id='word_1_234' title='bbox 1056 2406 1107 2466; x_wconf 91' lang='lat' dir='ltr'><strong>Sin</strong></span> 
     </span>
     <span class='ocr_line' id='line_1_28' title="bbox 81 2487 1109 2561; baseline 0.001 -15"><span class='ocrx_word' id='word_1_235' title='bbox 81 2489 163 2547; x_wconf 91' lang='lat' dir='ltr'><strong>illius</strong></span> <span class='ocrx_word' id='word_1_236' title='bbox 178 2488 307 2548; x_wconf 90' lang='lat' dir='ltr'><strong>insidiae</strong></span> <span class='ocrx_word' id='word_1_237' title='bbox 323 2490 467 2548; x_wconf 87' lang='lat' dir='ltr'><strong>clariores</strong></span> <span class='ocrx_word' id='word_1_238' title='bbox 482 2489 538 2548; x_wconf 90' lang='lat' dir='ltr'><strong>hac</strong></span> <span class='ocrx_word' id='word_1_239' title='bbox 555 2490 623 2548; x_wconf 91' lang='lat' dir='ltr'><strong>luce</strong></span> <span class='ocrx_word' id='word_1_240' title='bbox 638 2489 763 2560; x_wconf 87' lang='lat' dir='ltr'><strong>luerint,</strong></span> <span class='ocrx_word' id='word_1_241' title='bbox 784 2495 846 2547; x_wconf 90' lang='lat' dir='ltr'><strong>tum</strong></span> <span class='ocrx_word' id='word_1_242' title='bbox 870 2487 1003 2561; x_wconf 87' lang='lat' dir='ltr'><strong>denique</strong></span> <span class='ocrx_word' id='word_1_243' title='bbox 1020 2489 1109 2548; x_wconf 90' lang='lat' dir='ltr'><strong>obse-</strong></span> 
     </span>
     <span class='ocr_line' id='line_1_29' title="bbox 81 2569 1109 2645; baseline -0.001 -16"><span class='ocrx_word' id='word_1_244' title='bbox 81 2572 173 2631; x_wconf 89' lang='lat' dir='ltr'><strong>crabo</strong></span> <span class='ocrx_word' id='word_1_245' title='bbox 189 2571 427 2645; x_wconf 84' lang='lat' dir='ltr'><strong>obtestaborque</strong></span> <span class='ocrx_word' id='word_1_246' title='bbox 441 2588 514 2641; x_wconf 90' lang='lat' dir='ltr'><strong>vos,</strong></span> <span class='ocrx_word' id='word_1_247' title='bbox 538 2571 671 2644; x_wconf 86' lang='lat' dir='ltr'><strong>iudices,</strong></span> <span class='ocrx_word' id='word_1_248' title='bbox 686 2571 713 2630; x_wconf 93' lang='lat' dir='ltr'><strong>si</strong></span> <span class='ocrx_word' id='word_1_249' title='bbox 727 2580 848 2631; x_wconf 87' lang='lat' dir='ltr'><strong>caetera</strong></span> <span class='ocrx_word' id='word_1_250' title='bbox 863 2570 1034 2641; x_wconf 89' lang='lat' dir='ltr'><strong>amisimus,</strong></span> <span class='ocrx_word' id='word_1_251' title='bbox 1048 2569 1109 2628; x_wconf 91' lang='lat' dir='ltr'><strong>hoc</strong></span> 
     </span>
     <span class='ocr_line' id='line_1_30' title="bbox 82 2650 1109 2726; baseline -0.001 -14"><span class='ocrx_word' id='word_1_252' title='bbox 82 2654 189 2712; x_wconf 85' lang='lat' dir='ltr'><strong>saltem</strong></span> <span class='ocrx_word' id='word_1_253' title='bbox 203 2654 292 2713; x_wconf 92' lang='lat' dir='ltr'><strong>nobis</strong></span> <span class='ocrx_word' id='word_1_254' title='bbox 304 2660 338 2713; x_wconf 91' lang='lat' dir='ltr'><strong>ut</strong></span> <span class='ocrx_word' id='word_1_255' title='bbox 350 2653 545 2726; x_wconf 87' lang='lat' dir='ltr'><strong>relinquatur,</strong></span> <span class='ocrx_word' id='word_1_256' title='bbox 562 2652 653 2712; x_wconf 89' lang='lat' dir='ltr'><strong>vitam</strong></span> <span class='ocrx_word' id='word_1_257' title='bbox 667 2654 705 2712; x_wconf 89' lang='lat' dir='ltr'><strong>ab</strong></span> <span class='ocrx_word' id='word_1_258' title='bbox 721 2652 909 2713; x_wconf 86' lang='lat' dir='ltr'><strong>inimicorum</strong></span> <span class='ocrx_word' id='word_1_259' title='bbox 923 2650 1052 2710; x_wconf 90' lang='lat' dir='ltr'><strong>audacia</strong></span> <span class='ocrx_word' id='word_1_260' title='bbox 1065 2659 1109 2711; x_wconf 86' lang='lat' dir='ltr'><strong>te-</strong></span> 
     </span>
     <span class='ocr_line' id='line_1_31' title="bbox 80 2735 653 2810; baseline 0.009 -18"><span class='ocrx_word' id='word_1_261' title='bbox 80 2736 181 2808; x_wconf 88' lang='lat' dir='ltr'><strong>lisque</strong></span> <span class='ocrx_word' id='word_1_262' title='bbox 196 2744 228 2794; x_wconf 92' lang='lat' dir='ltr'><strong>ut</strong></span> <span class='ocrx_word' id='word_1_263' title='bbox 241 2735 363 2810; x_wconf 88' lang='lat' dir='ltr'><strong>impune</strong></span> <span class='ocrx_word' id='word_1_264' title='bbox 378 2735 466 2795; x_wconf 87' lang='lat' dir='ltr'><strong>liceat</strong></span> <span class='ocrx_word' id='word_1_265' title='bbox 481 2736 653 2797; x_wconf 80' lang='lat' dir='ltr'><strong>detondere.</strong></span> 
     </span>
    </p>

    <p class='ocr_par' dir='ltr' id='par_1_3' title="bbox 80 2814 1169 3470">
     <span class='ocr_line' id='line_1_32' title="bbox 144 2814 1111 2892; baseline 0.004 -19"><span class='ocrx_word' id='word_1_266' title='bbox 144 2816 193 2875; x_wconf 89' lang='lat' dir='ltr'><strong>lll.</strong></span> <span class='ocrx_word' id='word_1_267' title='bbox 209 2814 237 2878; x_wconf 84' lang='lat'><strong>7.</strong></span> <span class='ocrx_word' id='word_1_268' title='bbox 253 2817 315 2877; x_wconf 91' lang='lat' dir='ltr'><strong>Sed</strong></span> <span class='ocrx_word' id='word_1_269' title='bbox 329 2825 398 2877; x_wconf 90' lang='lat' dir='ltr'><strong>ante</strong></span> <span class='ocrx_word' id='word_1_270' title='bbox 413 2834 504 2892; x_wconf 89' lang='lat' dir='ltr'><strong>quam</strong></span> <span class='ocrx_word' id='word_1_271' title='bbox 517 2819 557 2877; x_wconf 97' lang='lat' dir='ltr'><strong>ad</strong></span> <span class='ocrx_word' id='word_1_272' title='bbox 570 2834 636 2876; x_wconf 87' lang='lat' dir='ltr'><strong>cam</strong></span> <span class='ocrx_word' id='word_1_273' title='bbox 650 2816 815 2878; x_wconf 88' lang='lat' dir='ltr'><strong>orationem</strong></span> <span class='ocrx_word' id='word_1_274' title='bbox 832 2815 938 2890; x_wconf 88' lang='lat' dir='ltr'><strong>venio,</strong></span> <span class='ocrx_word' id='word_1_275' title='bbox 961 2831 1040 2889; x_wconf 88' lang='lat' dir='ltr'><strong>quae</strong></span> <span class='ocrx_word' id='word_1_276' title='bbox 1064 2823 1111 2877; x_wconf 81' lang='lat' dir='ltr'><strong>ost</strong></span> 
     </span>
     <span class='ocr_line' id='line_1_33' title="bbox 83 2896 1109 2974; baseline 0 -18"><span class='ocrx_word' id='word_1_277' title='bbox 83 2900 207 2973; x_wconf 88' lang='lat' dir='ltr'><strong>propria</strong></span> <span class='ocrx_word' id='word_1_278' title='bbox 220 2908 341 2961; x_wconf 86' lang='lat' dir='ltr'><strong>vestrae</strong></span> <span class='ocrx_word' id='word_1_279' title='bbox 355 2898 553 2974; x_wconf 90' lang='lat' dir='ltr'><strong>quaestionis,</strong></span> <span class='ocrx_word' id='word_1_280' title='bbox 568 2899 708 2960; x_wconf 86' lang='lat' dir='ltr'><strong>videntur</strong></span> <span class='ocrx_word' id='word_1_281' title='bbox 719 2916 756 2959; x_wconf 90' lang='lat' dir='ltr'><strong>ca</strong></span> <span class='ocrx_word' id='word_1_282' title='bbox 770 2899 842 2959; x_wconf 89' lang='lat' dir='ltr'><strong>mihi</strong></span> <span class='ocrx_word' id='word_1_283' title='bbox 860 2915 931 2959; x_wconf 90' lang='lat' dir='ltr'><strong>esse</strong></span> <span class='ocrx_word' id='word_1_284' title='bbox 942 2896 1109 2969; x_wconf 80' lang='lat' dir='ltr'><strong>refutanda,</strong></span> 
     </span>
     <span class='ocr_line' id='line_1_34' title="bbox 82 2979 1109 3056; baseline 0 -17"><span class='ocrx_word' id='word_1_285' title='bbox 82 2997 163 3054; x_wconf 91' lang='lat' dir='ltr'><strong>quae</strong></span> <span class='ocrx_word' id='word_1_286' title='bbox 175 2989 205 3041; x_wconf 90' lang='lat' dir='ltr'><strong>et</strong></span> <span class='ocrx_word' id='word_1_287' title='bbox 215 2980 245 3040; x_wconf 93' lang='lat' dir='ltr'><strong>in</strong></span> <span class='ocrx_word' id='word_1_288' title='bbox 258 2991 365 3042; x_wconf 88' lang='lat' dir='ltr'><strong>senatu</strong></span> <span class='ocrx_word' id='word_1_289' title='bbox 379 2983 417 3042; x_wconf 89' lang='lat' dir='ltr'><strong>ab</strong></span> <span class='ocrx_word' id='word_1_290' title='bbox 429 2980 557 3042; x_wconf 92' lang='lat' dir='ltr'><strong>inimicis</strong></span> <span class='ocrx_word' id='word_1_291' title='bbox 568 2997 663 3056; x_wconf 88' lang='lat' dir='ltr'><strong>saepe</strong></span> <span class='ocrx_word' id='word_1_292' title='bbox 677 2981 786 3042; x_wconf 86' lang='lat' dir='ltr'><strong>iactata</strong></span> <span class='ocrx_word' id='word_1_293' title='bbox 801 2988 913 3042; x_wconf 91' lang='lat' dir='ltr'><strong>suntet</strong></span> <span class='ocrx_word' id='word_1_294' title='bbox 926 2981 956 3039; x_wconf 91' lang='lat' dir='ltr'><strong>in</strong></span> <span class='ocrx_word' id='word_1_295' title='bbox 969 2979 1109 3039; x_wconf 91' lang='lat' dir='ltr'><strong>contione</strong></span> 
     </span>
     <span class='ocr_line' id='line_1_35' title="bbox 81 3062 1110 3144; baseline -0.003 -21"><span class='ocrx_word' id='word_1_296' title='bbox 81 3064 120 3123; x_wconf 90' lang='lat' dir='ltr'><strong>ab</strong></span> <span class='ocrx_word' id='word_1_297' title='bbox 135 3063 281 3138; x_wconf 91' lang='lat' dir='ltr'><strong>improbis</strong></span> <span class='ocrx_word' id='word_1_298' title='bbox 299 3073 330 3126; x_wconf 87' lang='lat' dir='ltr'><strong>et</strong></span> <span class='ocrx_word' id='word_1_299' title='bbox 339 3066 441 3139; x_wconf 89' lang='lat' dir='ltr'><strong>paullo</strong></span> <span class='ocrx_word' id='word_1_300' title='bbox 458 3073 528 3124; x_wconf 89' lang='lat' dir='ltr'><strong>ante</strong></span> <span class='ocrx_word' id='word_1_301' title='bbox 543 3063 580 3123; x_wconf 90' lang='lat' dir='ltr'><strong>ab</strong></span> <span class='ocrx_word' id='word_1_302' title='bbox 595 3063 841 3136; x_wconf 86' lang='lat' dir='ltr'><strong>accusatoribus,</strong></span> <span class='ocrx_word' id='word_1_303' title='bbox 865 3072 899 3124; x_wconf 90' lang='lat' dir='ltr'><strong>ut</strong></span> <span class='ocrx_word' id='word_1_304' title='bbox 913 3062 993 3144; x_wconf 86' lang='lat' dir='ltr'><strong>omni</strong></span> <span class='ocrx_word' id='word_1_305' title='bbox 1007 3078 1110 3122; x_wconf 88' lang='lat' dir='ltr'><strong>errore</strong></span> 
     </span>
     <span class='ocr_line' id='line_1_36' title="bbox 81 3143 1108 3222; baseline -0.004 -17"><span class='ocrx_word' id='word_1_306' title='bbox 81 3147 201 3207; x_wconf 91' lang='lat' dir='ltr'><strong>sublato</strong></span> <span class='ocrx_word' id='word_1_307' title='bbox 215 3163 280 3206; x_wconf 87' lang='lat' dir='ltr'><strong>rem</strong></span> <span class='ocrx_word' id='word_1_308' title='bbox 296 3149 400 3222; x_wconf 91' lang='lat' dir='ltr'><strong>plane,</strong></span> <span class='ocrx_word' id='word_1_309' title='bbox 425 3163 505 3222; x_wconf 86' lang='lat' dir='ltr'><strong>quac</strong></span> <span class='ocrx_word' id='word_1_310' title='bbox 519 3147 621 3206; x_wconf 87' lang='lat' dir='ltr'><strong>veniat</strong></span> <span class='ocrx_word' id='word_1_311' title='bbox 635 3146 664 3205; x_wconf 91' lang='lat' dir='ltr'><strong>in</strong></span> <span class='ocrx_word' id='word_1_312' title='bbox 679 3145 839 3219; x_wconf 90' lang='lat' dir='ltr'><strong>iudicium,</strong></span> <span class='ocrx_word' id='word_1_313' title='bbox 852 3144 959 3204; x_wconf 90' lang='lat' dir='ltr'><strong>videre</strong></span> <span class='ocrx_word' id='word_1_314' title='bbox 973 3143 1108 3218; x_wconf 87' lang='lat' dir='ltr'><strong>possitis.</strong></span> 
     </span>
     <span class='ocr_line' id='line_1_37' title="bbox 80 3227 1169 3312; baseline -0.006 -22"><span class='ocrx_word' id='word_1_315' title='bbox 80 3231 199 3303; x_wconf 82' lang='lat' dir='ltr'><strong>Negant</strong></span> <span class='ocrx_word' id='word_1_316' title='bbox 215 3229 324 3290; x_wconf 86' lang='lat' dir='ltr'><strong>intueri</strong></span> <span class='ocrx_word' id='word_1_317' title='bbox 340 3231 438 3290; x_wconf 84' lang='lat' dir='ltr'><strong>lucem</strong></span> <span class='ocrx_word' id='word_1_318' title='bbox 455 3245 527 3289; x_wconf 87' lang='lat' dir='ltr'><strong>esse</strong></span> <span class='ocrx_word' id='word_1_319' title='bbox 542 3229 588 3288; x_wconf 91' lang='lat' dir='ltr'><strong>las</strong></span> <span class='ocrx_word' id='word_1_320' title='bbox 604 3228 641 3301; x_wconf 90' lang='lat' dir='ltr'><strong>ci,</strong></span> <span class='ocrx_word' id='word_1_321' title='bbox 660 3230 711 3301; x_wconf 90' lang='lat' dir='ltr'><strong>qui</strong></span> <span class='ocrx_word' id='word_1_322' title='bbox 725 3245 743 3288; x_wconf 90' lang='lat' dir='ltr'><strong>a</strong></span> <span class='ocrx_word' id='word_1_323' title='bbox 759 3245 794 3288; x_wconf 88' lang='lat' dir='ltr'><strong>se</strong></span> <span class='ocrx_word' id='word_1_324' title='bbox 808 3227 957 3312; x_wconf 81' lang='lat' dir='ltr'><strong>hominem</strong></span> <span class='ocrx_word' id='word_1_325' title='bbox 975 3228 1111 3286; x_wconf 90' lang='lat' dir='ltr'><strong>occisum</strong></span> <span class='ocrx_word' id='word_1_326' title='bbox 1165 3229 1169 3237; x_wconf 90' lang='lat'>&#39;</span> 
     </span>
     <span class='ocr_line' id='line_1_38' title="bbox 80 3300 1111 3386; baseline -0.006 -15"><span class='ocrx_word' id='word_1_327' title='bbox 80 3327 153 3371; x_wconf 89' lang='lat' dir='ltr'><strong>esse</strong></span> <span class='ocrx_word' id='word_1_328' title='bbox 175 3313 312 3373; x_wconf 77' lang='lat' dir='ltr'><strong>fateatur.</strong></span> <span class='ocrx_word' id='word_1_329' title='bbox 355 3313 388 3371; x_wconf 93' lang='lat' dir='ltr'><strong>ln</strong></span> <span class='ocrx_word' id='word_1_330' title='bbox 408 3329 469 3386; x_wconf 86' lang='lat' dir='ltr'><strong>qua</strong></span> <span class='ocrx_word' id='word_1_331' title='bbox 485 3311 605 3372; x_wconf 85' lang='lat' dir='ltr'><strong>tandem</strong></span> <span class='ocrx_word' id='word_1_332' title='bbox 627 3311 702 3370; x_wconf 87' lang='lat' dir='ltr'><strong>urbe</strong></span> <span class='ocrx_word' id='word_1_333' title='bbox 715 3310 775 3370; x_wconf 91' lang='lat' dir='ltr'><strong>hoc</strong></span> <span class='ocrx_word' id='word_1_334' title='bbox 790 3308 928 3370; x_wconf 90' lang='lat' dir='ltr'><strong>homines</strong></span> <span class='ocrx_word' id='word_1_335' title='bbox 943 3300 1111 3369; x_wconf 84' lang='lat' dir='ltr'><strong>stultissimi</strong></span> 
     </span>
     <span class='ocr_line' id='line_1_39' title="bbox 81 3388 1122 3470; baseline 0.001 -17"><span class='ocrx_word' id='word_1_336' title='bbox 81 3394 262 3468; x_wconf 66' lang='lat' dir='ltr'><strong>disputant?</strong></span> <span class='ocrx_word' id='word_1_337' title='bbox 275 3409 384 3470; x_wconf 86' lang='lat' dir='ltr'><strong>nempe</strong></span> <span class='ocrx_word' id='word_1_338' title='bbox 398 3393 429 3454; x_wconf 94' lang='lat' dir='ltr'><strong>in</strong></span> <span class='ocrx_word' id='word_1_339' title='bbox 443 3409 495 3466; x_wconf 88' lang='lat' dir='ltr'><strong>ca,</strong></span> <span class='ocrx_word' id='word_1_340' title='bbox 512 3408 591 3469; x_wconf 88' lang='lat' dir='ltr'><strong>quae</strong></span> <span class='ocrx_word' id='word_1_341' title='bbox 606 3391 734 3468; x_wconf 86' lang='lat' dir='ltr'><strong>primum</strong></span> <span class='ocrx_word' id='word_1_342' title='bbox 749 3391 891 3452; x_wconf 86' lang='lat' dir='ltr'><strong>iudicium</strong></span> <span class='ocrx_word' id='word_1_343' title='bbox 902 3392 941 3451; x_wconf 87' lang='lat' dir='ltr'><strong>dc</strong></span> <span class='ocrx_word' id='word_1_344' title='bbox 956 3390 1055 3465; x_wconf 88' lang='lat' dir='ltr'><strong>cupite</strong></span> <span class='ocrx_word' id='word_1_345' title='bbox 1067 3388 1122 3454; x_wconf 87' lang='lat' dir='ltr'><strong>vi·.</strong></span> 
     </span>
    </p>
   </div>
   <div class='ocr_carea' id='block_1_3' title="bbox 0 0 1174 3788">
    <p class='ocr_par' dir='ltr' id='par_1_4' title="bbox 0 0 1174 3788">
     <span class='ocr_line' id='line_1_40' title="bbox 0 0 1174 3788; baseline 0 1"><span class='ocrx_word' id='word_1_346' title='bbox 0 0 1174 3788; x_wconf 95' lang='lat' dir='ltr'><strong> </strong></span> 
     </span>
    </p>
   </div>
  </div>
 </body>
</html>
