2340 3788
163 136 169 163 ²
268 140 272 145 '
382 161 769 228 car.s-r.s.11-rc
1016 164 1088 234 ἰιι

59 319 220 390 parturum
240 317 353 387 putas?
390 307 439 374 14.
460 310 539 372 Nihil
560 311 651 386 igitur
667 313 697 371 iu
715 311 807 373 vitam
822 312 855 372 L.
868 314 1013 387 Murenae
1030 317 1090 377 dici

59 401 188 473 potasti
213 393 307 467 Nihil,
328 395 467 469 inquam,
487 393 626 467 omuino,
648 393 775 455 iudices.
810 393 859 456 Sic
879 413 898 456 a
919 415 967 460 me
981 403 1091 461 consul

59 478 243 554 designatus
268 477 452 550 defenditur,
478 485 511 537 ιιι
534 476 601 538 eius
622 477 704 537 nulla
729 478 827 551 fraus,
852 480 1089 555 uullaavaritia,

58 563 146 622 nulla
166 559 308 636 perfidia,
332 561 414 620 nulla
435 559 612 633 crudelitas,
633 561 747 628 pullum
768 561 906 634 petulans
927 562 1040 625 dictum
1059 567 1088 625 in

58 644 125 705 vita
144 644 322 720 proferatur.
358 643 442 704 Bene
461 643 567 703 habet:
593 642 672 712 iactu
687 650 757 704 sunt
772 643 966 705 fundamenta
986 646 1089 707 defen·

58 725 170 788 sionis.
199 724 343 787 Nondum*
355 725 436 787 euim
449 725 562 786 nostris
576 722 732 797 laudibus,
757 724 868 801 quibus
888 734 956 787 utar
970 738 1089 804 postea,

59 810 121 872 sed
138 824 235 884 prope
256 808 444 870 inimicorum
465 808 662 869 confessione
686 808 783 869 virum
804 809 918 870 ιοιιιιιιι
933 818 1026 884 atque
1045 811 1089 870 in·

58 884 179 968 temam
198 890 350 952 hominem
374 891 575 952 defendimus.
617 893 679 952 Vll.
701 891 767 966 Quo
788 891 951 954 constituto
973 891 1091 953 facilior

59 984 110 1037 est
122 973 197 1037 mihi
211 974 311 1048 aditus
326 975 366 1034 ad
380 974 603 1036 contentionem
618 973 786 1050 dignitatis,
811 976 890 1050 quae
905 990 981 1052 pars
995 976 1090 1037 altera

60 1058 117 1120 fuit
131 1057 347 1120 accusationis.

146 1139 196 1203 ts.
219 1139 371 1202 Summam
386 1139 479 1202 video
493 1155 564 1202 esse
578 1141 609 1202 in
623 1150 667 1214 te,
685 1141 751 1202 Ser.
766 1139 897 1216 Sulpici,
914 1137 1090 1216 dignitatem

58 1223 195 1300 generis,
205 1223 393 1299 integritatis,
404 1224 571 1285 industriae
582 1234 833 1299 caeterorumque
844 1230 1090 1285 ornamentorum

59 1307 211 1381 omnium,
237 1306 349 1382 quibus
369 1309 477 1369 fretum
498 1308 538 1368 ad
562 1302 739 1370 consulatus
765 1306 941 1383 petitionem
961 1306 1090 1382 adgredi

58 1407 118 1466 par
138 1397 195 1452 εει
234 1389 321 1451 Paria
341 1407 497 1466 cognosco
518 1407 590 1452 csse
611 1392 670 1452 ista
689 1392 720 1451 in
739 1391 914 1451 naturane
933 1399 1026 1466 atque
1047 1390 1090 1452 ita

57 1472 163 1550 paria,
185 1481 218 1534 ιιι
230 1490 331 1549 neque
345 1472 413 1549 ipse
431 1473 575 1550 dignitate
589 1474 669 1535 vinci
684 1473 816 1551 potuerit
830 1490 931 1550 neque
947 1482 976 1535 te
991 1473 1089 1549 digni·

57 1565 122 1619 tate
146 1556 306 1631 superarit.
348 1556 562 1632 contempsisti
587 1557 621 1617 L.
645 1558 790 1619 Murenae
814 1574 927 1632 genus:
953 1556 1088 1619 extulisti

58 1648 155 1703 tuum.
187 1640 252 1712 Quo
266 1640 336 1700 loco
351 1639 379 1700 si
391 1639 445 1700 tibi
460 1640 519 1700 hoc
533 1640 643 1712 sumis,
657 1640 716 1700 nisi
732 1639 784 1716 qui
799 1639 944 1715 patricius
959 1640 1013 1712 sit,
1035 1657 1088 1701 ne·

56 1721 174 1783 minem
193 1723 275 1782 bono
295 1736 366 1781 esse
387 1737 500 1795 genere
520 1731 637 1793 natum,
664 1724 739 1782 facis
760 1730 793 1783 ιιι
813 1739 920 1784 rursus
935 1722 1042 1797 plebes
1056 1724 1088 1783 iu

57 1805 244 1865 Aventinum
258 1803 432 1863 sevocanda
446 1817 517 1862 esse
530 1798 678 1863 v'ideatur.
706 1803 759 1863 Sin
771 1814 871 1864 autem
887 1813 959 1865 sunt
968 1805 1088 1879 amplae

57 1896 90 1949 ει
100 1887 255 1947 honestae
269 1882 399 1944 familiae
413 1883 559 1958 plebeiae,
578 1892 608 1945 et
621 1901 755 1959 proavus
764 1886 797 1946 L.
808 1886 953 1946 Murenae
968 1892 998 1945 et
1010 1901 1088 1945 avus

58 1968 222 2048 praetori
209 1965 264 2027 fuit
284 1974 314 2027 et
335 1974 422 2041 pater
443 1982 534 2040 quum
555 1966 741 2041 amplissime
761 1976 853 2042 atque
871 1965 1089 2027 honestissime

58 2069 99 2113 ex
115 2058 261 2126 praetura
276 2048 506 2124 triumphasset,
529 2050 589 2110 hoc
603 2049 769 2113 faciliorem
783 2049 854 2111 huic
871 2050 999 2126 gradum
1015 2065 1088 2110 con

58 2136 180 2196 solatus
194 2131 385 2223 adipiscendi
398 2131 533 2208 reliquit
551 2133 657 2208 quod
649 2151 675 2194 is
689 2134 749 2196 iam
763 2132 842 2210 patri
855 2132 975 2201 dehitus
990 2149 1010 2193 a
1023 2133 1087 2194 filio
1112 2143 1114 2149 ·

59 2217 230 2294 petebatur.
261 2215 312 2279 16.
324 2200 471 2276 Tuavero
484 2216 635 2290 nobilitas,
651 2217 716 2279 Ser.
729 2217 855 2292 Sulpici,
870 2214 990 2278 tametsi
1006 2233 1087 2277 sum·

59 2317 110 2361 ma
131 2307 206 2373 εει,
221 2309 320 2360 minen
341 2297 513 2359 homiuibus
532 2299 669 2362 litteratis
690 2310 720 2363 ει
740 2299 893 2362 historicis
913 2308 961 2361 est
976 2298 1086 2372 notior,

60 2384 177 2459 populo
197 2398 271 2442 vero
295 2390 325 2443 ει
344 2381 594 2455 suffragatoribus
615 2383 784 2446 obscurior.
821 2383 910 2445 Pater
930 2382 1011 2444 enim
1031 2382 1088 2452 fuit

61 2465 197 2541 equestri
217 2467 302 2526 loco:
329 2481 406 2524 avus
430 2466 512 2525 nulla
532 2465 640 2527 illustri
659 2469 749 2528 laude
769 2468 948 2531 celebratus.
977 2468 1086 2542 itaque

59 2564 121 2609 non
135 2562 176 2607 ex
190 2563 331 2608 sermone
342 2545 497 2607 hominum
509 2549 633 2622 receuti,
648 2552 705 2611 sed
719 2567 759 2610 ex
769 2550 921 2611 annalium
935 2556 1087 2610 vetustate

58 2630 197 2692 eruenda
213 2639 262 2692 est
275 2628 420 2690 memoria
434 2628 597 2691 nobilitmis
611 2640 690 2693 tuac.
720 2633 786 2708 Qua
798 2650 832 2695 re
847 2650 905 2709 ego
921 2640 950 2692 te
965 2645 1087 2704 semper

58 2713 88 2775 in
100 2722 238 2775 nocuum
250 2729 407 2775 numerum
418 2714 585 2788 adgregare
597 2716 692 2789 soleo,
708 2716 791 2791 quod
801 2718 910 2777 uirtute
924 2713 1086 2774 industria-

60 2812 122 2873 que
138 2796 304 2871 perfecisti,
319 2804 361 2870 ut,
376 2813 470 2871 quum
485 2796 596 2872 equitis
610 2799 739 2859 Romani
756 2816 844 2860 esses
861 2798 952 2869 illiue,
968 2811 1087 2856 summa

56 2888 160 2941 tamen
175 2879 371 2954 amplitudine
386 2878 496 2954 dignus
509 2888 657 2954 putarere,
673 2882 811 2942 necmihi
826 2895 968 2954 umquam
984 2877 1085 2941 minus

56 2963 88 3025 in
107 2962 141 3036 Q.
158 2962 312 3038 Pompeio,
329 2966 410 3024 novo
426 2962 547 3022 homine
562 2972 592 3022 et
606 2963 771 3043 fortissimo
788 2963 864 3036 viro,
880 2961 999 3024 virtutis
1013 2978 1085 3024 esse

55 3046 159 3107 visum
175 3054 223 3106 εει
239 3062 329 3120 quam
344 3045 375 3106 in
395 3044 516 3105 homine
533 3045 721 3108 nobilissimo
736 3047 775 3106 Μ.
790 3044 929 3107 Aemilio.
967 3045 1084 3107 Etenim

54 3128 197 3190 eiusdem
216 3127 307 3189 animi
330 3137 423 3204 atque
442 3127 553 3203 ingenii
574 3138 621 3189 est
639 3131 771 3205 posteris
796 3128 874 3201 suis,
897 3129 980 3204 quod
995 3129 1083 3190 Pom-

55 3210 148 3287 peius
163 3209 242 3285 facit,
256 3209 484 3287 amplitudinem
498 3210 643 3284 nominis,
662 3230 752 3288 quam
767 3230 826 3274 nou
842 3211 1010 3288 acceperit,
1023 3221 1082 3273 tra-

54 3296 140 3367 dere,
159 3302 198 3365 et,
214 3304 247 3355 ut
263 3293 406 3369 Scaurus,
424 3295 597 3356 memoriam
612 3306 709 3371 prope
724 3295 949 3358 intermortuam
962 3292 1084 3370 generis

55 3377 106 3437 sui
120 3375 230 3438 virtute
244 3393 401 3458 renouare.
