2332 3772
414 168 496 231 cnP.
509 178 591 240 n-a.
612 176 639 239 s.
651 116 755 233 n-n.⁸
1019 148 1102 240 aon

56 319 257 381 innocentiam
270 317 302 377 P.
319 317 422 379 Sullae
435 319 622 394 detenderet,
643 336 758 395 quaero
783 336 837 383 cur
859 322 911 398 qui
927 323 1027 384 aditus
1040 323 1082 383 ad

55 418 177 465 eausam
190 399 355 463 Hortensio
374 403 505 476 patuerit
530 402 602 462 mihi
624 402 806 463 interclusus
830 421 902 465 esse
922 405 1081 467 debueritt

55 502 164 563 quaero
186 482 264 545 illud
282 481 386 558 etiam,
413 483 523 560 sime,
550 484 602 561 qui
623 486 768 558 delendo,
797 488 1081 562 reprehendendmn

56 578 140 644 putas
163 582 255 640 esse,
276 565 349 641 quid
368 567 491 627 tandem
511 568 550 628 de
569 567 618 627 his
638 566 793 628 existimes
815 569 939 630 summis
961 571 1036 632 viris
1051 580 1082 632 et

58 648 230 713 durissimis
245 646 373 723 civibus,
391 667 519 724 quorum
535 650 636 711 studio
651 660 681 711 ct
695 650 838 725 dignitate
856 651 1003 713 celebrari
1020 654 1080 715 hoe

58 733 207 808 iudicium,
221 730 323 793 ornari
334 747 474 806 oausam,
496 733 620 793 delendi
639 733 729 794 huius
751 733 955 795 innocentiam
969 735 1082 795 vidost

59 817 116 878 lion
138 815 222 877 enim
243 823 291 876 est
310 832 372 876 una
390 816 466 876 ratio
489 815 677 876 detensionis
698 833 750 889 ea,
776 834 854 893 quae
874 816 975 892 posita
988 818 1080 877 estin

62 900 206 963 naucum
221 913 335 970 omncs,
352 897 405 975 qui
420 899 604 974 adsunt'qui
613 899 760 973 laborant,
773 899 825 975 qui
836 902 954 960 saluum
966 898 1081 971 volunt,

62 999 108 1058 pro
121 998 181 1044 sua
194 988 281 1058 parte
296 988 388 1056 atquc
406 982 582 1043 auctoritate
603 982 778 1044 defendunt.
820 981 849 1044 5.
871 986 920 1043 An
937 996 1026 1053 vero,
1048 980 1080 1040 in

65 1065 165 1140 quinus
180 1063 337 1125 subselliis
351 1064 428 1124 haec
449 1073 625 1126 ornamenta
638 1083 674 1127 ac
690 1067 803 1127 lumina
822 1064 867 1143 rei
881 1063 1022 1141 publicae
1035 1064 1079 1122 vi-

65 1147 165 1223 donem,
181 1146 213 1209 in
229 1146 278 1206 his
291 1163 340 1207 me
355 1163 505 1222 apparere
518 1150 646 1224 nollem,
667 1166 797 1225 quorum
812 1165 869 1224 ego
890 1147 974 1209 illurn
989 1147 1021 1206 in
1035 1147 1080 1206 lo·

65 1245 121 1293 tum
140 1239 235 1307 atque
259 1229 290 1289 in
315 1229 394 1290 hanc
415 1231 655 1292 excelsissimam
679 1233 784 1294 sedem
812 1229 964 1306 dignitatis
989 1237 1081 1304 atque

64 1311 178 1377 honoris
192 1312 295 1374 multis
309 1311 385 1373 meis
400 1330 436 1373 ao
451 1314 568 1389 magnis
592 1316 747 1376 laboribus
761 1326 792 1377 et
805 1314 947 1391 periculis
969 1329 1079 1374 ascen·

65 1394 189 1461 dissemt
208 1398 311 1471 Atque
326 1404 359 1457 ut
372 1395 531 1472 intelligas,
547 1397 713 1475 Torquate,
738 1416 827 1475 quem
842 1413 988 1471 accuses,
1011 1397 1081 1457 site

65 1478 130 1542 tonte
145 1481 177 1541 id
193 1479 329 1554 offendit,
342 1480 425 1554 quod
439 1497 506 1556 ego,
516 1481 571 1555 qui
581 1482 611 1540 in
622 1483 681 1544 hoc
699 1499 811 1557 genere
826 1478 1013 1557 quaestionis
1028 1479 1081 1540 de-

64 1561 201 1625 fenderim
214 1560 374 1636 neminem,
392 1580 453 1624 non
469 1564 567 1624 desim
579 1563 610 1623 P.
625 1565 737 1639 Sullae,
753 1567 916 1626 recordare
930 1565 969 1625 de
982 1571 1081 1624 caete·

63 1644 104 1719 rin,
118 1646 322 1723 quosedesse
335 1644 406 1706 huic
419 1646 524 1706 vides=
546 1647 695 1722 intelliges
717 1650 805 1710 etde
825 1649 884 1708 hoc
903 1656 934 1708 et
954 1647 992 1706 de
1012 1645 1080 1705 aliis

63 1724 198 1791 iudicium
222 1744 323 1788 meum
337 1729 488 1789 ethorum
507 1745 564 1804 par
584 1739 674 1805 atque
695 1748 787 1791 unum
809 1730 913 1790 luisse.
961 1727 992 1788 6.
1008 1726 1081 1800 Quis

63 1820 190 1877 nostrum
206 1811 303 1872 adluit
315 1811 523 1886 Vargunteioa
564 1812 674 1885 Nemo,
693 1828 731 1871 ne
752 1813 800 1873 hic
816 1813 938 1886 quidem
953 1810 1080 1870 Horten-

63 1894 127 1970 sius,
144 1893 325 1971 praesertim
340 1894 392 1971 qui
405 1893 489 1954 illum
511 1895 596 1955 solus
618 1904 708 1955 antea
731 1896 769 1955 de
791 1894 904 1954 ambitu
924 1891 1081 1952 delendis·

62 1986 109 2039 set.
146 1978 215 2039 Non
229 1976 309 2037 enim
325 1977 385 2038 iam
399 1993 433 2038 se
447 1978 509 2038 nnllo
525 1976 627 2037 olfioio
643 1994 711 2037 cum
726 1977 777 2038 illo
792 1975 986 2037 coniunctum
999 1971 1079 2033 arbi·

60 2061 197 2133 uebatur,
224 2077 317 2136 quum
331 2060 382 2120 ille
395 2069 479 2121 tanto
495 2062 611 2121 scelere
626 2060 790 2122 commisso
813 2057 945 2121 omnium
962 2053 1081 2117 olfioio·

59 2156 118 2205 rum
134 2143 312 2206 societatem
326 2143 506 2206 diremisset.
529 2143 603 2218 Quis
619 2152 756 2204 nostrum
773 2143 858 2207 Serv.
874 2141 996 2215 Sullam,
1012 2139 1081 2215 quis

59 2223 93 2301 P,
119 2225 190 2303 quis
205 2226 246 2287 Μ.
260 2228 404 2300 Laecam,
428 2227 496 2303 quis
511 2227 544 2286 C.
560 2227 729 2289 Cornelium
750 2225 975 2287 defendendum
994 2230 1081 2301 puta·

59 2309 198 2387 linquis
209 2308 248 2369 iis
262 2309 371 2370 horum
384 2311 500 2371 adluitt
517 2311 622 2372 Nemo.
644 2310 722 2384 Quin
736 2309 798 2370 ita't
818 2308 894 2383 Quia
904 2309 936 2368 in
951 2304 1080 2369 cacteris

58 2392 156 2456 ausis
173 2391 263 2452 ctiam
277 2402 422 2454 nocentes
440 2392 495 2452 viri
507 2393 589 2467 boni,
607 2393 634 2454 si
650 2392 817 2454 necessarii
832 2400 916 2466 sunl,
937 2392 1080 2452 deseren-

58 2475 110 2538 dos
124 2492 198 2537 esse
208 2491 270 2537 non
281 2484 402 2551 putant·
416 2477 445 2536 ιιι
457 2476 516 2536 hoc
528 2476 652 2537 crimine
663 2494 724 2538 non
736 2476 833 2538 solum
849 2474 980 2536 levitatis
992 2473 1082 2544 culpa

57 2567 108 2633 est,
121 2573 228 2619 verum
239 2556 329 2619 etiam
339 2561 488 2635 quaedam
500 2560 640 2635 contagio
653 2559 787 2631 sceleris,
800 2559 828 2619 si
842 2557 988 2618 delendas
1003 2569 1081 2624 eum,

57 2650 145 2718 quent
161 2641 337 2703 obstrictum
351 2659 422 2704 esse
441 2641 555 2718 patriae
569 2642 730 2718 parricidio
746 2641 914 2717 suspicere.
942 2636 970 2698 7.
983 2633 1082 2710 Quid?

55 2723 202 2787 Autronio
217 2741 318 2787 nonne
333 2727 467 2798 sodales,
482 2741 542 2785 non
556 2726 692 2800 collegae
707 2727 764 2798 sui,
779 2741 839 2785 non
850 2731 968 2783 veteres
982 2715 1080 2787 amici,

56 2824 186 2883 quorum
208 2806 258 2870 ille
277 2809 368 2884 copia
383 2809 537 2905 quondam
557 2808 738 2880 abundarat,
760 2824 822 2868 non
841 2804 873 2864 hi
888 2817 1009 2873 omncs,
1029 2796 1082 2894 qui

55 2899 126 2952 sunt
146 2888 179 2950 in
198 2892 371 2967 republica
391 2891 572 2967 principes,
588 2891 796 2951 dolueruntt
789 2905 879 2948 nmmo
894 2885 983 2946 etlam
998 2880 1082 2945 testi

53 2972 157 3034 monio
174 2972 311 3049 plerique
325 2976 498 3037 laeseruntt
524 2973 695 3035 statuerant
714 2981 828 3034 tantum
842 2969 917 3030 illud
934 2982 1005 3029 esse
1019 2981 1081 3026 nna·

53 3054 189 3117 leficium
213 3057 297 3132 quod
318 3073 379 3117 non
400 3058 492 3121 modo
514 3073 575 3117 non
597 3057 740 3118 occultari
761 3072 817 3132 per
840 3069 889 3126 se,
916 3049 1083 3113 sedetiam
1123 3104 1126 3111 .

53 3137 167 3214 aperiri
181 3137 383 3236 illustrarique
396 3141 530 3203 deberet.
554 3141 604 3202 ΙΙΙ.
619 3138 714 3213 Quam
725 3139 839 3200 obrem
851 3135 924 3212 quid
938 3144 984 3196 est
999 3132 1082 3210 quod

53 3220 181 3294 mirera,
198 3222 225 3283 si
240 3237 308 3284 cum
322 3223 431 3285 iisdem
451 3239 499 3283 me
519 3222 550 3282 in
567 3223 625 3282 hac
645 3238 739 3282 causa
757 3220 845 3281 vides
864 3220 992 3291 adesse,
1013 3231 1084 3277 cum

55 3304 192 3378 quibus
184 3322 214 3365 ιιι
231 3305 360 3367 caeteris
373 3305 515 3380 intelligis
533 3305 670 3366 aluisset
697 3303 762 3364 Nisi
778 3319 912 3365 veronna
928 3316 1022 3363 unum
1034 3298 1083 3356 vis

55 3387 156 3447 lerum
171 3398 290 3462 praeter
303 3397 457 3461 caeteros,
470 3405 519 3449 me
532 3404 689 3464 asperum,
706 3402 755 3446 me
769 3386 964 3447 inhumanum
979 3377 1109 3443 existi·
