2340 3788
88 153 150 219 114
288 150 338 208 un
353 145 508 207 innuero
525 144 580 203 cu.
595 143 748 225 nonnul
762 141 912 203 ortano.
1020 226 1031 239 ·

89 315 148 365 tam
160 299 213 374 vix
232 315 271 363 ex
288 312 404 359 summa
421 295 557 355 ubertate
576 309 717 369 agrorum
737 291 878 357 diuturna
897 307 962 367 pax
981 291 1110 353 elucere

90 383 247 461 potuisset
274 377 325 441 45.
348 381 410 437 lam
426 384 552 450 accepta
566 375 707 453 inPonto
723 373 891 442 calamitate
905 389 945 432 ex
962 388 1106 447 enproe·

89 468 138 538 lio,
154 465 193 523 de
208 458 268 537 quo
283 478 339 523 vos
354 461 455 536 paullo
471 466 540 519 ante
554 458 664 518 invitus
676 456 827 529 admonui,
843 472 937 530 quum
946 454 1024 517 socii
1040 473 1108 531 per·

89 546 271 615 timuissent,
290 543 423 605 bostium
438 558 514 616 opes
527 539 680 615 animique
694 537 877 610 crevissent,
898 537 971 597 satis
986 537 1109 599 firmum

90 627 273 707 praesidium
288 624 445 701 provincia
461 640 521 682 non
538 624 675 695 baberet,
696 620 876 681 amisissetis
893 620 1014 693 Asiam,
1037 621 1108 694 Qui-

46 772 49 783 ,
89 713 175 780 ritas,
202 709 260 770 nisi
280 710 319 768 ad
339 708 438 783 ipsum
460 704 620 766 discrimen
643 704 708 767 eius
729 702 873 778 temporis
894 701 1110 763 divinitus-Cn.

89 792 263 867 Pompeium
277 792 316 851 ad
331 807 384 851 eas
398 788 538 862 regiones
553 788 672 848 lortuna
688 785 792 862 populi
805 784 932 847 Romani
945 785 1108 847 attulisset

89 876 185 937 Huius
199 876 347 935 adventus
361 881 391 933 et
400 869 599 930 Mithridatem
614 869 735 931 insolita
751 866 966 931 inflammatum
981 867 1110 929 victorin

91 958 234 1019 continuit
249 966 279 1019 et
292 955 448 1028 Tigranem
462 950 578 1025 magnis
595 951 692 1025 copiis
707 949 889 1011 minitantem
903 949 997 1011 Asiae
1013 960 1108 1012 retar-

91 1041 181 1101 davit.
226 1041 263 1099 Et
286 1036 447 1112 quisquam
468 1033 612 1093 dubitabit
632 1032 704 1108 quid
727 1033 834 1093 virtute
854 1034 1046 1109 perlectugus
1070 1033 1110 1095 sit

92 1123 143 1197 qui
164 1129 276 1183 tautum
296 1117 472 1177 auctoritate
495 1115 675 1190 perfecerit?
696 1125 747 1175 aut
768 1132 859 1190 quam
875 1116 963 1175 facile
978 1115 1108 1189 imperio

36 1240 39 1245 -
90 1215 182 1280 atque
199 1199 332 1263 exercitu
348 1198 450 1259 socios
462 1206 492 1258 et
508 1197 664 1272 vectigalia
679 1205 913 1259 conservaturus
924 1197 964 1257 sit
975 1197 1027 1272 qui
1038 1197 1109 1272 ipso

31 1242 211 1393 &nomine
231 1299 267 1342 ac
287 1297 408 1341 rumore
431 1280 618 1342 dclenderitt
654 1281 732 1343 XVI.
749 1279 799 1343 46.
820 1285 887 1354 Age
904 1295 977 1339 vero
992 1280 1044 1341 illa
1058 1296 1111 1341 res

92 1375 232 1441 quantam
253 1365 386 1424 declarat
405 1363 541 1422 eiusdem
561 1362 689 1425 hominis
707 1363 789 1438 apud
804 1363 908 1422 hostes
926 1362 1032 1437 populi
1048 1363 1109 1423 Ro·

91 1447 171 1508 mani
187 1445 401 1517 auctoritatem,
418 1446 501 1519 quod
516 1462 556 1505 ex
571 1446 646 1506 locis
661 1455 720 1506 tam
737 1444 911 1519 longinquis
928 1453 1051 1519 tamque
1063 1443 1110 1505 di-

91 1528 188 1591 versis
214 1537 274 1589 am
297 1527 381 1587 brevi
404 1536 538 1603 tempore
562 1545 667 1589 omnes
685 1528 756 1587 huic
778 1544 813 1589 se
834 1527 885 1588 uni
908 1526 1111 1592 desiderante

93 1613 175 1685 quod
189 1610 373 1671 Cretensium
388 1610 488 1685 legati,
505 1626 597 1685 quum
613 1609 643 1670 in
660 1611 876 1672 eorum-insula
892 1618 997 1671 noster
1013 1609 1109 1683 impe

92 1703 173 1754 rator
187 1693 399 1767 exercitusque
415 1702 505 1764 esset,
522 1694 561 1752 ad
576 1694 627 1753 cn.
642 1692 815 1769 Pompeium
831 1692 861 1752 in
877 1691 997 1753 ultimas
1012 1706 1111 1767 prope

91 1785 186 1837 terras
204 1785 350 1861 venerunt
362 1775 451 1850 eique
466 1792 501 1836 sa
518 1792 624 1837 omues
640 1774 823 1837 cretensium
841 1775 977 1835 civitates
994 1774 1110 1837 dedere

94 1862 169 1919 velle
185 1858 344 1921 dixerunt?
370 1858 467 1932 andr
488 1857 567 1919 idern
583 1859 641 1920 iste
655 1858 842 1920 Mithridates
857 1873 957 1918 nonne
971 1858 1010 1916 ad
1025 1871 1109 1915 eum-

93 1942 161 2003 dem
173 1943 224 2002 Cn.
236 1942 411 2017 Pompeium
425 1941 555 2015 legatum
572 1959 669 2017 usque
683 1941 713 1999 in
727 1938 902 2017 Hispaniam
916 1938 1016 2000 misitt
1030 1954 1112 2009 eum,

94 2042 182 2098 quem
200 2025 361 2100 Pompeius
381 2025 512 2098 legatum
532 2040 653 2099 semper
673 2022 830 2095 iudicavit,
850 2022 887 2095 ii,
912 2023 1022 2097 quibus
1044 2029 1113 2080 erat

92 2109 307 2180 permolestum
329 2107 369 2166 ad
392 2123 460 2167 eum
481 2107 671 2181 potissimum
686 2121 756 2165 esse
771 2103 911 2176 missum,
937 2105 1110 2179 speculato-

92 2205 155 2246 rem
177 2206 266 2261 quam
286 2191 415 2263 legatum
436 2188 561 2249 iudicari
582 2191 757 2248 maluerunt.
791 2187 922 2248 Potestis
941 2186 1028 2263 igitur
1048 2185 1110 2245 iam

94 2269 290 2344 constituere,
307 2271 450 2344 Quirites,
466 2272 543 2330 hanc
558 2270 762 2331 auctoritatem
778 2270 878 2331 multis
895 2278 1002 2345 postea
1015 2269 1111 2329 rebus

93 2350 187 2423 gestis
198 2352 375 2426 magnisque
386 2354 496 2414 vestris
507 2353 627 2413 iudiciis
639 2352 859 2427 amplificatam,
872 2360 1015 2426 quantum
1026 2350 1110 2426 apud

93 2434 161 2493 illos
180 2448 283 2507 reges,
306 2444 449 2508 quantum
469 2437 551 2511 apud
571 2445 690 2497 exteras
708 2436 846 2497 nationes
867 2437 1023 2496 valituram
1038 2449 1111 2494 esse

94 2514 279 2576 existimetis.

175 2596 226 2661 47.
245 2598 404 2673 Reliquum
418 2609 465 2660 est
481 2609 512 2661 ut
526 2601 564 2659 de
576 2600 725 2674 felicitate,
744 2616 833 2676 quam
850 2607 1004 2676 praestare
1019 2599 1059 2657 de
1075 2614 1113 2658 se

93 2680 162 2754 ipso
177 2698 264 2742 nemo
280 2683 389 2757 potest,
405 2682 578 2743 meminisse
591 2692 621 2744 et
636 2699 870 2745 commemorare
882 2683 920 2741 de
931 2683 1024 2742 altero
1036 2697 1111 2755 pos-

95 2779 215 2837 sumus,
236 2764 314 2825 sicut
333 2781 464 2839 aequum
478 2775 525 2825 est
541 2766 678 2826 homines
693 2768 731 2826 de
746 2772 895 2841 potestate
912 2765 1052 2834 deorum,
1074 2760 1119 2823 ιί-ι

94 2845 173 2905 mide
194 2855 223 2906 et
243 2864 340 2921 pauca
361 2845 505 2908 dicamus.
548 2849 612 2924 Ego
633 2848 713 2909 enirn
728 2849 772 2909 sic
787 2846 941 2907 existimo:
966 2836 1110 2916 Maximo,

93 2926 250 3000 Marcello,
266 2929 414 3005 Scipioni,
432 2931 543 3005 Mario,
560 2940 590 2992 et
605 2930 732 2991 caeteris
746 2929 862 3004 magnis
877 2926 1114 3007 imperatoribus

95 3023 154 3065 non
170 3012 266 3069 solum
281 3021 404 3088 propter
419 3014 565 3088 virtutem,
579 3014 635 3075 sed
648 3013 736 3074 etiam
749 3020 871 3088 propter
882 3012 1032 3072 fortunam
1043 3026 1112 3071 sae-

94 3087 163 3182 pius
177 3088 301 3164 imperia
316 3096 456 3155 mandata
470 3106 561 3171 atque
575 3096 725 3156 exercitus
740 3112 810 3156 esse
825 3093 1016 3157 commissos.
1043 3090 1118 3153 Fuit

95 3185 173 3229 cmm
189 3173 323 3244 prolecto
341 3177 520 3251 quibusdam
542 3178 666 3239 summis
687 3178 762 3239 viris
783 3179 932 3254 quaedam
948 3176 987 3235 ad
1004 3174 1113 3251 ampli·

94 3251 227 3348 tudinem
243 3262 273 3347 et
290 3258 329 3315 ad
346 3259 470 3332 gloriam
488 3270 517 3322 et
536 3262 641 3322 adres
661 3278 785 3337 magnas
802 3262 879 3341 bene
894 3259 1045 3335 gerendas
1068 3257 1112 3318 di-

92 3344 204 3398 vrmtus
220 3337 360 3397 adiuncta
374 3341 501 3401 fortuna.
540 3345 584 3403 De
597 3344 686 3405 huius
701 3352 799 3405 autem
814 3343 942 3405 hominis
958 3341 1118 3414 felicitate,
