2340 3788
339 190 758 261 cAP.1s-21.r.tt-s1.
790 264 796 273 ,
937 142 939 146 ⁵
994 195 1060 267 ml

10 340 91 417 Qui
105 348 170 401 turn
187 340 258 401 inde
270 339 384 403 reditus
397 349 449 403 aut
465 343 585 419 qualist
599 344 683 419 prius
696 342 728 403 ia
741 341 874 405 ultimam
884 346 1010 409 Galliam
1020 364 1059 410 ex

10 428 179 500 Aegypto
205 424 444 502 quam-domum.
494 425 577 500 Quae
603 434 703 488 autem
724 433 790 487 erat
813 426 943 490 domuat
965 430 1059 493 Suam

12 505 115 569 eninr
135 504 266 581 quisque
279 508 402 568 domum
416 515 478 568 tum
496 509 650 571 obtinebat
662 524 763 583 neque
778 514 842 569 erat
856 524 986 585 usquam
996 521 1058 575 tua.

11 590 163 652 Domum
183 588 274 651 dicut
290 589 367 664 Quid
389 599 454 653 erat
472 593 503 651 in
521 591 609 655 terris
624 591 677 653 ubi
691 590 722 651 in
736 598 788 653 tu'c
802 591 913 666 pedem
926 608 1058 667 poneres

13 680 157 755 praeter
177 689 269 734 unum
282 673 447 744 Misenum,
472 676 556 750 quod
575 691 643 736 cum
658 675 750 736 sociis
764 681 917 750 tamquam
933 675 1058 751 Sisapo·

17 769 102 817 nem
116 755 263 816 tenebas?
276 754 403 835 xasa.
418 756 536 818 Venisti
550 774 567 818 e
582 757 677 819 Gallia
692 758 732 817 ad
747 765 940 832 quaesturam
954 765 1058 833 petens

21 838 113 899 dam.
149 838 239 899 Aude
253 838 355 899 dicere
373 848 402 899 te
415 839 501 914 prius
515 841 555 900 ad
569 848 724 916 parentem
734 848 819 902 tuum
830 839 953 901 venisse
968 855 1059 915 quarn

10 954 12 961 ·
27 921 73 982 ad
85 934 145 981 me.
188 923 378 997 Acceperam
398 921 458 982 iam
472 931 540 983 ante
555 922 694 984 caesaris
708 921 832 995 litteras,
848 929 880 982 ut
895 922 967 983 milti
984 922 1059 985 satia

10 1003 102 1066 ²lleri
118 1010 240 1078 paterer
253 1019 272 1062 a
285 1012 325 1065 te.
358 1005 463 1081 ltaque
481 1022 521 1067 ne
531 1005 616 1081 loqui
630 1005 753 1081 quidem
768 1021 835 1067 sum
849 1011 878 1065 te
892 1021 1005 1081 passus
1020 1005 1061 1069 de

10 1085 137 1165 ipratia.
184 1086 295 1147 Postea
314 1102 382 1148 sum
402 1089 502 1149 cultus
518 1096 595 1162 ate,
613 1096 647 1150 tn
660 1105 678 1148 a
692 1103 741 1148 me
756 1086 937 1150 observatus
953 1089 983 1149 in
1005 1103 1059 1164 pe·

10 1168 137 1229 tutione
161 1175 357 1244 quaesturae.
409 1170 475 1244 Quo
496 1170 618 1246 quidem
639 1178 775 1246 tempore
792 1171 824 1232 P.
849 1169 986 1233 Clodium
1005 1187 1059 1246 ap

10 1245 22 1303 l
29 1252 181 1327 probante
196 1252 312 1326 populo
322 1253 462 1313 Romano
479 1252 511 1313 in
523 1254 590 1316 lorc
604 1270 638 1314 es
651 1261 779 1314 conatus
790 1252 939 1326 occidere,
953 1270 1059 1329 quum.-

10 1341 96 1410 tque
112 1349 180 1393 earn
193 1350 258 1394 rem
272 1339 323 1395 tua
337 1344 447 1411 sponte
462 1351 622 1410 conarere,
643 1353 705 1400 non
719 1334 852 1412 impulsu
865 1353 945 1411 meo,
960 1345 1060 1399 tamen

10 1414 72 1477 sita
87 1416 302 1491 praedicabas,
326 1427 355 1479 te
378 1436 440 1481 uon
463 1419 650 1494 existimare,
671 1418 730 1481 nisi
744 1417 828 1481 illum
842 1418 1059 1493 interfecisses,

10 1510 177 1575 tamquam
192 1498 265 1560 mihi
278 1517 335 1576 pro
350 1501 410 1564 tuis
424 1501 455 1562 in
469 1519 519 1563 ure
532 1501 648 1564 iniuriis
663 1502 738 1565 satis
752 1517 823 1565 esse
838 1503 995 1565 iacturum.
1023 1503 1058 1562 ln

10 1596 13 1635 ;
30 1598 94 1655 quo
107 1582 239 1643 demiror
255 1600 310 1645 cur
323 1584 467 1645 Milonem
486 1584 619 1660 impulsu
636 1602 707 1646 meo
721 1601 786 1645 rem
800 1585 881 1646 illam
896 1584 998 1660 egisse
1011 1583 1058 1647 di-

10 1706 12 1711 -
29 1678 95 1735 cas,
113 1682 205 1739 quum
220 1675 250 1725 te
263 1668 343 1725 ultro
357 1665 429 1725 mihi
444 1666 525 1725 idem
537 1667 614 1726 illud
627 1666 812 1726 deferentem
823 1684 985 1741 numquam
1001 1667 1059 1729 sim

27 1746 219 1807 adhortatus.
251 1745 489 1820 Quamquam,·si
501 1746 533 1805 in
547 1763 585 1808 ec
604 1761 827 1821 persevemres,
846 1749 886 1808 ad
898 1757 981 1810 tuam
994 1750 1058 1823 glo

26 1828 109 1889 riam
122 1844 186 1887 rem
199 1826 280 1887 illam
294 1828 399 1888 reterri
414 1827 562 1889 malebam
578 1845 669 1903 quam
683 1830 722 1888 ad
736 1844 835 1890 meam
851 1829 987 1904 gratiam.
1006 1827 1058 1890 50.

28 1911 238 1985 quaestores
258 1910 372 1972 lactus:
394 1909 505 1971 deinde
526 1909 669 1972 continuo
690 1910 758 1971 sine
771 1921 896 1973 senatus
911 1913 1060 1986 consulto,

29 1995 100 2054 sine
116 1999 207 2065 sorte,
223 1992 290 2053 sine
301 1995 368 2070 lege
384 1993 424 2054 ad
439 1994 598 2055 caesarem
614 1992 781 2055 cucurristi.
824 1995 859 2054 ld
874 1993 953 2055 enim
967 2009 1060 2055 unum

28 2077 63 2136 ln
77 2075 166 2136 terris
180 2075 340 2152 egestatis,
358 2076 438 2138 aeris
453 2077 556 2150 alieni,
573 2076 724 2151 nequitiae
736 2077 864 2153 perditis
878 2075 956 2139 vitae
969 2074 1059 2137 ratio·

27 2158 124 2219 uibus
148 2158 318 2235 perfugium
342 2177 414 2221 essa
434 2159 578 2221 ducebas.
620 2161 663 2221 lbi
679 2167 708 2221 te
722 2177 815 2237 quum
829 2169 859 2222 et
875 2159 955 2221 illius
969 2158 1060 2235 largi·

27 2241 166 2303 tionibus
179 2251 209 2302 et
217 2242 276 2304 tuis
288 2242 403 2317 rapinis
413 2243 615 2318 explevisses,
628 2243 655 2304 si
663 2244 722 2304 hoc
734 2250 783 2303 est
794 2245 918 2320 explere
929 2242 1059 2322 [rapere]

29 2325 117 2400 quod
130 2324 228 2386 statim
240 2325 389 2400 effundas,
406 2327 555 2388 advolasti
569 2342 663 2401 egeas
679 2326 718 2387 ad
731 2324 921 2402 tribumtum,
935 2334 967 2389 ut
979 2327 1010 2387 ia
1021 2340 1059 2386 eo

30 2408 221 2482 magistratu,
239 2408 265 2468 si
280 2423 402 2484 posses,
417 2408 475 2469 viri
489 2407 532 2471 tui
546 2409 652 2470 similis
666 2424 764 2470 assas.

95 2490 172 2550 XXI.
189 2489 329 2566 Accipite
339 2506 435 2564 nunc,
450 2507 583 2568 quaeso,
600 2508 661 2552 non
674 2509 726 2566 ea,
745 2508 824 2573 quae
837 2494 905 2568 ipse
919 2491 949 2551 in
965 2506 1000 2552 se
1016 2497 1059 2550 at·

31 2590 96 2650 que
109 2572 139 2634 in
149 2572 350 2635 domesticum
365 2575 501 2636 dedecus
516 2574 635 2651 impure
644 2584 737 2652 atque
748 2575 988 2650 intemperanter,
1003 2572 1059 2632 sed

30 2671 114 2732 quae
134 2656 165 2716 in
187 2673 245 2718 nos
266 2657 465 2733 fortunasque
480 2665 618 2730 nostres,
639 2658 672 2720 id
689 2659 780 2720 estin
800 2657 975 2720 universam
995 2669 1059 2714 rem

28 2739 200 2816 publicam,
224 2738 316 2815 impie
336 2756 373 2802 ac
391 2740 505 2801 nelarie
525 2740 639 2802 lecerit.
682 2741 729 2802 Ab
746 2740 928 2803 huiusenim
943 2739 1060 2799 scelere

29 2822 165 2883 omnium
187 2824 333 2884 malorum
358 2822 539 2899 principium
563 2831 665 2885 natum
686 2824 853 2901 reperietis.
902 2821 952 2884 st.
975 2821 1059 2891 Nam,

30 2922 127 2982 quum
148 2907 182 2965 L.
196 2907 323 2967 Lentulo
338 2905 369 2967 C.
381 2907 525 2969 Marcello
548 2907 724 2969 consulibus
745 2905 892 2969 Kalendis
912 2900 1058 2965 Ianuariis

28 2989 182 3050 labentem
197 2996 228 3049 et
238 3005 335 3064 prope
347 2990 506 3050 cadentem
518 3005 582 3050 rem
597 2991 749 3066 publicam
769 2989 875 3051 ltrlcim
897 2983 1058 3063 cuperetis,

29 3071 155 3147 ipsique
173 3072 204 3132 c.
222 3068 360 3144 caesari,
382 3072 409 3133 si
423 3088 498 3134 sana
512 3081 612 3134 mente
628 3082 725 3148 esset,
748 3074 909 3134 consulere
932 3069 1058 3139 velletis,

28 3163 95 3215 turn
118 3154 176 3216 iste
198 3155 351 3216 venditum
373 3163 465 3231 atque
481 3158 701 3230 emancipatum
721 3157 903 3217 tribunatum
923 3149 1060 3215 consiliis

27 3236 295 3312 vestrisopposuit
301 3237 502 3314 cervicesque
514 3255 588 3300 suas
599 3239 628 3299 ei
640 3240 768 3299 subiecit
781 3237 891 3312 securi,
904 3253 964 3312 qua
974 3231 1058 3293 multi

29 3320 200 3381 minoribus
220 3319 250 3380 in
266 3322 399 3395 peccatis
423 3321 607 3383 occiderunt.
650 3323 683 3380 ln
700 3331 739 3394 tc,
752 3321 793 3381 tt.
808 3322 936 3391 Antoni,
959 3318 989 3377 id
1005 3314 1056 3374 do·

28 3403 128 3464 crevit
150 3408 274 3464 senatus
294 3405 462 3499 ethuidem
481 3405 656 3478 incolumis,
678 3405 813 3466 nondum
832 3397 1057 3465 tollaminibus
