2340 3788
107 201 169 267 lon
309 199 360 261 DE
374 199 529 261 IMPERIO
545 200 600 259 CN.
614 198 766 260 nooman
783 198 934 260 ORATIO.

106 364 187 425 tere,
208 360 242 412 ιιι
261 366 322 410 non
348 352 451 425 plures
467 366 572 411 secum
587 349 617 411 in
634 350 772 411 eamdem
785 349 903 411 trabant
917 349 1126 413 calamitatem

104 440 136 497 A
156 452 219 529 quo
240 433 375 508 periculo
390 432 548 507 prohibete
563 447 628 491 rem
641 431 793 509 publicam
811 431 933 493 etmihi
953 432 1070 495 credite
1087 433 1127 508 id,

108 516 219 594 qnod
211 515 272 591 ipsi
294 514 418 576 videtis·
439 513 516 575 baec
535 515 614 575 lldes
634 522 725 589 atque
740 513 817 575 baec
829 514 907 575 ratio
921 514 1127 590 pecuniarum,

109 615 190 676 quae
202 599 333 670 Romae,
354 614 434 672 quae
452 596 482 656 in
504 598 570 657 loro
580 604 738 670 versatur,
758 582 910 670 implicata
922 604 971 657 est
985 613 1057 657 cum
1069 598 1127 661 illis

108 680 247 758 pecuniis
263 680 407 741 Asiaticis
430 687 461 740 et
482 679 633 739 cohaeret
668 680 769 739 Ruere
785 678 837 738 illa
856 695 917 739 non
931 688 1079 753 possunt,
1096 689 1129 741 ιιι

107 765 186 825 haec
207 779 268 823 non
290 764 399 823 eodem
418 762 567 822 labefacta
585 768 669 822 motu
687 760 857 822 concidant
897 761 1012 833 Quare
1025 762 1128 823 videte

107 865 181 909 num
200 845 396 908 dubitandum
415 843 505 904 vobis
523 843 563 903 sit
576 843 659 905 omni
672 843 770 905 studio
785 842 873 905 adid
885 842 1000 903 bellum
1012 843 1127 905 incum-

107 933 197 1002 bere,
211 929 242 989 in
258 945 319 1004 quo
333 925 430 1001 gloria
443 925 574 987 nominis
591 925 700 999 vestri,
719 927 803 986 salus
818 924 981 997 sociorum
996 927 1128 1001 vectiga-

106 1014 147 1073 lia
162 1012 305 1082 maxima,
326 1011 464 1070 fortunae
484 1007 679 1084 plurimorum
693 1006 803 1069 civium
819 1006 1000 1069 coniunctae
1015 1024 1083 1071 cum
1095 1024 1129 1067 re

108 1096 230 1172 publica
244 1094 453 1153 defendantur.

191 1174 270 1236 Vlll.
297 1173 348 1234 20.
379 1173 527 1248 Quoniam
547 1175 586 1234 de
606 1162 716 1247 genere
726 1171 801 1233 belli
818 1171 896 1245 dixi,
913 1188 996 1233 nuuc
1011 1174 1129 1233 doma.

108 1256 264 1351 gnitudine
284 1272 382 1330 pauca
404 1255 512 1316 dicam.
542 1257 646 1317 Potest
665 1256 724 1315 hoc
747 1254 827 1315 enim
847 1254 921 1329 dici,
942 1254 1016 1316 belli
1026 1270 1129 1329 genus

106 1355 180 1400 esse
192 1338 235 1401 ita
247 1337 463 1412 necessarium,
475 1347 510 1399 ut
523 1339 563 1399 sit
578 1339 752 1414 gerendum,
768 1354 830 1399 uon
844 1336 967 1398 esseita
976 1353 1131 1412 magnum,

72 1454 75 1459 ·
108 1431 141 1481 ut
161 1421 201 1481 sit
222 1420 505 1495 pertimescendum.
543 1423 576 1479 ln
595 1438 656 1495 quo
671 1420 801 1480 maxime
814 1419 1015 1481 laborandum
1028 1429 1076 1481 est
1090 1436 1130 1483 ne

109 1506 219 1564 lortea
235 1501 323 1562 vobis
342 1519 421 1576 quae
436 1501 664 1577 diligentissime
677 1503 869 1580 providenda
885 1512 971 1577 sunt,
994 1511 1130 1565 conlem-

103 1587 209 1646 nenda
232 1601 303 1645 esse
322 1584 492 1646 videantur
533 1589 635 1661 Atque
655 1594 689 1647 ut
708 1598 812 1647 omnes
834 1585 1069 1680 intelligentiae
1091 1584 1129 1645 1..

106 1667 233 1729 Lucullo
252 1658 367 1728 ιιιιιιιιιι
388 1667 540 1743 impertire
560 1668 675 1742 laudis,
698 1677 841 1744 quantum
863 1667 934 1729 lorti
952 1667 1018 1729 viro
1033 1676 1065 1728 el
1078 1684 1131 1729 sa-

108 1750 203 1826 pienti
217 1749 330 1811 homini
345 1758 375 1811 et
388 1767 498 1826 magno
520 1750 695 1847 imperatori
714 1751 873 1823 debeatur,
896 1750 965 1810 dico
984 1749 1052 1811 eius
1073 1751 1131 1811 ad-

107 1842 202 1895 ventu
220 1833 367 1894 maximas
381 1833 544 1895 Mithridati
566 1834 671 1910 copias
686 1833 827 1895 omuibus
840 1833 932 1895 rebus
948 1840 1070 1893 ornatas
1083 1840 1130 1893 al-

108 1935 170 1993 que
189 1917 351 1979 instructas
372 1916 484 1991 fuisse,
509 1919 676 1993 urbemque
688 1916 782 1977 Asiae
802 1915 1000 1977 clarissimam
1022 1914 1130 1976 nobis-

107 2018 170 2075 que
184 2000 404 2071 amicissimam,
420 2000 646 2078 Cyzicenorum,
660 2000 821 2060 obsessam
834 2016 905 2060 esse
918 1999 957 2059 ab
971 1998 1041 2073 ipso
1056 2014 1132 2073 rege

107 2084 238 2141 maxima
257 2082 446 2143 mullitudine
467 2095 497 2143 et
513 2090 717 2158 oppugnatam
732 2080 1013 2154 vehementissime,
1038 2096 1132 2156 quam

106 2165 140 2222 L.
157 2165 300 2224 Lucullus
316 2166 442 2238 virtute,
460 2164 655 2236 adsiduitate,
671 2163 799 2224 consilio
814 2164 939 2226 summis
956 2162 1130 2225 obsidionis

108 2244 252 2319 periculis
272 2245 425 2308 liberavit=
454 2246 504 2308 21.
528 2248 566 2306 ab
587 2246 694 2306 eodem
716 2246 897 2322 imperatore
917 2248 1048 2307 classem
1064 2262 1129 2306 ma·

106 2342 197 2401 gnam
218 2334 248 2386 el
268 2338 418 2403 orinatum,
439 2345 518 2406 quae
538 2329 667 2389 ducibus
682 2329 864 2390 Sertorianis
877 2331 919 2390 ad
934 2328 1048 2390 ltaliam
1065 2336 1130 2389 stu·

108 2408 159 2468 dio
181 2417 273 2483 atque
290 2411 360 2471 odio
375 2413 559 2473 inflammata
572 2421 741 2485 raperetur,
763 2421 935 2488 superatam
951 2428 1024 2472 esse
1036 2419 1131 2486 atque

107 2493 301 2566 depressam=
327 2511 453 2570 magnas
475 2492 607 2555 hostiurn
624 2503 781 2570 praeterea
798 2495 904 2570 copias
920 2495 1021 2555 modus
1038 2509 1129 2570 proe-

106 2575 155 2636 liis
176 2591 248 2636 esse
264 2577 379 2637 deletas
394 2579 639 2653 patefactumque
653 2577 765 2639 nostris
778 2576 949 2652 legionibus
965 2592 1038 2637 esse
1050 2577 1131 2639 Pon-

106 2669 184 2731 tum,
203 2657 254 2734 qui
275 2668 363 2720 antea
381 2662 498 2736 populo
512 2661 648 2721 Romano
670 2677 710 2721 ex
724 2659 805 2720 omni
818 2659 902 2721 aditu
916 2661 1040 2720 clausus
1055 2658 1130 2721 luis-

107 2752 168 2801 set=
182 2741 316 2817 Sinopen
329 2751 419 2817 atque
425 2742 572 2817 Amisum,
585 2743 694 2818 quibus
706 2742 737 2802 in
749 2741 871 2819 oppidis
881 2749 967 2803 eraut
977 2741 1133 2802 doudcilia

105 2824 196 2898 regis,
206 2825 345 2886 omnibus
354 2827 446 2887 rebus
456 2835 578 2887 ornatas
588 2835 679 2901 atque
687 2828 814 2887 refertas
824 2833 1024 2899 casurasque
1036 2824 1133 2885 urbes

105 2905 192 2965 Ponti
210 2917 240 2968 et
258 2909 471 2985 Cappadociae
489 2910 653 2985 permultas
668 2924 730 2969 uno
749 2908 832 2969 aditu
848 2908 1044 2981 adventuque
1058 2921 1133 2967 esse

108 2995 229 3062 captas,
249 3006 351 3066 regem
367 2992 527 3067 spoliatum
543 3009 637 3067 regno
649 2986 746 3067 patrio
758 3000 850 3065 atque
860 2990 941 3059 avito
953 2991 995 3050 ad
1004 2989 1083 3050 alios
1094 3004 1134 3049 se

106 3082 196 3139 reges
208 3080 299 3144 atque
311 3075 552 3149 adaliasgentes
567 3073 736 3170 supplicem
755 3073 922 3135 contulisse
929 3081 1042 3147 ,atque
1053 3072 1134 3133 haec

107 3148 208 3210 omnia
220 3154 320 3214 salvis
325 3157 431 3233 populi
441 3156 568 3218 Romani
580 3157 673 3218 sociis
685 3165 777 3231 atque
790 3155 925 3230 integris
929 3154 1135 3230 vectigalibus

106 3242 284 3306 essegesta.
302 3236 381 3298 Satis
394 3238 929 3314 opinorbaecesselaudisatqueita
931 3237 1136 3314 ,Quiritesnt

105 3314 165 3375 hoc
180 3331 237 3375 vos
253 3313 434 3394 intelligatis,
452 3338 471 3380 a
487 3324 569 3383 nullo
582 3321 716 3393 istorum,
733 3322 784 3396 qui
800 3320 871 3381 huic
887 3321 1057 3381 obtrectant
1070 3317 1136 3395 legi

105 3406 198 3473 atque
209 3413 329 3470 causae
337 3400 370 3460 L
381 3401 536 3463 Lucullum
547 3403 681 3465 srmrbter
689 3420 728 3464 ex
737 3404 796 3468 boc
805 3404 874 3466 loco
883 3419 955 3466 csse
964 3403 1135 3465 laudatum·
