2340 3788
63 418 159 548 ·,’
293 450 824 537 donumdonumr

41 598 389 703 'ruo-sur.
430 614 674 699 roscio
717 612 1010 703 ιιιιιιιιι

430 774 692 873 tinniit).
929 778 932 783 ⁴
1094 758 1097 764 “

352 1043 755 1151 incrusurum

114 1205 200 1265 Quum
214 1203 274 1255 Sex.
291 1205 416 1267 Roscius,
430 1209 560 1272 municeps
576 1208 708 1257 Amerinus
727 1225 758 1259 ex
774 1209 889 1270 Umbris,
906 1209 982 1260 homo
1000 1210 1071 1262 diues

37 1283 67 1325 et
83 1273 252 1339 splendidus,
270 1271 341 1324 finito
360 1275 412 1324 ium
432 1276 615 1341 proscriptione
631 1275 748 1337 Sullana,
769 1277 864 1328 Romus
880 1280 977 1329 occisus
994 1285 1070 1341 esset,

40 1357 139 1394 nomeu
151 1342 205 1391 eius
216 1341 243 1390 in
253 1342 352 1392 tubulus
364 1345 552 1410 proscriptionis
563 1343 669 1394 relatum
681 1353 732 1405 est,
747 1348 814 1396 bonu
822 1348 965 1406 venieruut3
982 1346 1070 1407 fliium,

40 1411 108 1461 Sex.
124 1410 261 1471 Roscium,
282 1412 386 1462 Erucius
402 1406 520 1475 quidem,
541 1414 692 1464 subornatus
709 1416 767 1466 sL.
787 1413 962 1481 Chrysogono,
986 1414 1071 1465 Suilue

10 1542 12 1547 Ι
45 1481 137 1531 iibertc
146 1514 160 1540 ,
170 1479 214 1541 qui
227 1480 295 1531 bons
310 1489 417 1541 emeret,
438 1490 463 1532 et
477 1483 541 1532 Titis
556 1481 655 1531 Rosciis
672 1480 792 1547 Capitone
807 1490 830 1532 et
845 1485 951 1550 Magno,
972 1484 1071 1535 Ameri-

49 1550 103 1608 nis,
123 1548 233 1599 inimieis
255 1548 341 1599 Roscii
361 1551 453 1617 occisi,
477 1551 522 1615 qui
543 1549 654 1616 praedae
673 1552 810 1616 participes
831 1561 916 1613 crunt,
942 1552 1072 1618 parricidii

51 1616 184 1667 socusevit.
218 1615 282 1666 Eum
298 1616 399 1678 Cicero,
416 1622 527 1682 quitum
544 1633 637 1668 sunum
651 1619 804 1683 vigesimum
819 1622 954 1684 septimum
970 1620 1070 1686 agebat,

55 1685 117 1749 opud
134 1684 170 1734 Μ.
185 1684 309 1735 Fertinium
327 1694 485 1749 praetorem,
507 1688 550 1748 qui
572 1687 712 1748 quaestioni
732 1689 797 1737 iuter
812 1689 925 1738 ‘sicarios
946 1697 1071 1753 procer-ct,

55 1750 97 1802 isc
112 1755 226 1803 oratioue
242 1754 278 1801 itu
295 1751 423 1812 defendit,
443 1762 473 1802 ut
487 1755 583 1803 crimen
597 1754 623 1800 iu
638 1752 828 1820 Chrysogonum
843 1764 868 1804 et
882 1757 952 1805 Titos
967 1756 1072 1805 Roscios

59 1822 171 1873 reseres.
207 1819 291 1869 Ceusu
312 1826 371 1868 acts
392 1829 431 1870 est
450 1822 479 1870 L.
505 1819 618 1869 Cornelio
640 1817 762 1881 salluii,
786 1822 892 1872 Caecilio
912 1821 1013 1872 ¹liieteiio
1027 1823 1073 1872 Pio

62 1886 137 1949 Coss,
157 1890 189 1941 L.
207 1887 278 1936 suu
298 1887 431 1949 dictatore,
454 1903 519 1939 unuo
542 1903 570 1952 p.
586 1903 611 1938 u.
628 1885 810 1945 c.‚I)CLXX[V
824 1889 913 1948 Vere,
934 1905 958 1939 s.
973 1888 1030 1942 Chr.
1047 1903 1073 1940 u.

64 1954 148 2008 LXXX.
191 1957 262 2005 Hunc
287 1955 397 2020 primuni
422 1959 449 2008 in
467 1957 561 2008 iudicio
582 1956 684 2022 publico
712 1958 850 2007 orationem
871 1956 956 2006 Cicero
976 1956 1073 2007 hebuit.

65 2020 124 2087 [idue
141 2024 270 2085 Ciceronis
288 2023 362 2074 Brut.
386 2041 408 2075 o.
422 2031 456 2080 0⁰.
477 2026 502 2088 s.
518 2031 563 2074 312.
587 2024 699 2090 eiusdem
720 2025 765 2080 lib.
788 2026 819 2076 de
841 2025 930 2090 officiis
948 2026 979 2080 ΙΙ.
999 2041 1021 2083 c,
1039 2030 1073 2074 lt.

64 2092 81 2153 ς.
92 2101 122 2144 tt.
138 2092 267 2144 Plutarchi
280 2094 321 2143 rit.
339 2093 388 2144 Cio.
405 2110 427 2144 o.
441 2101 463 2148 8.
481 2092 553 2145 Gellii
570 2094 642 2145 Noct.
659 2092 714 2145 Art.
731 2094 775 2167 lits.
790 2093 847 2161 XV.
862 2110 884 2150 c.
899 2092 957 2160 Μ.

130 2264 154 2323 Ι.
170 2262 200 2325 1.
222 2224 328 2324 Credo
353 2278 410 2340 ego
431 2279 505 2336 vos,
531 2261 665 2336 iudices,
692 2261 794 2322 mirari
822 2248 897 2337 'quid
919 2260 960 2327 sit
980 2262 1074 2338 quod,

64 2362 143 2421 quum
166 2353 211 2407 tot
233 2348 341 2408 summi
362 2355 499 2407 oratores
520 2346 723 2421 hominesque
743 2343 924 2406 nobilissimi
938 2345 1074 2419 sedeant,

63 2445 107 2506 ego
124 2428 318 2507 potissimum
334 2427 532 2502 surrexerim,
549 2429 600 2505 qui
614 2445 716 2504 neque
731 2436 829 2488 aetate
841 2445 942 2504 neque
953 2428 1074 2502 ingenio

61 2529 152 2590 neque
177 2512 355 2575 auctoritate
379 2511 436 2572 sim
464 2527 531 2571 cum
555 2512 620 2586 his,
652 2512 704 2588 qui
731 2513 872 2584 sedeunt,
897 2524 1075 2589 comparau-

61 2597 118 2658 dus.
148 2595 260 2657 Omnes
275 2596 321 2669 hi,
343 2611 422 2671 quos
436 2593 548 2654 videtis
562 2595 674 2656 adesse
688 2595 719 2654 in
734 2594 791 2654 hcc
806 2610 913 2666 causa,
936 2591 1077 2652 iniurium

60 2697 130 2743 ruvo
154 2681 270 2740 scelere
291 2677 453 2739 conflatam
475 2685 581 2751 putant
595 2686 736 2752 oportere
750 2677 889 2749 defendi,
913 2674 1077 2734 defendere

59 2761 109 2839 ipsi
132 2771 258 2840 propter
280 2761 468 2838 iniquitatem
487 2768 656 2834 temporum
676 2774 738 2821 nou
760 2760 881 2819 audent.
924 2757 1023 2818 Itaafit
1043 2765 1077 2818 ut

58 2847 167 2920 adsint,
188 2854 352 2922 propterea
376 2845 459 2920 quod
480 2841 613 2902 officium
633 2852 817 2918 sequuntur,
837 2848 957 2901 taceant
977 2848 1076 2902 autern

59 2931 181 3001 idcirco,
206 2929 276 3006 quic
298 2928 466 3004 periculum
483 2925 585 2987 vitant.
629 2923 658 2984 2.
683 2924 760 2998 Quid
781 2930 876 2997 ergo?
898 2924 1075 2985 Audacissi-

59 3030 118 3075 rous
141 3030 200 3089 ego
221 3029 261 3072 cx
284 3012 445 3088 omnibus?
471 3009 603 3069 Minime.
634 3011 778 3068 Attente
801 3007 1076 3083 officiosior'quam

59 3097 187 3159 caeteris
216 3096 261 3155 Ne
284 3095 372 3155 istius
394 3093 516 3169 quidem
537 3092 636 3152 laudis
653 3093 695 3151 ita
709 3106 775 3150 sum
790 3090 933 3166 cupidus,
956 3101 989 3151 ut
1008 3090 1075 3150 aliis

58 3197 119 3242 eam
141 3186 334 3256 praereptam
347 3177 447 3238 velim.
476 3178 559 3251 Quae
573 3191 621 3234 me
637 3173 726 3250 igitur
739 3190 789 3234 res
805 3184 923 3250 practer
938 3180 1075 3234 caeteros

58 3262 171 3340 impulit
183 3271 216 3324 ut
229 3278 353 3322 causam
365 3261 436 3321 Sex.
447 3259 551 3321 Roscii
566 3259 756 3333 reciperemt
780 3257 869 3331 Quia,
882 3258 908 3318 si
921 3255 989 3333 quis
1004 3254 1077 3313 isto-

58 3364 117 3408 rum
137 3346 280 3418 dixisset,
304 3362 381 3420 quos
399 3343 507 3404 videtis
525 3343 651 3427 adesse,
671 3341 700 3403 in
717 3341 826 3423 quibus
842 3357 959 3402 summa
973 3343 1076 3406 aucto-

76 3447 130 3489 orc.
151 3446 242 3491 ocur.
896 3425 922 3491 i
