2340 3788
335 203 417 263 CAP.
434 210 565 265 st-ae.
587 209 613 270 s.
632 213 664 264 nt
678 212 762 264 qao.
1004 204 1067 270 att

36 361 167 428 tuerunt,
179 353 390 428 providentem
408 362 508 415 autem
523 361 553 413 et
565 361 798 427 praecaventem
809 371 972 432 numquam
983 365 1065 419 certe

37 439 214 498 movebunt

99 523 197 580 Ante
220 518 271 579 illa
285 527 462 593 argumenta
479 518 653 579 duxerunt?
674 518 838 592 Dubitatis,
860 519 970 596 inquit,
994 523 1067 598 quin

37 603 129 663 coitio
152 604 231 664 tacta
253 601 307 675 sit,
326 618 421 678 quum
445 601 540 662 tribus
569 602 734 697 plerasque
762 618 829 662 curn
851 602 947 663 Plotio
966 607 1067 668 tulerit

36 686 198 747 Plancius?
213 687 261 746 An
272 702 334 746 uua
344 684 410 744 fieri
424 691 597 759 potuerunt,
615 683 642 744 si
653 702 714 765 555
727 684 824 745 tribus
834 702 896 745 non
908 687 1068 749 tulissentt

35 805 79 814 -
98 772 139 829 nt
158 787 220 830 non
241 770 340 829 nutias
355 767 477 842 punctis
493 783 591 842 paene
606 767 740 829 totidem.
757 800 794 813 -
821 768 953 844 Quippe,
973 778 1068 844 'quum

36 853 95 912 iam
111 852 183 912 iacti
193 868 290 927 prope
305 849 514 926 superioribus
529 849 659 924 comitiis
674 851 884 927 declaratique
896 853 1067 913 venissent:

37 952 221 1010 quamquam
242 951 282 994 ne
303 935 335 992 id
357 933 480 1009 quidem
507 933 715 1008 suspicionem
749 934 898 995 coitionis-
919 935 1067 997 habuerit.

35 1020 142 1092 Neque
166 1019 245 1078 enirn
259 1033 402 1092 umquam
416 1016 549 1077 maiores
567 1016 663 1077 nostri
683 1017 871 1078 sortitionem
895 1019 1067 1078 constituis-

37 1109 106 1162 sent
119 1100 296 1171 audiueram,
312 1098 372 1160 nIsi
386 1099 525 1160 viderent
538 1099 677 1160 accidere
692 1117 788 1176 posse
803 1109 835 1161 ut
852 1102 1067 1175 competitores

36 1201 128 1259 pares
141 1182 294 1256 suffragiis
310 1190 424 1243 essent.
467 1182 519 1245 54.
533 1183 571 1244 Et
580 1183 626 1244 ais
644 1182 796 1256 prioribus
811 1182 940 1245 comitiis
953 1183 1067 1245 Anien·

36 1284 102 1326 sem
123 1265 252 1326 aPIotio
266 1265 377 1340 Pedio,
394 1265 583 1327 Terentinam
603 1282 622 1326 a
636 1265 760 1329 Plancio
780 1267 832 1327 tibi
854 1282 925 1328 esse
941 1284 1067 1328 conces·

36 1366 117 1408 sam:
133 1365 212 1409 nunc
226 1349 263 1408 ab
281 1358 410 1424 utroque
423 1365 477 1410 eas
490 1351 631 1423 avulsas,
646 1366 685 1410 ne
698 1351 729 1409 In
744 1359 905 1424 angustum
921 1353 1066 1413 venirent.

10 1496 14 1523 ,
36 1433 131 1505 Quam
149 1433 291 1495 convenit
305 1433 440 1494 nondum
454 1432 576 1508 cognita
590 1426 697 1507 populi
717 1435 871 1494 voluntate
891 1434 964 1506 hos,
987 1451 1067 1509 quos

34 1515 94 1575 iam
114 1522 175 1574 turn
197 1515 377 1577 coniunctos
396 1516 494 1577 fuisse
515 1515 606 1589 dicis,
628 1515 775 1577 iacturam
789 1534 911 1578 suarum
926 1517 1068 1598 tribuum,-

35 1615 97 1671 quo
120 1615 176 1659 vos
196 1598 433 1673 adiuvaremini‚
460 1599 588 1659 iecisse=
609 1600 750 1670 eosdem,
777 1616 869 1674 quum
886 1600 947 1660 iam
961 1611 1066 1663 essent

34 1682 152 1759 experti
183 1681 255 1755 quid
278 1684 429 1752 valerent,
455 1680 612 1741 restrictos
627 1689 659 1741 et
671 1691 797 1742 tenaces
812 1684 929 1742 intsset
948 1683 1066 1744 Etenim

33 1765 232 1837 verebantur,
247 1765 350 1835 credo,
366 1763 539 1838 angustias,
559 1762 650 1856 quasi
665 1780 716 1824 res
731 1764 763 1822 in
778 1764 1001 1825 contentionem
1013 1774 1065 1826 aut

33 1848 64 1906 in
89 1845 251 1905 discrimen
272 1845 398 1941 aliquod
423 1852 532 1919 posset
551 1842 666 1904 venire.
710 1845 772 1906 Sed
787 1854 886 1907 tamen
901 1854 933 1906 tu
946 1849 984 1910 A
998 1847 1065 1907 Pto-

33 1931 123 1998 tium,
146 1928 245 1989 virum
268 1927 510 2001 amatissimum,
530 1926 561 1986 in
588 1927 673 1987 idem
692 1929 806 1990 crimen
826 1930 967 1990 vocando
989 1929 1065 1989 indi·
1077 1928 1079 1932 ”

35 2031 87 2073 cas
111 2028 180 2072 eum
201 2018 232 2071 te
256 2010 447 2086 adripuisse,
468 2027 566 2085 aquo
588 2027 649 2070 non
667 2010 711 2071 sis
725 2019 874 2086 rogatus?
890 2012 965 2071 Nom
981 2012 1065 2107 quod

35 2103 163 2170 questus
177 2110 212 2155 es
235 2096 339 2168 plures
354 2102 383 2155 te
397 2102 492 2155 testes
504 2094 618 2154 habere
632 2095 672 2154 de
687 2094 821 2156 Voltinia
836 2113 927 2171 quam
946 2103 1020 2170 quot
1033 2095 1064 2156 in

34 2197 71 2238 ea
85 2177 164 2238 tribu
179 2187 292 2252 puncta
307 2177 429 2250 tuleris,
449 2176 568 2239 indicas
589 2185 643 2238 aut
655 2194 710 2238 eos
726 2186 820 2239 testes
835 2186 867 2239 te
883 2179 1063 2253 producere,

35 2261 102 2336 qni,
118 2260 190 2336 quia
205 2278 315 2322 numos
330 2260 519 2336 acceperim,
538 2267 569 2320 te
583 2261 807 2335 praeterierint,
828 2271 880 2323 aut
898 2269 928 2322 te
943 2279 982 2322 ne
996 2277 1063 2337 gre

33 2345 108 2405 tutta
123 2344 246 2419 quidem
260 2361 364 2405 eorum
380 2342 524 2418 sutfragia
541 2344 657 2405 tulisse.
700 2345 804 2407 XXIII.
827 2343 876 2406 55.
898 2345 976 2406 ittud
990 2362 1063 2406 vero

35 2427 147 2488 crimen
162 2429 201 2488 de
217 2429 332 2500 nuruis,
355 2444 435 2502 quos
458 2428 488 2486 in
505 2426 586 2488 cimo
601 2426 749 2489 Flaminio
767 2429 978 2502 deprehensos
992 2443 1063 2489 esso

35 2511 147 2583 dixisti,
164 2511 256 2573 caluit
268 2528 302 2571 re
314 2509 444 2583 recenti,
465 2511 593 2572 nuncia
608 2527 701 2572 causa
715 2511 840 2571 refrixit.
861 2512 966 2586 Neque
984 2510 1064 2570 enim

35 2593 87 2668 qui
99 2594 141 2654 ilti
153 2593 236 2655 numi
246 2593 358 2656 fuerim
374 2610 432 2656 nec
447 2610 527 2668 quae
539 2593 633 2654 tribus
647 2595 703 2653 'nec
719 2594 771 2669 qui
784 2594 901 2654 divIsor
912 2593 1063 2654 ostendis.

34 2680 135 2751 Atque
156 2676 183 2738 is
211 2677 335 2753 quidem
349 2672 477 2739 eductus
501 2677 542 2736 ad
561 2678 720 2751 consules,
741 2676 793 2752 qut
817 2685 880 2739 tum
898 2676 929 2736 in
951 2679 1064 2736 crimen

33 2760 216 2832 vocabatur,
246 2776 282 2820 se
308 2760 412 2835 inique
431 2777 450 2819 a
470 2759 530 2821 tuis
553 2759 694 2821 iactatum
714 2760 846 2835 graviter
872 2760 1062 2834 querebatur.

36 2842 92 2914 Qui
107 2841 133 2903 si
150 2852 214 2905 erat
227 2843 353 2916 divIsor,
369 2843 548 2918 praesertim
564 2843 645 2916 eius,
663 2860 754 2918 quem
769 2852 803 2905 tu
818 2843 953 2904 habebas
967 2858 1061 2914 reum,

34 2942 89 2984 cur
103 2925 159 2984 abs
172 2934 202 2986 te
216 2943 288 2986 reus
303 2935 430 2988 nonest
443 2928 563 2987 tactust
577 2943 632 2986 cur
647 2943 707 2987 non
722 2927 788 2991 eius
804 2924 996 2987 damnatione
1010 2925 1062 2994 ati·

36 3008 110 3083 quid
127 3009 238 3069 adhoc
252 3009 397 3071 iudicium
413 3009 591 3084 praetudicii
603 3010 810 3084 comparastit

97 3090 159 3151 Sed
171 3108 271 3168 neque
282 3093 402 3167 tuhaec
413 3093 510 3153 habes
521 3109 621 3167 neque
632 3092 677 3153 eis
689 3093 830 3154 confidis.
851 3090 921 3153 Atta
935 3093 1061 3164 teratio,

33 3177 92 3234 atie
107 3174 250 3250 cogitatio
266 3177 305 3237 ad
320 3192 407 3252 spem
427 3176 724 3250 huiusopprimendi
739 3177 890 3237 excitavit.
932 3175 1060 3249 Magnae

34 3268 104 3319 sunt
118 3259 148 3317 in
170 3269 199 3320 tc
211 3276 304 3334 opes,
326 3261 386 3321 late
400 3267 482 3334 patet
499 3259 613 3333 gratia:
631 3260 715 3319 multi
729 3258 832 3330 amIci,
858 3258 943 3320 multi
958 3255 1061 3331 cupidi

33 3341 91 3412 tui,
115 3343 199 3404 multi
214 3346 349 3404 fautores
363 3342 463 3403 laudis
486 3350 569 3402 tuae:
592 3342 676 3402 multi
695 3341 765 3403 huic
785 3340 933 3415 invident,
959 3338 1061 3403 multis.

34 3425 123 3485 ettam
139 3434 239 3500 pater,
256 3425 388 3500 optimus
402 3425 463 3499 vir,
486 3424 608 3487 nimium
624 3425 757 3487 retinens
773 3425 925 3503 equestris
943 3422 1017 3483 iuris
1031 3427 1062 3481 ot
