2332 3772
330 158 413 219 CAP-
428 165 560 228 ill-³³·
583 165 610 227 t·
623 166 755 223 eti—89.
999 159 1067 227 889

10 310 130 374 iniecit
143 305 319 381 amentiam,
337 317 371 369 ut
386 310 453 370 sine
467 305 660 382 imaginibus,
676 307 745 369 sine
760 318 851 373 cautu
865 320 958 387 utque
972 314 1065 389 ludis,

10 395 92 457 sine
107 391 276 467 exsequiis,
288 390 356 451 sine
373 391 522 463 lamentis,
539 390 606 451 sine
616 389 851 465 laudationibus,
866 395 933 455 sine
945 397 1064 470 funere,

10 477 139 541 oblitus
152 489 262 535 cruore
274 484 305 535 et
318 477 391 546 luto,
407 473 556 548 spoliatus
568 473 649 534 illius
661 474 797 548 supremi
809 475 869 535 diei
880 479 1063 551 celebritate,

10 561 75 621 cui
90 559 202 619 cedere
218 557 309 618 etiam
319 555 433 617 inimici
449 558 562 628 solent,
585 558 792 618 ambureretur
806 557 953 620 abiectus.
996 563 1064 623 Non

12 643 125 704 fuisse
140 642 232 702 credo
247 641 294 701 ias
310 639 547 701 clarissimorum
558 638 690 699 virorum
707 641 819 701 formas
835 641 877 701 illi
892 643 1064 711 taeterrimo

18 723 201 801 parricidae
213 723 329 799 aliquid
345 721 467 783 decoris
483 722 618 797 adferre,
636 738 737 808 neque
752 724 837 783 ullo
829 741 859 784 m
872 725 942 785 loeo
960 727 1065 802 potius

19 816 156 869 mortem
170 806 238 867 eius
253 804 382 867 lacerari
398 821 489 880 quam
505 804 536 864 iu
553 821 614 901 quo
631 801 715 865 esset
731 805 793 866 vita
808 808 958 868 damnata.

87 888 139 952 87.
158 891 256 963 Dura,
270 888 390 950 medius
404 889 505 962 lidius,
520 887 666 948 mihinam
680 889 800 949 fortuna
814 890 923 965 populi
934 892 1065 954 Romani

20 984 56 1037 et
74 973 209 1034 crudelis
225 972 400 1046 videbatur,
416 989 497 1046 quae
516 979 559 1032 tot
573 968 671 1031 annos
686 970 818 1032 illumin
833 973 912 1033 hanc
926 992 991 1037 rem
1005 993 1063 1051 pu-

20 1058 139 1120 blicam
167 1055 314 1115 insultare
339 1063 502 1133 pateretur.
551 1055 703 1114 Polluerat
723 1063 828 1130 stupro
852 1055 1063 1120 sanctissimas

23 1141 208 1214 religiones,
231 1145 356 1199 senatus
372 1136 691 1212 gravissimadecrcta
711 1140 914 1214 pernegarat,
931 1143 1064 1216 pecunia

26 1241 62 1285 se
79 1241 97 1282 a
113 1220 265 1282 iudicibus
281 1222 381 1295 palam
397 1221 583 1292 redemerat,
607 1229 733 1281 vexarat
751 1221 781 1280 in
804 1223 956 1286 tribunatu
974 1241 1064 1285 sena-

26 1317 107 1380 tum,
127 1302 261 1365 omnium
281 1301 420 1364 ordinum
435 1320 591 1365 consensu
604 1319 661 1378 pro
678 1305 775 1367 salute
795 1306 839 1365 rei
854 1307 996 1380 publicae
1012 1323 1065 1383 ge·

28 1399 76 1451 sta
89 1386 271 1458 resciderat,
289 1402 338 1446 me
352 1389 449 1462 patria
464 1389 638 1463 expulerat,
652 1388 734 1448 bona
748 1387 924 1464 diripuerat,
939 1390 1064 1451 domum

28 1471 220 1544 incenderat,
238 1469 368 1543 liberos,
391 1472 551 1547 coniugem
571 1487 669 1531 meam
690 1481 824 1544 vexarat,
839 1473 900 1533 cn.
914 1473 1062 1548 Pompeio

28 1554 176 1616 netarium
187 1554 299 1614 bellum
309 1553 468 1625 indixerat,
488 1553 715 1628 magistratuum
730 1554 978 1630 privatorumque
994 1571 1065 1616 cae·

29 1642 85 1700 des
100 1637 257 1709 effecerat,
274 1638 398 1697 domum
419 1636 479 1697 mei
500 1635 600 1697 fratris
620 1638 810 1710 incenderat,
822 1646 957 1699 vastarat
976 1638 1065 1700 Etru·

27 1722 113 1794 riam,
129 1721 240 1780 multos
259 1719 384 1778 sedibus
399 1734 437 1778 ac
452 1717 581 1778 lortunis
597 1717 742 1778 eiecerat:
758 1720 904 1791 instabat,
919 1721 1065 1794 urgebat·

29 1821 141 1880 capere
161 1800 228 1860 eius
245 1799 406 1859 amentiam
427 1798 549 1870 civitas,
564 1799 662 1871 ltalia,
676 1799 867 1873 provinciae,
891 1816 988 1874 regna
1001 1817 1065 1861 non

27 1891 186 1965 poterant·
210 1881 442 1942 incidebantur
434 1897 493 1941 ram
508 1879 589 1941 dorni
602 1881 702 1954 leges,
727 1897 806 1957 quae
820 1898 879 1942 nos
895 1881 995 1942 servis
1009 1898 1064 1942 no·

28 1971 101 2032 stris
114 1964 305 2027 addicerenta
319 1962 394 2023 nihil
407 1972 472 2023 erat
488 1963 676 2036 cuiusquam,
692 1964 775 2039 quod
791 1963 914 2038 quidem
929 1963 979 2024 illo
991 1964 1065 2023 ada·

26 2056 160 2121 masset,
184 2047 268 2122 quod
282 2062 343 2106 non
358 2047 418 2108 hoc
432 2063 512 2108 anno
529 2062 618 2107 suum
636 2048 701 2107 lore
715 2053 844 2121 putaret.
888 2045 939 2109 88.
956 2046 1063 2106 Obsta-

26 2139 81 2198 bat
95 2132 162 2193 cius
178 2128 413 2206 cogitationibus
428 2146 517 2192 nemo
532 2138 653 2204 praeter
666 2129 820 2190 Milonem
852 2128 960 2190 lllum'
952 2144 1064 2205 ipsum,

31 2237 84 2296 qur
76 2217 223 2276 obstare
238 2221 371 2288 poterat,
387 2230 468 2275 novo
486 2213 609 2275 reditu
602 2230 632 2273 ιιι
646 2213 771 2289 gratiam
784 2212 873 2309 quasi
890 2212 1064 2274 devinctum

27 2299 243 2363 arbitrabatura
255 2295 395 2358 Caesaris
403 2296 567 2373 potentiam
580 2310 666 2373 suem
679 2295 843 2371 potentram
850 2313 922 2358 esse
929 2297 1065 2357 dicebat

27 2379 748 2455 bonorumanimosinmeocasucontempserat=
760 2379 1064 2455 Milounusurgebat.

92 2465 235 2527 xxxllt.
245 2462 302 2523 Hic
323 2461 354 2523 di
373 2462 572 2537 immortales,
592 2471 627 2524 ut
646 2478 740 2537 supra
761 2461 841 2535 dixi,
868 2470 997 2524 mentem
1020 2460 1064 2520 illi

30 2549 149 2626 perdito
166 2563 202 2607 ac
217 2544 334 2606 furioso
347 2547 510 2619 dederunt,
534 2554 566 2607 ut
579 2547 649 2606 huic
664 2546 777 2606 laceret
790 2544 928 2605 insidias.
966 2543 1065 2603 Aliter

29 2632 130 2730 perire
146 2629 241 2707 postis
257 2630 308 2689 illa
321 2646 383 2690 non
398 2628 511 2704 potuit·
528 2645 693 2703 numquam
706 2626 789 2695 illum
804 2642 855 2688 ree
871 2625 993 2702 publica
1005 2641 1062 2684 suo

30 2718 98 2775 iure
118 2722 200 2775 esset
213 2715 285 2773 ulta
320 2711 467 2787 Senatus,
482 2714 585 2784 credo,
599 2720 769 2787 praetorem
784 2726 854 2783 cum
872 2706 1065 2769 circumscri-

30 2796 157 2874 psisset
169 2797 212 2857 No
232 2812 325 2871 quum
340 2797 459 2857 solebat
473 2795 596 2870 quidem
612 2795 643 2855 id
658 2793 789 2868 lacere,
780 2811 812 2855 m
822 2791 941 2869 privato
952 2791 1065 2852 eodem

30 2882 91 2941 hoe
106 2878 220 2955 aliquid
241 2895 298 2952 pro
301 2880 423 2940 lecerat.
467 2877 517 2940 89.
536 2880 585 2939 An
610 2876 785 2939 consules
777 2894 808 2938 ιιι
822 2884 964 2952 praetore
979 2875 1064 2935 coer-

30 2965 130 3025 cendo
143 2964 238 3023 lortes
253 2961 403 3024 luissentt
422 2961 551 3023 Primum
567 2959 680 3021 lllilone
694 2960 798 3023 occiso
813 2959 972 3020 habuisset
987 2972 1065 3017 suos

30 3048 195 3108 consules·
223 3043 335 3105 deinde
357 3045 427 3121 quis
455 3047 486 3106 in
512 3061 550 3105 eo
573 3050 713 3119 praetore
733 3043 841 3104 consul
863 3039 950 3104 tortis
969 3047 1068 3113 esset,

31 3146 89 3206 per
105 3145 195 3205 quem
207 3127 359 3189 tribunum
373 3127 511 3190 virtutem
528 3126 720 3188 consularem
731 3123 942 3187 crudelissime
970 3138 1066 3185 vexa-

30 3222 94 3274 tam
108 3226 179 3272 esse
198 3209 405 3273 meminisset?
429 3208 643 3286 Oppreseisset
656 3208 765 3282 omnia,
781 3205 963 3283 possideret,
978 3200 1068 3266 t'ene
1124 3250 1133 3266 .

31 3302 98 3354 ret
118 3296 187 3367 lage
201 3307 296 3366 nova,
318 3311 398 3368 quae
412 3303 461 3356 est
473 3292 598 3354 inventa
610 3292 693 3367 apud
708 3308 777 3353 eum
794 3304 862 3351 cum
875 3289 1003 3362 reliquis
1018 3288 1069 3346 le-

32 3373 315 3512 gibugcclgffinie,
343 3392 454 3440 seruos
470 3384 595 3445 nostros
612 3368 738 3438 libertos
754 3373 985 3511 suoggeclssetx
1004 3384 1066 3445 pc·
