2332 3772
93 112 164 193 66
246 40 996 216 6666666666666666666666.

75 243 285 337 'dirimeres
298 259 382 339 viros
392 261 478 333 seius
489 260 655 337 appellus,
670 266 782 329 666666
791 266 910 331 estam
913 257 1115 337 6166166616

96 346 204 415 satuti
237 345 332 421 Quale
344 334 445 407 autem
446 341 640 405 66666666
652 348 713 417 est,
726 342 816 419 6666,
828 348 861 419 te
874 340 1071 419 obmutueris,
1074 358 1117 415 ue

96 430 175 509 lario
189 429 328 491 seelaret
361 426 451 503 Qua·
442 442 474 487 m
487 442 524 489 66
539 441 602 487 666
615 433 676 495 tem
690 386 857 522 mumdum
868 423 951 495 mill
967 406 1071 499 villeri
1079 426 1119 487 66

95 494 163 577 buit
167 498 454 587 ,uouiutarlaotum
466 516 637 593 alequam
638 506 789 578 milam
795 516 826 571 te
838 506 1121 607 6666666666

98 594 248 693 potuisse.
290 593 320 656 6.
336 591 399 654 Sed
412 590 453 655 sit
467 584 665 666 beneficium,
684 590 807 666 666666
815 588 967 667 uiridem.
970 592 1122 655 maiuste

96 694 158 755 666
172 694 193 743 6
213 679 331 739 lauoue
351 676 467 741 nullum
479 675 602 774 666666,
611 673 644 737 m
661 690 723 751 666
737 681 835 751 potes
844 689 895 739 66
910 672 1048 741 disere·
1037 690 1122 751 66666

80 767 180 833 Ι6666
205 762 255 823 An
275 759 314 821 66
333 757 458 827 interitu
471 756 518 821 rei
532 756 672 835 6666666
685 757 773 832 queri
786 756 984 833 66666666,
1006 775 1050 821 66
1061 759 1122 821 666

94 843 233 921 ingratus
246 840 389 905 viderert
413 839 481 909 At·
472 856 509 901 m
517 840 569 902 illa
582 840 721 917 querela,
741 839 854 907 66666
870 804 1123 925 6666666616

95 936 202 1001 tuosa,
221 925 279 993 666
298 922 372 986 666
386 923 511 1000 666666
523 924 655 1001 mulus
646 940 682 985 ut
692 940 755 999 666
769 939 819 995 66
835 932 977 995 senatus
987 925 1123 1003 papulae

95 1010 332 1087 quetlomanus.
342 1008 517 1082 66666666,
528 1006 727 1082 6666666666,
748 1006 893 1082 quidest
915 1007 1122 1081 dietum-eut

96 1109 168 1155 oum
188 1088 412 1159 6666666666
421 1088 496 1175 quid
523 1106 586 1153 666
610 1090 785 1157 6666666666
817 1088 913 1166 qud:
921 1106 991 1157 nou
1018 1092 1122 1161 emieat

97 1174 187 1250 Quod
201 1172 325 1251 quidem
337 1170 425 1241 ouius
438 1164 655 1249 temperantiae
669 1171 726 1239 tuit
736 1171 777 1234 66
789 1170 830 1233 lli
843 1172 996 1239 ammeio
1006 1188 1121 1251 666666-

96 1269 157 1321 666
172 1256 326 1323 obstinere
340 1255 535 1319 666616666-
532 1255 738 1331 -praesertim
747 1271 854 1332 quum·
863 1262 899 1317 tu
918 1257 1082 1337 reliquias
1085 1252 1127 1319 rai·

98 1339 240 1418 publieaa
253 1336 490 1413 dissipavisses
511 1355 606 1414 6666
619 1338 703 1400 domi
714 1346 789 1402 tuae
798 1337 986 1414 turpissimo
1000 1346 1121 1405 6666661

98 1421 203 1491 omniu
217 1426 322 1483 666666
336 1417 469 1495 venalia,
487 1436 581 1495 quum
594 1422 680 1497 leges
694 1437 765 1496 eas,
781 1436 861 1497 6666
874 1438 1058 1501 numquam
1062 1436 1120 1499 666

20 1536 24 1543 -
97 1506 389 1600 mulgateeesseut,
413 1502 503 1565 6666
524 1510 554 1565 te
573 1511 604 1567 66
622 1520 642 1567 6
660 1466 788 1571 teletae
810 1504 1028 1583 confiterere,
1042 1520 1120 1583 6666

97 1584 238 1663 auspiciu
253 1601 358 1662 augur,
372 1583 625 1653 intercessionem
638 1589 753 1657 eousul
758 1587 961 1664 6666666666,
977 1606 1072 1667 quum
1081 1602 1121 1651 ee.

67 1672 74 1682 “
98 1684 151 1733 sas
165 1667 345 1737 foedissime
359 1667 489 1745 stipatus
497 1670 629 1746 66666,
646 1686 855 1749 6666666666
868 1669 1120 1749 impuritatem

98 1751 213 1817 diesin
230 1752 321 1815 6666
335 1751 447 1815 cotidie
464 1751 654 1830 susciperes,
674 1757 747 1817 vino
770 1755 950 1830 lustrisque·
964 1757 1137 1820 66666666·

98 1835 128 1898 7.
152 1839 192 1899 At
210 1851 284 1912 666,
304 1844 458 1912 tamquam
480 1836 551 1897 mihi
572 1854 641 1898 666
659 1838 700 1898 Μ.
723 1838 833 1899 crasso
856 1839 1020 1903 eontentio
1044 1844 1119 1910 esset,

98 1936 231 1995 quocum
245 1922 355 1981 multae
370 1928 400 1980 et
413 1936 540 1996 magnae
555 1922 689 1996 luerunt,
714 1938 775 1983 666
798 1936 867 1981 666
882 1938 949 1983 uno
966 1923 1120 1998 gladiatore

98 2001 303 2078 nequissimo,
319 2004 357 2062 de
370 2020 403 2064 66
420 2003 541 2079 publica
557 2004 688 2079 graviter
704 2021 843 2080 quarens,
860 2005 901 2065 66
916 2004 1049 2068 homine
1063 2001 1121 2064 nihil

98 2086 172 2146 dixi.
200 2087 307 2161 ltaque
320 2085 412 2146 hodie
428 2085 970 2163 perficiam,utinte1ugatquantum
986 2107 1006 2149 a
1021 2106 1069 2150 me
1081 2089 1121 2146 be

98 2167 240 2231 neisium
251 2176 314 2228 tum
329 2168 490 2244 acceperit.
534 2170 743 2232 tumeliam
761 2170 892 2244 litteras,
912 2189 1000 2248 quas
1014 2190 1064 2232 me
1077 2165 1122 2231 sibi

98 2250 221 2311 misisse
242 2250 372 2324 dicaret,
397 2251 548 2326 recitavit,
577 2254 668 2316 homo
694 2262 724 2315 et
748 2252 945 2317 humanitatis
969 2257 1122 2332 expersel

97 2333 179 2393 vitae
195 2332 362 2394 eommunis
377 2333 510 2409 ignmus.
539 2335 611 2410 Quis
623 2337 703 2397 enim
718 2354 876 2413 umquam,
895 2338 951 2413 qui
967 2340 1123 2415 paullulum

97 2415 190 2477 modo
204 2416 351 2476 bonorum
364 2418 614 2480 consuetudinem
627 2428 740 2493 nosset,
756 2420 869 2481 litteras
880 2421 921 2481 ad
935 2438 974 2482 66
985 2424 1028 2484 ab
1038 2419 1123 2482 amieo

98 2500 211 2560 missas
226 2497 398 2560 offensione
413 2502 516 2576 aliqua
529 2503 706 2577 interposita
722 2501 752 2562 in
774 2503 907 2563 medium
925 2507 1059 2578 protulit
1081 2516 1123 2578 pa·

98 2585 221 2657 lamque
235 2580 393 2643 recitavit?
421 2583 499 2656 Quid
514 2593 561 2646 ast
574 2584 655 2645 aliud
668 2587 775 2659 tollere
789 2603 807 2647 6
822 2585 885 2646 vita
903 2589 989 2650 vitae
1006 2586 1124 2651 societt-

96 2675 174 2739 tem,
203 2666 309 2727 tollere
328 2664 493 2727 amicorum
514 2667 667 2743 colloquia
687 2668 877 2730 absentium?
917 2670 1021 2744 Quam
1044 2670 1126 2731 multu

98 2746 168 2808 ioca
187 2749 287 2809 solent
307 2764 379 2809 esse
402 2750 431 2808 in
455 2748 608 2825 epistolis,
636 2767 715 2826 quae
736 2753 853 2827 prolata
873 2752 902 2812 si
923 2753 1005 2828 sint,
1033 2754 1126 2827 impu

100 2830 277 2892 videantur!
294 2849 386 2907 quam
400 2833 494 2892 multa
508 2832 603 2908 seria,
618 2850 719 2910 neque
733 2845 832 2896 tamen
846 2835 910 2895 uilo
924 2839 1024 2899 modo
1040 2833 1126 2897 divul-

98 2913 214 2987 ganda!
249 2914 280 2977 8.
293 2914 349 2975 sit
362 2915 422 2975 hoo
437 2916 679 2979 inhumanitatis·
693 2917 846 2979 stultitiam
860 2915 1127 2992 incredibilemvi·

97 2995 178 3056 dete.
216 2996 294 3070 Quid
320 2996 416 3059 habes
444 2999 528 3075 quod
548 2999 621 3060 mihi
643 3017 800 3076 oppones,
824 3001 925 3062 homo
945 3003 1081 3076 diserte,
1100 3004 1128 3059 ut

95 3077 246 3140 Mustelae
260 3080 391 3143 Tomisio
413 3090 444 3143 et
459 3082 560 3144 Tironi
573 3082 709 3156 Numisio
731 3083 866 3144 videris?
892 3087 947 3160 qui
953 3105 1061 3163 quum
1072 3048 1128 3144 ’666

96 3159 168 3236 ipso
188 3169 326 3239 tempore
347 3172 428 3225 stent
443 3181 512 3227 cum
528 3152 667 3241 gladiis·
659 3184 688 3226 m
714 3174 883 3243 conspeetu
905 3180 1055 3243 senatus,
1077 3180 1128 3243 etl

96 3259 223 3340 quoque
238 3251 268 3305 te
282 3246 428 3308 disertum
443 3249 573 3323 putabo,
596 3249 624 3309 si
644 3249 815 3323 ostendaris
832 3267 895 3325 quo
910 3256 1009 3316 66666
1023 3259 1068 3316 sis
1080 3264 1128 3317 em

93 3325 174 3388 inter
188 3325 317 3389 sicarios
332 3329 524 3392 defensurus.
552 3329 616 3392 Sed
632 3331 706 3407 quid
720 3347 863 3407 opponas
877 3338 1025 3417 666666,
1042 3337 1068 3398 si
1085 3346 1128 3395 ne·
