2340 3788
110 201 174 266 aas
375 195 867 281 naocn.1unncroonnuo.
917 223 921 229 ι

110 338 257 412 libertatis
284 348 417 409 videtur:
449 348 533 408 multi
561 348 651 407 etiam
678 363 855 408 communes
883 346 997 407 inimici
1018 364 1144 411 reorum

19 480 22 486 .
110 433 259 495 omnium:
276 432 328 506 qui
338 432 379 492 ita
392 447 513 506 semper
524 429 726 492 testimonium
741 433 780 490 de
791 430 904 491 ambitu
919 431 1036 504 dicunt,
1056 434 1144 507 quasi

110 526 162 578 aut
176 523 317 576 moveant
330 514 449 576 animos
462 513 595 574 iudicum
608 514 676 574 suis¹
687 513 867 575 testimoniis
885 522 937 574 aut
951 523 1077 588 gratum
1092 534 1143 591 po·

110 601 182 676 pulo
198 600 336 659 Romano
357 598 397 658 sit
418 605 470 657 aut
483 598 522 657 ab
536 614 574 657 eo
592 597 710 656 facilius
733 598 773 657 ob
787 613 854 659 eam
872 614 999 657 causam
1012 598 1143 673 dignita-

108 691 168 744 tem
185 698 275 758 quam
287 682 394 742 volunt
409 688 644 759 consequantur.
673 680 724 740 56.
739 680 924 754 Quibuscum
937 697 996 752 me,
1013 680 1144 756 iudices,

36 777 41 785 ’
108 773 294 842 pugnantem
316 780 400 825 more
422 766 490 824 fneo
506 764 633 838 pristino
651 764 881 824 nouvidebilis=
902 781 964 823 non
985 782 1052 838 quo
1075 767 1144 826 mihi

109 848 156 910 lus
172 848 212 908 sil
227 847 395 923 quidquam
417 848 562 920 defugere
584 848 668 921 quod
683 849 766 907 salus
780 846 891 907 Plancii
908 849 1063 921 postulet:
1092 851 1144 909 sed

111 934 183 1007 quia
196 946 296 1006 neque
306 946 435 990 necesse
450 937 499 990 est
512 945 560 989 me
570 931 601 989 id
613 931 757 1005 persequi
769 947 855 1005 voce,
871 932 955 1004 quod
970 936 1030 991 vos
1044 942 1144 992 mente

107 1015 253 1087 videatis,
270 1021 299 1073 et
313 1015 398 1088 quod
410 1013 453 1082 ita
467 1014 506 1072 de
520 1029 568 1072 me
582 1015 678 1073 meriti
695 1022 766 1073 sunt
781 1014 823 1072 illi
838 1014 912 1087 ipsi,
932 1030 1013 1089 quos
1026 1031 1090 1090 ego
1103 1025 1144 1076 te·

108 1107 171 1160 stas
193 1097 284 1157 video
305 1103 444 1172 paratos,
464 1104 498 1156 ut
524 1112 629 1157 eorum
651 1097 918 1170 reprehensionem
940 1113 998 1157 vos
1020 1106 1145 1159 vestrae

109 1180 288 1258 prudentiae
300 1179 470 1251 adsumere,
487 1195 573 1238 meae
584 1180 752 1240 modestiae
764 1181 915 1240 remittere
931 1181 1086 1242 debeatis.
1107 1184 1144 1242 Il-

108 1266 265 1327 ludunum
276 1278 335 1322 vos
347 1278 456 1336 magno
468 1278 562 1341 opere
574 1278 628 1322 oro
644 1272 736 1337 atque
748 1263 885 1335 obsecro,
902 1262 1033 1336 iudices,
1051 1283 1144 1341 quum

107 1348 208 1419 huius,
228 1362 319 1420 quem
333 1346 474 1419 defendo,
489 1353 551 1406 tum
562 1346 729 1407 communis
744 1347 871 1420 periculi
887 1362 991 1419 causa,
1007 1364 1050 1406 ne
1066 1349 1143 1409 ficiis

108 1429 330 1501 auditionibus,
355 1444 394 1488 ne
409 1428 604 1491 disseminato
623 1429 827 1504 dispersoque
848 1429 982 1500 sermoni
1003 1431 1143 1492 fortunas

109 1514 315 1575 innocentium
332 1510 537 1572 subiiciendas
550 1513 671 1587 putetis.
710 1509 759 1573 57.
775 1512 861 1573 Multi
878 1514 966 1572 amici
981 1525 1143 1576 accusato-

108 1598 169 1670 ris,
190 1612 251 1656 nou
269 1595 341 1655 nulli
356 1594 446 1654 etiam
461 1597 557 1655 nostri
574 1595 683 1670 iniqui,
700 1597 784 1657 multi
799 1611 975 1656 communes
992 1598 1143 1659 obtrecta-

108 1689 192 1743 tores
207 1688 300 1754 atqua
315 1675 447 1739 omnium
462 1677 555 1738 invidi
574 1679 667 1739 mulla
680 1679 841 1740 finxerunt.
882 1679 1026 1739 Nihifest
1042 1690 1143 1746 autern

109 1771 169 1824 tam
189 1765 312 1823 volucre
330 1778 421 1837 quam
441 1761 647 1823 maledictum:
670 1762 742 1822 nihil
762 1763 880 1822 facilius
896 1762 1048 1834 emittitur,
1072 1765 1142 1823 nihil

110 1846 198 1907 citius
213 1846 378 1920 excipitur,
393 1843 484 1905 latius
499 1844 674 1922 dissipatur.
701 1846 808 1920 Neque
820 1862 887 1920 ago,
903 1846 931 1906 si
946 1846 1064 1906 fontem
1083 1865 1144 1907 ma-

111 1931 211 1990 ledicti
231 1929 404 2004 reperietis,
426 1937 459 1988 ut
480 1929 637 2004 negligatis
654 1937 706 1990 aut
720 1929 915 1989 dissimulatis
930 1945 1077 2004 umquam
1090 1948 1143 2006 po-

111 2014 240 2073 stulabo.
285 2012 346 2072 Sed
361 2012 387 2071 si
406 2013 479 2086 quid
502 2012 567 2071 sine
584 2014 681 2087 capite
696 2013 828 2073 manabit
848 2021 899 2072 aut
911 2011 984 2087 quid
1002 2012 1063 2073 erit
1078 2014 1143 2073 eius

111 2096 194 2155 modi
209 2105 313 2156 utnon
327 2104 427 2155 exstet
441 2105 561 2168 auctor,
577 2097 629 2169 qui
644 2096 772 2155 audierit
795 2104 846 2155 aut
861 2096 901 2155 ita
915 2095 1076 2170 negligens
1091 2114 1144 2156 vo-

112 2179 158 2238 bis
175 2195 245 2237 esse
264 2178 428 2249 videbitur,
444 2186 478 2237 ut
493 2179 571 2237 unde
587 2180 715 2238 audierit
729 2180 838 2238 oblitus
854 2179 907 2251 sit,
924 2187 974 2239 aut
988 2181 1029 2239 ita
1046 2182 1144 2241 levem

113 2260 235 2319 habebit
247 2269 410 2333 auctorem,
426 2271 458 2320 ut
469 2261 614 2320 memoria
626 2262 746 2336 dignum
765 2279 825 2321 non
843 2264 967 2338 putarit,
983 2262 1078 2323 huius
1094 2263 1144 2323 illa

113 2359 174 2402 vox
190 2343 467 2417 vulgaris,nuo1v1,
490 2363 528 2404 ne
544 2346 618 2418 quid
632 2345 785 2405 innocenti
799 2362 852 2405 reo
867 2354 984 2418 noceat,
1009 2363 1143 2407 oramus.

165 2425 270 2485 XXIV.
282 2426 332 2489 58.
346 2428 406 2488 Sed
419 2428 508 2488 venio
519 2427 577 2487 iam
592 2429 629 2486 ad
641 2429 673 2487 L.
688 2430 833 2502 Cassium,
846 2429 1022 2489 familiarem
1032 2447 1142 2503 meum,

113 2509 199 2570 cuius
217 2526 256 2569 ex
270 2512 405 2572 oratione
419 2528 458 2570 ne
473 2513 555 2571 illum
568 2512 690 2585 quidem
700 2513 868 2572 Iuventium
883 2519 984 2571 tecum
996 2523 1143 2587 expostu-

98 2593 185 2666 lavi,
207 2610 296 2668 qucm
311 2595 361 2654 ille
376 2594 456 2655 omni
477 2602 507 2654 et
520 2594 703 2655 humanitate
718 2604 748 2655 et
761 2596 870 2682 virtute
890 2603 1016 2656 ornatus
1041 2598 1143 2657 adole·

112 2693 202 2736 scens
223 2678 352 2753 primum
373 2679 411 2736 dc
432 2677 520 2751 plebe
541 2678 668 2737 aedilem
691 2682 823 2738 curulem
841 2681 951 2739 factum
967 2695 1042 2739 csse
1060 2680 1144 2739 dixit.

110 2761 144 2819 ln
161 2778 237 2835 quo,
253 2760 353 2833 Cassi,
374 2761 400 2820 si
414 2759 467 2819 tibi
482 2761 523 2820 ita
539 2763 759 2835 respondeam,
781 2762 919 2822 nescisse
940 2763 972 2820 id
994 2765 1145 2837 populum

111 2845 294 2916 Romanum,
310 2858 410 2918 neque
427 2843 523 2904 fuisse
545 2845 597 2919 qui
618 2845 649 2904 id
669 2847 758 2905 nobis
787 2854 937 2914 narraret,
961 2849 1144 2918 praesertim

113 2937 230 2989 mortuo
249 2928 369 3002 Congo,
393 2944 469 3000 non,
497 2936 530 2987 ut
551 2929 675 3002 opinor,
701 2928 864 3002 admirere,
887 2945 978 3003 quum
996 2945 1057 3003 ago
1080 2931 1145 3006 ipse

112 3025 174 3069 non
196 3012 363 3071 abhorrens
381 3027 400 3070 a
415 3012 516 3072 studio
538 3011 722 3085 antiquitatis
744 3029 791 3071 me
805 3013 853 3072 hic
868 3010 898 3070 id
914 3028 952 3070 ex
966 3018 997 3071 te
1012 3013 1144 3086 primum

113 3091 238 3152 audisse
259 3094 413 3161 confitear.
456 3096 507 3168 Et,
529 3097 671 3169 quoniam
692 3104 742 3155 tua
762 3097 817 3155 fuit
832 3097 1012 3171 perelegans
1028 3105 1062 3156 et
1077 3113 1144 3171 per·

113 3172 233 3234 subtilis
249 3179 359 3250 oratio,
384 3179 475 3252 digna
498 3178 609 3252 equitis
625 3179 753 3238 Romani
768 3180 816 3237 vel
829 3179 929 3238 studio
945 3180 994 3237 vel
1011 3181 1144 3253 pudore,

113 3257 317 3332 quoniamque
330 3262 375 3320 sic
394 3263 430 3320 ab
445 3261 492 3320 his
509 3278 543 3320 cs
559 3263 693 3334 auditus,
708 3269 878 3334 utmagnus
895 3261 996 3320 honos
1013 3270 1044 3322 et
1060 3263 1144 3337 inge·

111 3339 161 3400 nio
177 3349 207 3400 el
222 3341 395 3403 humanitati
409 3353 478 3404 tilae
493 3345 686 3417 tribueretur,
705 3345 901 3418 respondebo
924 3345 963 3404 ad
981 3360 1033 3416 ea,
1064 3360 1145 3420 quae

114 3422 231 3499 dixisti,
254 3441 333 3497 quac
353 3427 500 3501 pleraque
522 3428 560 3485 de
581 3429 649 3502 ipso
671 3443 720 3486 me
740 3428 872 3487 fuerunt:
894 3428 924 3485 in
952 3426 1066 3503 quibus
1084 3427 1145 3504 ipsi
