2340 3788
381 157 464 218 cap.
481 112 800 225 rs—lalsoo-eas.
1064 160 1105 227 55
1145 115 1148 120 .

81 324 176 385 gnum
207 303 290 380 quod
309 303 340 365 in
362 322 420 367 suo
442 316 567 382 argento
583 309 695 368 Verres
715 258 847 372 haberet.
885 311 936 372 Ait
956 310 1005 373 ille
1025 311 1106 373 idem

82 390 141 452 sibi
157 387 266 449 videri.
297 388 342 448 Ita
354 387 528 463 Pamphilus
544 390 680 468 scyphos
696 391 825 465 optimos
840 396 946 455 aufert

166 509 219 573 33.
248 511 285 570 lit
298 512 470 574 mehercule
485 530 542 589 ego
565 522 670 588 antea,
693 515 810 576 tametsi
826 517 885 578 hoc
905 517 1010 578 nescio
1032 518 1105 592 quid

40 600 47 615 '
85 593 276 670 nugatorium
289 595 423 656 solebam
439 613 524 679 esse,
540 597 599 658 ista
614 597 795 673 intelligere,
815 606 914 660 mmen
934 599 1034 659 mirari
1054 615 1105 661 so·

40 742 42 747 ,
86 680 183 739 mam
197 677 288 737 istum
302 676 331 737 in
344 678 390 738 his
406 678 484 754 ipsis
495 681 587 741 rebus
599 678 731 755 aliquem
743 696 865 742 sensum
876 681 997 755 habere,
1014 698 1104 758 quem

89 762 194 823 scirem
222 761 304 819 nulla
324 760 355 818 in
375 764 417 821 re'
432 762 595 836 quidquam
620 763 717 823 simile
737 761 868 823 hominis
888 764 1010 824 habere.
1038 766 1103 825 XV.

40 890 51 933 Ρ
87 844 156 905 Tum
185 842 314 918 primum
338 842 473 903 intellexi
494 846 534 903 ad
557 861 623 904 eam
637 862 702 906 rem
721 845 798 906 istos
824 847 933 906 iratres
948 845 1103 923 Cibyratas

40 938 51 993 l·
88 926 197 999 iuuisse,
212 931 246 984 ut
259 923 317 985 iste
331 925 362 984 in
378 927 504 987 iurando
520 928 664 988 manibus·
674 929 746 1002 suis,
764 927 861 989 oculis
875 927 993 988 illorum
1006 937 1104 989 uterc-

40 996 51 1043 t
88 1018 140 1070 lm.
167 1012 210 1067 At
224 1007 266 1067 ita
280 1007 439 1068 studiosus
452 1018 499 1069 est
513 1009 602 1070 liuius
615 1012 791 1087 praeclarae
805 1008 1052 1084 existimationis,
1070 1018 1104 1072 ut

89 1099 207 1166 putetur
222 1088 253 1148 in
267 1089 353 1150 hisce
367 1092 457 1151 rebus
471 1089 642 1168 intelligens
661 1110 746 1166 esse,
770 1101 803 1153 ut
823 1108 922 1168 nuper
942 1125 986 1138 —
1003 1092 1105 1153 videte

90 1172 214 1235 hominis
241 1173 399 1232 amentiam
424 1205 465 1217 -
491 1183 601 1250 postea
625 1192 715 1250 quam
740 1184 788 1236 cst
807 1175 1103 1250 comperendinatus

56 1280 65 1329 ¹.
91 1273 178 1333 quum
194 1255 255 1314 iam
269 1270 324 1328 pro
344 1256 484 1317 damnato
501 1266 680 1332 mortuoque
694 1265 791 1331 esset,
812 1257 893 1319 ludis
912 1257 1103 1319 Circensibus

92 1354 173 1399 mane
193 1337 275 1411 apud
291 1338 324 1396 L.
347 1338 519 1412 Sisennam,
546 1340 643 1403 virum
667 1340 856 1416 primarium,
884 1358 976 1416 quum
999 1349 1103 1401 essent

91 1420 212 1485 mannia
232 1427 325 1480 strata
345 1431 562 1497 argentumque
581 1424 752 1499 expositum
778 1424 809 1483 in
836 1424 979 1497 aedibus,
1008 1438 1101 1498 quum

92 1520 142 1579 pro
159 1502 302 1576 dignitate
317 1504 351 1562 L.
367 1503 516 1565 Sisennae
535 1507 643 1567 domus
658 1513 741 1566 esset
761 1508 851 1580 plena
871 1506 1025 1566 hominum
1045 1506 1100 1565 ho·
1119 1526 1122 1537 ·

93 1585 341 1659 laetissimorum,
373 1587 504 1647 accessit
529 1588 569 1646 ad
594 1597 763 1662 argentum,
790 1587 986 1662 contemplari
1009 1604 1100 1648 unum

90 1667 221 1743 quidque
236 1668 340 1727 ociose
356 1677 386 1728 et
404 1669 597 1729 considerare
618 1670 727 1744 coepit.
758 1669 860 1730 Mirari
875 1670 1026 1730 stultitiam
1041 1669 1100 1741 alii,

88 1752 168 1827 quod
182 1750 212 1808 in
228 1750 297 1824 ipso
312 1749 424 1808 iudicio
440 1750 506 1808 eius
520 1750 617 1822 ipsius
632 1751 819 1825 cupiditatis,
842 1751 929 1811 cuius
949 1752 1102 1811 insimula-

88 1840 180 1903 retur,
195 1831 401 1905 suspicionem
418 1837 557 1903 augeret,
571 1831 623 1890 alii
637 1832 812 1904 amentiam,
832 1832 882 1891 cui
896 1833 1102 1906 comperendi-
1149 1843 1152 1846 ⁴

87 1924 171 1985 rute,
199 1928 290 1984 quum
312 1919 372 1971 lam
393 1911 477 1970 mulli
497 1918 590 1970 testes
611 1911 775 1983 dixissent,
801 1912 966 1986 quidquam
986 1913 1104 1972 illorum
1158 1963 1160 1969 .

88 1994 223 2059 venisset
237 1992 267 2051 in
285 2001 423 2062 mentem.
456 1992 543 2052 Pueri
562 2001 662 2054 autern
678 1992 841 2066 Sisennae,
866 1995 957 2053 credo
979 1993 1030 2068 qui
1052 2010 1103 2053 au-

87 2080 203 2140 dissent
218 2091 296 2150 quae
309 2075 339 2133 in
355 2074 445 2136 istum
459 2075 628 2136 testimonia
641 2075 722 2136 diota
736 2083 855 2152 essent,
871 2074 978 2136 oculos
996 2075 1034 2136 de
1044 2074 1103 2137 isto

84 2175 235 2235 nusquam
251 2157 381 2218 deiicere
398 2173 499 2234 neque
514 2159 552 2218 ab
567 2166 691 2233 argento
709 2160 832 2234 digitum
854 2156 1022 2219 discedere.
1052 2155 1103 2218 ³4.

86 2242 133 2304 list
158 2241 231 2302 boni
252 2239 360 2301 iudicis
376 2241 478 2315 parvis
502 2256 542 2300 ex
560 2244 652 2303 rebus
667 2242 870 2303 coniecturam
893 2240 994 2303 iacere
1012 2240 1103 2302 unius

86 2326 233 2400 citiusque
261 2331 291 2384 et
316 2323 489 2398 cupiditatis
511 2331 541 2384 et
565 2325 777 2386 continentiae.
810 2323 866 2398 Qui
884 2341 957 2385 reus
982 2333 1011 2385 et
1029 2340 1102 2385 reus

85 2410 150 2485 lage
166 2405 467 2480 comperendinatus,
490 2423 524 2466 re
547 2416 576 2468 et
599 2407 743 2482 opinione
766 2407 918 2468 hominurn
940 2424 1036 2483 paene
1050 2407 1103 2466 da-

84 2498 218 2563 mnatus,
233 2497 402 2563 temperare
423 2505 484 2548 non
507 2490 636 2563 potuerit
656 2490 786 2551 maximo
807 2498 959 2550 conventu
981 2489 1054 2563 quin
1069 2487 1103 2563 L.

83 2573 233 2635 Sisennae
249 2579 406 2646 argentum
427 2578 567 2631 tractaret
587 2581 617 2632 et
637 2573 858 2645 consideraret,
883 2573 964 2631 hunc
984 2576 1104 2646 praeto·

83 2672 145 2717 rem
160 2655 193 2715 in
214 2653 372 2729 provincia
389 2648 551 2728 quisquam
567 2655 683 2728 putabit
695 2672 714 2714 a
728 2656 899 2717 Siculorum
914 2659 1038 2724 argento
1053 2664 1104 2708 cu·

40 2760 43 2787 ¹
83 2738 238 2815 piditatem
257 2744 309 2796 aut
322 2753 429 2796 manus
444 2734 596 2795 abstinere
619 2737 777 2823 potuisset
902 2766 910 2813 q

165 2862 247 2923 XVI.
279 2857 329 2920 35.
361 2861 490 2932 Verum,
517 2857 560 2920 uti
578 2857 771 2935 Lilybaeum,
794 2859 877 2919 unde
898 2854 1035 2928 digressa
1057 2863 1104 2916 est

83 2944 196 3019 oratio,
219 2953 421 3017 revertamur,
446 2942 568 3003 Diocles
596 2950 656 3012 est,
676 2940 827 3019 Pamphili
844 2955 937 3013 gener
966 2936 1060 3013 illius,
1085 2955 1104 2997 a

83 3046 142 3103 quo
157 3026 270 3105 hydria
285 3028 457 3099 autumem,
480 3022 628 3099 Popillius
643 3021 834 3096 cognomine.
864 3020 916 3086 Ab
935 3019 992 3082 hoo
1017 3020 1103 3082 abaci

81 3128 156 3173 vasa
183 3109 299 3181 omnia,
324 3118 357 3170 ut
382 3107 522 3184 exposita
547 3109 682 3179 luerunt,
700 3104 841 3167 abstulit.
878 3103 963 3165 Dicat
983 3122 1017 3165 se
1033 3105 1103 3164 licet

80 3192 212 3257 emissea
235 3190 344 3254 etenim
359 3191 408 3252 hic
425 3201 548 3266 propter
563 3188 797 3264 magnitudinem
812 3188 880 3249 lorti
896 3196 965 3249 sunt
979 3188 1103 3253 litterae,

79 3276 255 3355 htopinor‚
276 3278 383 3336 iactae.
416 3275 507 3335 lussit
518 3272 737 3333 Timarchidem
758 3272 916 3335 aestimare
939 3276 1103 3358 argentum.

79 3358 280 3437 Quomodo?
302 3375 361 3435 quo
380 3357 431 3434 qui
446 3373 588 3433 umquam
603 3352 779 3416 tenuissime
793 3353 825 3428 in,
845 3353 1039 3417 donationem
1059 3346 1106 3405 ht·
