2340 3788
97 204 140 271 70
322 200 361 259 ΙΝ
382 198 413 258 C.
429 196 593 257 VERREM
608 194 690 255 hcr.
707 196 743 254 ΙΙ.
759 196 830 256 Lm.
845 198 897 256 lv.

97 354 256 426 acturique
279 357 365 420 sunt,
393 348 424 406 id
449 348 479 406 c.
494 347 608 407 Verres
629 345 667 404 ab
688 345 813 421 regibus
836 346 937 407 omari
964 364 1028 409 non
1056 364 1132 424 pas-

99 454 152 500 sus
168 444 225 496 est.

182 516 232 579 72.
258 516 364 589 ltaque
383 512 442 573 hoc
464 509 581 572 nelario
602 512 719 570 scelere
741 519 908 586 concepto,
928 510 1002 571 nihil
1017 523 1132 589 postea

99 610 161 665 tota
174 599 204 660 in
217 598 320 659 Sicilia
335 612 434 671 neque
449 594 528 657 sueri
542 609 643 668 neque
657 592 791 668 religiosi
804 594 890 655 duxit
902 611 988 656 esse:
1001 595 1046 656 ita
1057 614 1130 659 sese

99 689 129 748 in
151 700 188 743 ea
211 679 367 757 provincia
386 695 442 756 per
456 676 615 738 triennium
631 674 742 750 gessit,
763 684 797 737 ut
818 676 856 737 ab
872 678 931 739 isto
949 695 1011 737 non
1027 680 1131 741 solum

99 766 285 839 bominibus,
307 780 413 823 verum
434 760 523 821 etiam
543 759 590 819 dis
610 759 828 819 immortalibus
847 759 959 821 bellum
980 759 1130 825 indictum

98 857 263 928 putaretur.
304 845 433 907 XXXIII.
477 841 604 916 Segesta
627 850 675 901 est
694 840 842 916 oppidum
862 851 1007 918 pervetus
1027 845 1058 903 in
1081 845 1130 906 Si·

99 935 176 1006 cilia‚
191 931 318 1001 iudices,
342 928 425 1001 quod
439 925 477 984 ab
491 926 596 984 Aenea
616 924 748 997 fugiente
763 941 782 984 a
796 925 885 985 Troia
899 934 990 1000 atque
1003 926 1036 987 in
1051 927 1129 989 haec

98 1018 167 1078 loca
186 1016 326 1074 veniente
340 1007 494 1070 conditum
509 1023 580 1068 esse
601 1006 817 1068 demonstrant
847 1009 953 1083 ltaque
967 1008 1131 1084 Segestani

99 1116 161 1160 noa
183 1098 282 1158 solum
301 1101 447 1167 perpetua
468 1092 613 1152 societate
633 1098 724 1165 atque
744 1089 889 1164 amicitia,
915 1093 1129 1155 verumetiam

100 1179 281 1256 cognatione
295 1190 329 1235 se
343 1191 412 1235 curn
423 1175 537 1249 populo
548 1174 685 1235 Romano
703 1173 883 1235 coniunctos
899 1190 971 1235 esse
980 1175 1131 1237 arbitran-

99 1275 156 1326 tur.
191 1262 258 1320 Hoc
273 1258 427 1334 quondam
444 1250 607 1332 oppidur'n,
628 1273 720 1331 quum
735 1256 787 1316 illa
801 1257 907 1318 civitas
917 1270 921 1275 ·
932 1273 1000 1318 eum
1016 1257 1130 1323 Poenis

101 1361 158 1407 suo
177 1341 299 1403 nomine
322 1357 359 1400 ac
376 1356 432 1402 suu
448 1348 557 1415 sponte
572 1339 712 1413 bellaret,
739 1339 1075 1415 aKarthaginiensibus
1098 1341 1130 1403 vi

101 1435 222 1504 captum
235 1433 327 1499 atque
342 1425 474 1483 deletum
495 1432 556 1483 est:
573 1422 750 1496 omniaque,
773 1440 852 1499 quae
867 1432 1046 1485 ornamento
1060 1424 1130 1487 urbi

99 1525 170 1571 esse
184 1516 326 1583 possent,
347 1505 562 1580 KarthagInem
577 1514 647 1566 sunt
660 1523 699 1565 ex
715 1507 766 1565 illo
780 1508 850 1568 Ioco
867 1507 1036 1582 deportata.
1060 1498 1131 1569 Fuit

100 1593 181 1669 apud
197 1592 383 1666 Segestanos
398 1605 438 1649 ex
452 1604 522 1649 aere
539 1588 654 1649 DIanae
669 1588 877 1663 simulacrum,
901 1607 993 1665 quum
1009 1607 1131 1652 summa

99 1684 190 1750 atque
212 1672 423 1750 antiquissimu
445 1672 613 1747 praeditum
630 1671 776 1747 reilgione
793 1682 855 1733 tum
871 1672 1015 1748 singulari
1034 1690 1130 1749 opere

99 1757 289 1834 artificioque
310 1758 487 1832 perlectum.
517 1756 583 1816 Hoc
603 1757 779 1816 translatum
792 1756 1005 1831 Karthaginem
1024 1757 1130 1818 locum

98 1839 434 1914 tantum-hominesque
456 1847 598 1899 mutarat:
626 1838 803 1913 religionem
825 1837 951 1914 quidem
968 1839 1130 1914 pristinam

100 1924 313 1986 conservabat:
335 1939 405 1981 nam
426 1932 551 1997 propter
572 1921 710 1981 eximiam
724 1920 954 1996 pulcritudinem
969 1921 1059 1983 etiam
1074 1923 1130 1983 ho·

100 2009 196 2069 stibus
212 2008 303 2080 digna
318 2007 615 2080 quamsanctissime
636 2007 772 2064 colerent
785 2004 953 2065 videbatur.
982 2002 1033 2067 73.
1064 2005 1131 2065 Ali·

100 2099 174 2165 quot
191 2088 322 2148 saecuIIs
338 2096 410 2162 post
423 2088 454 2146 Ρ.
473 2087 575 2162 Scipio
588 2088 667 2146 bello
681 2087 794 2148 Punico
808 2087 895 2149 tertio
910 2086 1132 2162 Karthaginem

99 2174 194 2246 cepit:
213 2187 274 2244 qua
295 2170 325 2227 in
343 2170 469 2231 victoria
482 2204 522 2215 -
537 2170 637 2229 videte
651 2169 783 2231 hominis
804 2168 943 2231 uirtutem
957 2179 987 2231 ct
999 2169 1131 2246 diligen-

99 2254 186 2323 tiam,
202 2260 235 2310 ut
250 2258 280 2310 et
294 2253 469 2314 domesticis
484 2251 746 2328 praeclarissimae
759 2252 877 2314 virtutis
889 2252 1038 2329 exemplis
1053 2270 1131 2328 guu-

100 2334 196 2396 deatis
211 2342 241 2393 et
256 2349 293 2392 eo
305 2335 419 2394 maiore
431 2335 502 2395 odio
518 2335 640 2409 dignum
650 2334 738 2395 istius
752 2336 959 2397 incredibilem
967 2337 1129 2397 audaciam

99 2416 238 2479 iudicetis
263 2449 307 2460 —
331 2419 508 2479 convocatis
531 2417 641 2478 Siculis
668 2418 823 2492 omnibus,
851 2420 935 2494 quod
957 2419 1132 2483 diutissimo

101 2498 344 2575 saepissimeque
366 2499 499 2561 Siciliam
527 2511 666 2561 vexatam
687 2519 706 2560 a
725 2501 1029 2576 Karthaginiensibus
1056 2519 1131 2565 esse

101 2591 256 2660 cognorat,
270 2582 353 2642 iubet
362 2585 463 2663 omnia
478 2583 632 2658 conquiri:
651 2585 811 2660 pollicetur
819 2585 876 2645 sihi
891 2601 1019 2662 magnae
1036 2602 1132 2647 curae

100 2670 179 2740 lore,
197 2674 230 2727 ut
245 2664 347 2725 omnia
361 2665 548 2740 civitatibus,
571 2685 649 2742 quae
666 2667 815 2743 cuiusque
831 2667 974 2741 luissent,
988 2670 1132 2731 restitue

98 2760 209 2811 rentur.
238 2751 316 2809 Tum
338 2749 403 2821 illa,
431 2767 510 2825 quae
525 2751 680 2824 quondam
697 2759 781 2811 erant
795 2750 917 2812 Himera
931 2753 1065 2826 sublata,
1090 2753 1133 2813 de

100 2833 210 2917 quibus
225 2842 294 2894 ante
310 2833 386 2906 dixi,
407 2833 604 2919 Thmmitanis
621 2844 691 2895 sunt
704 2834 837 2895 reddita:
861 2844 921 2895 turn
943 2834 1003 2895 alia
1020 2834 1133 2895 Gelen-

100 2914 200 2986 sibus,
214 2917 273 2975 alia
289 2916 507 2992 Agrigentinis:
530 2917 560 2976 in
578 2917 689 2992 quibus
704 2915 795 2977 etiam
814 2917 864 2978 ille
878 2917 991 2980 nobilis
1010 2925 1131 2990 murus,

100 3011 190 3070 quem
211 2999 440 3061 crudelissimus
460 3000 592 3061 omnium
614 3010 812 3078 tyrannorum
826 3001 960 3062 Phalaris
981 3001 1134 3063 habuisse

99 3077 216 3150 dicitur,
233 3097 293 3153 quo
312 3082 399 3143 vivos
416 3083 559 3158 supplicii
574 3100 669 3144 causa
684 3082 841 3144 demittere
855 3083 995 3144 homines
1010 3092 1043 3145 et
1058 3083 1135 3145 sub·

98 3159 189 3219 ilcerc
210 3160 359 3223 flammam
380 3168 511 3227 solebat:
535 3183 625 3242 quem
645 3175 763 3227 taurum
789 3183 881 3242 quum
895 3166 998 3241 Scipio
1018 3168 1135 3229 redde·

98 3251 145 3303 ret
159 3243 379 3320 AnggenIInis,
393 3248 511 3309 dixisse
527 3248 637 3310 dicitur
659 3265 790 3324 aequum
810 3266 882 3310 esse
902 3251 971 3310 illos
984 3249 1135 3324 cogitare,

98 3333 198 3386 utrum
215 3336 298 3388 esset
313 3329 518 3404 Agrigentinis
536 3331 654 3406 utilius,
670 3331 775 3392 suisne
788 3333 903 3393 servire
915 3349 995 3393 anne
1011 3335 1135 3410 populo

98 3408 235 3472 Romano
250 3411 475 3486 obtemperare,
492 3431 584 3488 quum
599 3414 681 3476 idem
694 3424 919 3476 monumentum
937 3425 967 3476 et
984 3414 1136 3477 domesti-
