2340 3788
360 205 442 265 cnr.
459 212 591 266 tat-to.
612 209 637 271 s.
653 210 817 267 ιιι-ιιι.
1045 199 1109 269 45⁷

71 355 146 419 lto.
169 354 257 428 Quod
281 351 308 414 si
329 371 390 414 non
417 354 526 415 metuis
553 353 636 414 viros
661 355 756 414 lortes
784 353 985 429 egregiosque
1006 345 1105 429 cives,

72 438 199 516 quoda
220 452 350 512 corpore
370 446 422 498 tuo
447 436 643 512 prohibentur
666 437 771 507 armis,
792 435 836 495 tui
850 444 895 508 te,
917 437 1106 511 mihicrede,

70 519 190 582 diutius
206 537 266 580 non
283 520 389 580 terent.
412 520 495 593 Quae
510 528 557 580 est
571 528 671 579 autem
689 518 750 578 vita
765 517 832 578 dies
844 526 874 578 et
884 527 991 579 noctes
1001 520 1106 580 timere

70 621 92 664 a
114 603 202 664 suist
216 601 287 661 ¹Nisi
306 618 381 662 vero
403 611 455 663 aut
474 602 638 662 maioribus
661 602 757 661 habes
771 600 929 660 beneficiis
947 601 1105 674 obligatos,

71 701 169 762 quarn
189 683 239 743 ille
260 686 411 758 quosdam
432 685 536 746 habuit
555 701 594 743 ex
614 683 668 757 iis,
691 701 709 742 a
731 684 841 759 quibus
857 691 905 743 est
920 683 1106 758 interiectus,

70 776 127 830 eut
141 775 173 828 tu
190 783 224 826 es
239 768 301 826 ulla
313 783 347 826 re
363 784 431 827 cum
446 784 483 828 eo
501 767 734 842 comparandus.
754 765 822 827 Fuit
836 768 865 825 in
881 766 931 825 illo
946 767 1107 839 ingenium,

69 849 168 921 ratio,
185 850 344 923 memoria,
358 850 488 921 litterae,
506 866 593 923 cura,
609 849 760 924 cogitatio,
775 848 944 923 diligentia=
963 864 1014 908 res
1027 848 1107 907 bello

69 941 224 1010 gesserat,
241 933 379 1007 quamvis
391 932 434 993 rei
446 933 589 1008 publicae
600 932 803 1006 calamitosas,
815 941 845 992 at
855 941 955 992 tamen
965 946 1107 1005 magnam

69 1017 187 1086 multos
213 1031 312 1075 annos
335 1032 465 1090 regnare
490 1015 667 1085 meditatus,
702 1029 813 1088 magno
839 1015 959 1087 labore,
990 1010 1108 1087 magnis

69 1096 219 1175 periculis
243 1099 327 1173 quod
345 1099 491 1173 cogitarat
505 1098 663 1158 effecerat:
685 1096 872 1171 muneribus,
895 1096 1108 1168 monumentis,

70 1179 252 1254 congiariis,
277 1183 375 1255 epulis
396 1178 614 1242 multitudinem
635 1178 804 1254 imperitam
826 1179 1005 1239 delenierat=
1034 1193 1109 1238 suos

70 1262 235 1340 praemiis,
265 1263 460 1324 adversarios
481 1263 659 1323 clementiae
681 1261 785 1337 specie
807 1261 992 1322 devinxerat.
1031 1259 1109 1336 Quid

69 1347 188 1406 multat
208 1347 347 1411 attulerat
366 1347 426 1405 iarn
444 1348 558 1406 liberae
579 1345 691 1406 civitati
712 1344 821 1421 partim
836 1355 917 1406 metu
933 1343 1040 1420 partim
1054 1358 1109 1418 pa-

67 1426 184 1490 tientia
199 1429 448 1510 consuetudinem
470 1430 632 1490 serviendi.
674 1429 778 1488 XLVI.
800 1426 870 1488 117.
892 1430 966 1489 Cum
980 1428 1031 1488 illo
1050 1442 1108 1501 ego

68 1519 103 1572 te
117 1509 294 1573 dominandi
307 1511 472 1586 cupiditate
485 1514 624 1573 conterre
637 1529 774 1587 possum,
788 1512 917 1573 caeteris
927 1527 1002 1572 vero
1014 1511 1108 1571 rebus

55 1595 158 1653 nullo
182 1595 274 1653 modo
296 1596 519 1666 comparandus
540 1611 585 1652 es.
613 1594 675 1652 Sed
696 1609 736 1650 ex
750 1593 886 1665 plurimis
901 1593 1004 1667 malis,
1027 1607 1107 1668 quae

70 1676 114 1735 ab
136 1674 188 1734 illo
210 1673 254 1731 rei
274 1675 414 1748 publicae
437 1682 506 1733 sunt
524 1673 640 1746 inusta,
662 1673 722 1733 hoc
737 1680 836 1732 tamen
851 1675 924 1733 boni
940 1683 1002 1745 est,
1025 1676 1110 1748 quod

68 1755 182 1820 didicit
212 1755 272 1814 iarn
301 1756 437 1830 populus
460 1756 616 1814 Romanus
650 1760 795 1826 quantum
827 1755 937 1829 cuique
962 1755 1111 1826 crederet,

70 1840 189 1934 quibus
227 1854 263 1898 se
297 1835 511 1911 committeret,
546 1852 565 1894 a
604 1834 716 1909 quibus
753 1844 884 1897 caveret.
932 1837 1016 1895 Haec
1047 1852 1110 1894 non

70 1921 219 1997 cogitasr
251 1937 309 1982 nec
336 1918 479 1994 intelligis
508 1916 582 1979 satis
609 1932 680 1978 esse
706 1913 778 1975 viris
807 1917 936 1978 fortibus
963 1916 1110 1978 didicisse

74 2021 171 2082 quam
195 2005 235 2065 sit
259 2021 293 2064 re
322 2006 474 2079 pulcrum,
501 2000 651 2063 beneflcio
674 2007 810 2076 gratum,
837 2002 918 2061 lama
942 2001 1110 2076 gloriosum

70 2097 237 2167 tyrannum
271 2087 433 2147 occideret
470 2102 524 2158 an,
566 2102 659 2160 quum
690 2084 773 2144 illum
804 2083 945 2165 homines
976 2098 1038 2143 non
1065 2091 1110 2143 tu-

72 2169 178 2242 lerint,
217 2179 248 2230 te
279 2170 398 2230 terenti
447 2168 517 2231 118.
556 2168 696 2229 Certatim
725 2167 870 2263 posthac,
905 2154 977 2226 m'ihi
1010 2165 1110 2237 crede,

73 2253 115 2313 ad
142 2252 304 2327 hocopus
328 2260 464 2312 curretur
484 2267 585 2328 neque
606 2251 779 2312 occasionis
801 2251 926 2310 tarditas
950 2257 1110 2325 exspecta.

73 2333 165 2397 bitur.

137 2417 285 2492 Respice,
308 2433 441 2491 quaeso,
458 2417 627 2492 aliquando
648 2432 711 2476 rem
732 2414 898 2490 publicam,
919 2416 961 2474 M.
979 2412 1109 2474 Antoni=

76 2498 189 2575 quibus
213 2508 296 2561 ortus
320 2499 378 2570 sis,
400 2516 461 2560 non
483 2500 663 2574 quibuscum
680 2500 766 2559 vivas
785 2497 960 2558 considera:
981 2512 1109 2567 mecum,

74 2591 109 2644 ut
128 2583 230 2641 voles:
258 2580 325 2642 redi
346 2598 414 2642 cum
435 2600 469 2642 re
495 2581 617 2657 publica
640 2582 671 2639 in
694 2581 829 2656 gratiam.
867 2579 929 2640 Sed
954 2581 993 2640 dc
1020 2588 1050 2639 te
1077 2588 1111 2639 tu

75 2664 207 2725 videris:
230 2680 288 2740 ego
310 2667 348 2725 de
369 2680 418 2724 me
439 2665 508 2739 ipso
527 2664 701 2739 profitebor.
736 2662 865 2724 Delendi
880 2677 942 2720 rem
957 2661 1111 2738 publicam

75 2747 271 2822 adolescens,
288 2764 348 2808 non
362 2749 500 2808 deseram
513 2764 623 2808 senex:
643 2747 813 2821 contempsi
825 2745 969 2806 Catilinae
980 2742 1110 2819 gladios,

75 2846 137 2899 non
153 2831 367 2904 pertimescam
381 2839 461 2890 tuos.
481 2831 558 2903 Quin
571 2832 660 2890 etiam
672 2846 786 2904 corpus
800 2830 926 2889 libenter
938 2824 1108 2898 obtulerim,

75 2913 103 2975 si
124 2913 349 2987 repraesentari
370 2920 467 2973 morte
488 2929 556 2972 mea
568 2912 692 2972 libertas
708 2911 837 2972 civitatis
853 2918 968 2985 potesm
992 2906 1063 2972 119.
1078 2916 1111 2968 ut

75 2994 242 3070 aliquando
264 2996 353 3056 dolor
376 2995 481 3069 populi
500 2988 628 3056 Romani
650 2994 760 3069 pariat,
784 2994 946 3069 quodiam
967 2993 1019 3052 diu
1041 3007 1109 3066 par·

75 3079 161 3139 turitt
183 3077 300 3138 Etenim
316 3078 344 3139 si
357 3078 467 3138 abhinc
481 3094 578 3138 annos
594 3094 692 3153 prope
706 3077 812 3152 viginti
826 3077 886 3136 hoc
904 3077 974 3150 ipso
989 3075 1020 3135 in
1035 3082 1109 3134 tem-

73 3162 128 3236 plo
143 3159 255 3234 negavi
270 3177 364 3236 posse
379 3170 504 3223 mortem
519 3163 706 3222 immaturam
720 3177 792 3222 esse
808 3159 974 3231 consulari,
993 3163 1108 3232 quanto

76 3241 180 3304 verium
197 3258 278 3303 nunc
295 3245 414 3319 negabo
431 3245 518 3305 senis
539 3244 611 3303 Mihi
627 3259 715 3314 vero,
720 3251 837 3318 patres
853 3239 1032 3315 conscripti,
1047 3239 1107 3297 iam

74 3323 168 3387 etiam
188 3326 323 3407 optanda
342 3343 424 3388 mors
448 3335 510 3401 est,
531 3328 690 3402 perfuncto
704 3324 829 3386 rebus·
811 3341 864 3398 ns,
887 3339 963 3400 quas
978 3322 1108 3417 adeptus

75 3422 146 3470 sum
161 3424 303 3484 quasque
317 3408 409 3484 gessi.
429 3411 498 3471 Duo
512 3411 603 3474 modo
619 3410 695 3470 haec
712 3417 797 3484 opto,
811 3424 914 3481 unum,
932 3414 964 3467 ut
974 3404 1108 3466 moriens
