2340 3788
240 210 695 276 car.sr-ts.s.1oe-ue
789 274 793 291 ,
938 206 980 273 st

52 369 90 422 st
122 362 245 421 Recede
261 361 300 420 de
313 358 428 420 medio=
454 374 509 434 per
529 357 621 419 alium
639 358 811 436 transigam.
841 360 980 438 Suscipio

54 442 158 517 cilicii,
173 444 256 518 quod
273 451 303 503 te
317 449 407 518 putas
419 442 569 523 sustinere
579 456 683 515 posse,
700 444 780 518 quod
793 445 923 504 maxime
934 445 978 505 vi·

65 530 161 601 gram
176 525 230 598 iis,
254 526 308 600 qui
320 523 441 584 minirne
456 523 517 598 ipsi
534 521 618 583 leves
634 533 711 585 sunt
752 527 881 587 xxxix.
898 528 978 603 Ergo

52 624 76 668 ιο
103 608 200 682 turpis
221 608 297 668 baec
316 609 483 681 culpasse,
511 607 595 680 quod
614 606 691 666 duas
706 623 757 668 res
772 597 978 671 sanctissimas

52 736 69 763 .,
93 690 253 751 amicitiam
269 698 299 751 et
313 691 413 750 fidem.
450 689 524 748 Nam
548 704 648 763 neque
674 691 797 751 mandat
818 693 978 767 quisquam

52 773 100 834 uisi
119 773 218 834 amico
244 789 345 848 neque
367 771 462 832 credit
490 771 606 845 nisisi,
632 788 724 846 quem
743 772 864 834 fidelem
882 784 976 850 putat

52 855 160 917 tissimi
176 864 223 916 est
236 856 327 931 igitur
341 853 471 916 hominis
486 855 576 916 simui
590 864 619 916 ct
634 854 795 916 amicitiam
809 855 978 918 dissolvere

52 940 116 999 lere
131 955 208 1010 cum,
230 938 283 1013 qui
304 940 407 998 laesus
419 953 481 998 non
496 946 587 1012 esset,
601 936 660 998 nisi
677 937 866 999 credidisset.
908 937 978 1000 118.

61 1029 131 1082 est?
157 1022 190 1081 In
206 1020 335 1080 minimis
348 1021 445 1081 rebus
456 1021 508 1096 qui
523 1022 695 1081 mandalum
709 1021 890 1096 neglexerit,
918 1030 979 1082 tur·

52 1121 91 1166 no
108 1103 220 1165 iudicio
236 1105 451 1164 condemnetur
466 1120 594 1165 necesse
606 1110 666 1177 est,
690 1103 720 1164 in
735 1121 769 1165 re
788 1112 869 1166 tunm
887 1120 978 1180 quum

52 1187 75 1247 ri
92 1188 174 1246 lama
187 1185 311 1263 mortui,
336 1188 473 1247 lortunae
485 1187 548 1246 vivi
565 1187 792 1248 commendatae
807 1195 877 1249 sunt
887 1196 979 1265 atque

53 1269 171 1340 editae,
187 1269 350 1344 ignominia
364 1276 528 1342 mortuum,
552 1312 801 1329 ................
822 1271 977 1343 adiecerit,

52 1348 80 1414 ιι
93 1353 240 1413 honestos
256 1352 394 1414 homiues
408 1360 499 1427 atque
515 1353 595 1412 adeo
613 1351 794 1414 interrivos
809 1353 978 1416 numerabi-

52 1439 76 1495 ἰι
90 1434 221 1496 minimis
231 1435 420 1511 privatisque
433 1437 524 1496 rebus
541 1434 631 1496 ctiam
645 1435 826 1512 negligentia
843 1435 978 1498 mandtui

52 1534 117 1579 men
132 1517 336 1594 iudiciumque
351 1518 491 1579 infamiae
506 1527 640 1591 vocatur,
658 1528 821 1595 propterea
836 1522 935 1596 quod,
949 1518 977 1579 si

52 1619 78 1662 ue
95 1602 156 1672 fiat,
172 1600 253 1661 illum
267 1600 420 1676 negligere
433 1609 571 1676 oportent
585 1600 637 1676 qui
650 1601 806 1675 mandarit,
822 1619 885 1663 uon
895 1602 977 1665 illum

52 1684 207 1744 laudatum
219 1683 382 1759 receperim
404 1683 434 1743 in
447 1700 481 1743 re
496 1692 588 1757 mum,
602 1701 681 1758 quae
698 1684 819 1760 publice
832 1694 921 1760 gesta
933 1694 976 1745 at·
1061 1731 1064 1735 «

54 1766 204 1827 ommissa
215 1766 262 1837 sit,
276 1766 327 1838 qui
337 1781 399 1823 non
411 1764 592 1838 negligentia
602 1766 750 1839 privatum
760 1766 885 1840 aliquod
896 1783 977 1827 conr-

52 1867 84 1908 m
102 1848 238 1916 laeserit,
254 1848 310 1905 sed
326 1845 456 1920 pertidia
471 1846 630 1920 legationis
652 1847 750 1920 ipsius
766 1848 978 1908 caerimoniam

52 1932 105 1992 trit
120 1929 299 2002 maculaque
315 1927 468 1999 adiecerit,
486 1944 546 2002 qua
558 1928 586 1986 is
602 1929 722 1988 uadem
742 1945 842 2002 poena
856 1928 978 1989 adlicie-

52 2022 82 2074 ιι
104 2027 166 2086 quo
185 2010 298 2071 iudicio
315 2008 525 2071 damnabiturl
564 2007 642 2072 114..
661 2010 693 2070 Si
708 2011 787 2070 banc
799 2011 828 2070 ei
840 2027 904 2072 rem
918 2012 978 2087 pri·

64 2095 142 2156 Sex.
157 2093 289 2154 Roscius
304 2092 519 2167 mandavisset,
533 2101 567 2156 ut
584 2109 653 2155 cum
667 2093 866 2172 Chrysogono
881 2103 976 2155 truns-

67 2186 162 2252 atque
175 2177 337 2248 decideret,
354 2175 448 2250 inque
462 2193 529 2237 eam
548 2192 613 2237 rem
633 2177 725 2237 fidem
742 2193 846 2252 suam,
859 2177 886 2239 si
902 2177 976 2254 quid

52 2277 126 2323 esse
140 2268 269 2334 putaret,
283 2259 495 2335 interponeret,
512 2259 572 2334 ille,
588 2259 640 2334 qui
652 2275 723 2322 sese
734 2261 881 2322 iacturum
891 2278 975 2322 rece·

52 2392 64 2419 ‚,
80 2359 191 2414 nonne,
207 2342 234 2403 si
249 2358 289 2401 ex
303 2358 340 2404 eo
355 2342 483 2416 negocio
504 2345 650 2404 tantulum
673 2344 704 2402 in
723 2359 787 2404 rem
802 2361 887 2404 suam
903 2360 974 2405 con·
993 2374 996 2379 ·

52 2436 110 2500 set,
127 2426 285 2485 damnatus
300 2440 355 2500 per
371 2424 515 2485 arbitrum
528 2435 558 2486 et
570 2443 634 2486 rem
647 2427 819 2488 restitueret
838 2434 868 2487 et
882 2427 975 2487 boue·

52 2529 65 2569 ι
84 2525 205 2569 omnem
221 2507 388 2568 amitteret?
429 2505 498 2569 115.
519 2510 604 2572 Nunc
619 2525 679 2569 non
693 2509 771 2570 hanc
789 2510 817 2570 ei
827 2527 891 2570 rem
903 2508 976 2575 Sex.

52 2610 90 2655 us
105 2591 268 2664 mandavit,
283 2592 349 2662 sed,
366 2591 398 2648 id
413 2590 495 2662 quod
505 2594 597 2653 mullo
614 2592 737 2667 gravius
754 2601 812 2666 est,
824 2591 893 2666 ipse
904 2589 976 2649 Sex.

52 2693 91 2738 us
105 2690 175 2734 cum
190 2675 284 2744 lama,
309 2674 369 2732 vita
387 2672 538 2748 bonisque
559 2676 696 2735 omnibus
718 2692 737 2736 a
761 2672 976 2734 decurionibus

52 2775 80 2820 te
94 2756 233 2836 [Roscio]
246 2757 404 2815 mandatus
416 2763 477 2816 est:
493 2764 523 2816 et
533 2771 572 2815 ex
582 2773 619 2817 eo
630 2758 661 2816 Τ.
672 2756 805 2818 Roscius
815 2770 876 2814 non
892 2756 975 2828 paul-

55 2841 143 2903 esclo
160 2840 233 2915 quid
253 2840 284 2899 in
301 2855 365 2901 rem
380 2855 466 2898 suam
487 2840 648 2913 convertit,
674 2840 730 2899 sed
746 2839 826 2896 hunc
842 2837 975 2900 subditus

52 2933 65 2986 t
79 2923 180 2996 bonis,
196 2923 264 2997 ipse
279 2922 335 2983 tria
349 2921 474 2996 praedia
484 2919 541 2980 sibi
553 2921 698 2996 depactus
717 2927 772 2991 est,
796 2921 975 2982 voluntatem
993 2973 996 2979 .

51 3008 157 3068 ionum
178 3022 214 3066 ac
235 3004 419 3079 municipum
446 3003 577 3064 omnium
604 3003 746 3064 tantidem
768 3002 868 3076 quanti
885 3005 974 3066 fidem

57 3091 139 3150 lecit.

52 3175 97 3234 tt.
122 3171 192 3233 116.
214 3171 324 3232 Videte
340 3173 399 3230 iam
413 3187 505 3245 porro
524 3178 660 3242 caetera,
674 3167 805 3244 iudices,
822 3179 855 3231 ut
868 3171 974 3232 intelli-

53 3255 130 3331 liugi
151 3255 331 3314 maleficium
346 3256 459 3314 nullum
476 3269 649 3328 posseque
670 3251 727 3312 iste
742 3269 812 3313 sese
826 3270 886 3314 non
904 3270 974 3313 con·

52 3339 114 3399 erit.
150 3340 183 3397 ln
207 3338 298 3397 rebus
318 3336 484 3397 minoribus
505 3335 621 3397 socium
642 3337 744 3396 lallcre
758 3336 975 3411 ’turpissimum

56 3437 181 3503 queque
195 3428 283 3495 turpe
298 3429 388 3495 etque
409 3421 491 3495 illud,
509 3421 547 3480 de
565 3437 625 3495 quo
643 3427 712 3482 ante
723 3418 805 3492 dixi3
817 3413 982 3493 usquein-
