2340 3788
349 208 430 271 cnl’.
446 215 578 273 ot-aa
599 216 625 278 s.
641 217 806 274 lat-1³1.
1045 206 1088 272 al

47 365 139 445 quod
156 361 307 436 scriptum
321 367 369 421 est
382 359 463 421 inani
478 360 509 422 in
530 362 611 433 basi,
641 361 775 423 declarat
797 362 871 439 quid
896 364 986 425 luerit
1007 373 1038 425 et
1057 363 1089 424 id

48 450 192 511 ablatrun
207 443 331 504 iudicat.

136 526 243 605 Quidt
268 527 388 601 signum
413 525 541 587 Paeanis
569 542 609 587 ex
631 525 708 584 aede
732 527 908 603 Aesculapii
930 530 1089 604 praeclare

52 618 189 685 belum,
208 624 328 671 sacrum
345 624 382 669 ac
398 609 591 683 religiosum,
610 624 672 668 non
688 609 857 669 sustulistlt
878 613 961 684 qnod
981 628 1089 672 omnes

10 744 13 769 ,
52 704 185 775 propter
201 691 567 768 pulcritudinem'visere,
589 699 713 766 propter
726 691 904 766 religionem
920 694 1021 754 colere
1037 710 1088 754 so·

10 786 12 803 *
53 780 168 843 lebant
193 775 265 838 128.
286 775 387 848 Quidt
407 791 447 835 ex
462 775 539 834 aede
552 773 653 834 Liberi
674 773 867 835 simulacrum
881 775 1013 835 Aristaei
1027 794 1090 836 non

10 870 12 901 ³
54 872 106 925 tuo
126 858 260 935 imperio
282 859 382 933 palam
402 858 534 917 ablatum
555 864 622 918 estt
652 857 752 931 Quina
772 873 812 918 ex
833 858 910 917 aede
925 857 1007 917 lovis
1021 858 1090 917 reli-

55 943 268 1025 giosissimum
300 941 496 1002 simulacrum
520 941 602 1000 lovis
631 940 841 1015 Imperatoris,
869 955 959 1014 quem
984 938 1092 999 Graeci

57 1020 189 1106 θῦριον
222 1024 393 1095 nominant,
424 1023 627 1097 pulcherrime
651 1026 763 1085 lactum
787 1039 890 1084 nonne
920 1021 1092 1082 abstulistis

57 1111 157 1187 unda
186 1124 225 1169 ex
247 1106 324 1168 aede
344 1106 472 1167 Liberae
495 1124 622 1181 parvum
644 1116 736 1182 caput
752 1107 827 1168 illud
845 1104 1092 1181 pulcherrimum,

57 1194 143 1271 quod
162 1190 267 1253 visere
288 1188 477 1262 solebamus,
505 1206 576 1252 num
596 1190 739 1251 dubitasti
762 1190 906 1257 tolleret⁴
922 1190 1025 1263 Atque
1041 1186 1092 1247 ille

56 1273 325 1339 Paennsacrillciis
336 1272 551 1334 anniversariis
560 1273 917 1348 simulcumAesculapio
926 1272 1010 1346 apud
1020 1270 1092 1331 illos

57 1360 232 1423 colebaturz
253 1356 429 1430 ArIslaeus,
443 1356 510 1433 qni,
525 1365 558 1417 ut
573 1357 680 1417 Graeci
695 1359 809 1429 lerunt,
824 1356 926 1417 Liberi
939 1354 1031 1426 lilius,
1046 1354 1090 1413 in·

59 1450 168 1503 ventor
189 1440 248 1499 olei
270 1455 340 1500 esse
361 1439 489 1514 dicitur„
509 1458 572 1502 una
595 1456 665 1501 cum
678 1439 788 1501 Libero
807 1449 894 1514 patre
915 1439 999 1514 apud
1019 1437 1091 1498 illos
1115 1500 1119 1505 ,

59 1526 167 1587 eodem
184 1529 247 1582 erat
261 1522 292 1582 in
309 1525 421 1598 templo
437 1532 646 1587 consecratus.
677 1524 780 1583 LVlll.
813 1521 884 1584 129.
915 1524 1020 1583 lovem
1037 1537 1091 1582 au·

57 1608 347 1680 temlmperatorem
362 1614 476 1681 quanto
494 1607 611 1666 honore
629 1605 662 1666 in
679 1622 735 1666 suo
758 1608 870 1681 templo
895 1605 992 1666 luisse
1011 1603 1091 1664 arbi·

10 1730 12 1745 .
58 1688 200 1753 bamini?
234 1687 389 1748 Coniicere
408 1688 555 1762 potestis,
581 1688 608 1747 si
623 1687 782 1748 'recordari
798 1688 955 1750 volueritis
978 1697 1093 1761 quanta

10 1782 12 1789 '
59 1772 206 1849 religione
226 1770 317 1830 luerit
337 1770 446 1829 eadem
465 1769 570 1842 specie
593 1785 629 1827 ac
649 1771 747 1829 lorma
762 1771 880 1842 signum
894 1770 986 1840 illud,
1007 1770 1093 1844 quod

10 2424 17 2477 l

60 1870 98 1915 ex
122 1852 311 1915 Macedonia
338 1859 461 1923 captum
485 1850 516 1907 in
546 1849 693 1922 Capitolio
725 1860 871 1923 posuerat
895 1849 1092 1910 Flamininus.

60 1938 179 2000 henim
192 1931 250 1992 tria
266 1931 441 1992 ferebantur
455 1930 486 1990 in
507 1931 581 1991 orbe
598 1940 743 1991 terrarum
762 1930 850 2005 signa
862 1931 945 1991 lovis
960 1931 1093 2003 Impera·

10 2042 12 2085 ε
60 2020 130 2083 tofis
157 2031 223 2076 uno
240 2014 270 2074 in
286 2030 399 2089 genere
413 2013 615 2089 pulcherrime
631 2014 724 2074 lacta=
747 2029 841 2073 unum
860 2013 935 2073 illud
949 2012 1094 2072 Macedo·

61 2102 177 2173 mum,
200 2097 336 2173 quod-in
359 2097 506 2173 capitolio
528 2096 675 2158 vidimusz
697 2099 823 2158 alterum
849 2096 880 2156 in
894 2094 982 2157 Ponti
997 2111 1049 2156 ore
1063 2102 1095 2156 et

62 2183 226 2261 angustiisc
248 2182 384 2255 tertium,
410 2182 493 2256 quod
510 2180 675 2258 Syracusis
692 2188 762 2241 ante
777 2180 903 2240 Verrem
921 2188 1093 2256 praetorem

63 2268 124 2329 luit.
155 2265 233 2326 lllud
246 2263 432 2325 Flamininus
448 2265 489 2326 ita
502 2282 541 2325 cx
556 2264 634 2325 aede
651 2282 709 2325 sua
724 2263 861 2336 sustulit,
877 2264 956 2325 utin
972 2263 1092 2338 Capito·

62 2352 117 2422 lio,
133 2350 193 2411 boc
211 2356 273 2421 est,
292 2348 323 2407 in
340 2349 473 2410 terrestri
487 2347 640 2409 domicilio
654 2347 736 2408 lovis
751 2356 889 2423 poneret.
910 2346 981 2410 130.
1004 2346 1093 2420 Quod

10 2484 16 2505 ,
63 2440 162 2494 aulem
181 2440 229 2493 est
248 2431 289 2490 ad
311 2431 465 2492 introilum
481 2431 583 2502 Ponti,
600 2431 648 2505 id,
669 2449 762 2505 quum
784 2439 844 2491 lom
864 2433 956 2492 multa
979 2446 1019 2490 ex
1039 2431 1091 2488 illo
1151 2500 1157 2511 Ι

10 2532 17 2597 l
63 2516 136 2576 mari
156 2515 237 2576 bella
258 2514 450 2585 emerserint,
472 2522 532 2574 tam
552 2515 644 2573 mulla
663 2531 757 2589 porro
779 2514 811 2575 in
823 2512 952 2575 Pontum
971 2512 1094 2572 invecta

10 2606 12 2615 '
63 2598 136 2674 sint,
155 2613 256 2673 usque
270 2598 310 2656 ad
324 2598 403 2657 hanc
417 2597 498 2657 diem
516 2597 662 2669 integrum
682 2597 921 2672 inviolatumque
938 2600 1094 2655 servatum

10 2898 17 2941 l

64 2690 117 2741 est
149 2681 216 2743 Hoc
230 2680 366 2753 tertium,
390 2680 474 2754 quod
496 2687 560 2739 erat
573 2679 751 2755 Syracusis,
773 2682 858 2757 quod
872 2681 912 2743 llll.
928 2674 1093 2736 Marcellus

64 2771 195 2825 armatus
212 2771 243 2823 et
256 2762 354 2823 victor
367 2761 499 2835 viderat,
523 2762 604 2836 quod
620 2762 758 2837 religioni
772 2767 986 2829 concesserat,
1008 2756 1105 2831 quod·

66 2846 147 2909 cives
163 2854 256 2921 atquc
276 2845 396 2907 incolae
411 2844 598 2921 Syracusani
621 2847 735 2915 colere,
756 2847 896 2904 advenae
912 2857 974 2900 nou
994 2841 1093 2901 solum

64 2930 177 3002 visere,
200 2929 411 2991 verumetiam
426 2927 564 2988 venerari
577 2927 729 2998 solebam,
751 2927 783 2986 id
797 2929 911 2985 Verres
926 2939 965 2983 ex
979 2925 1091 2999 templo

62 3013 143 3074 lovis
157 3011 289 3073 sustulit
317 3011 388 3073 131.
419 3011 458 3072 Ul
476 3010 600 3087 saepius
615 3011 655 3069 ad
665 3009 840 3068 Marcellum
856 3015 1000 3079 revertar,
1014 3007 1092 3069 iudi·

63 3112 129 3170 ces,
145 3095 191 3156 sIc
203 3095 361 3156 habetote:
384 3096 488 3168 plures
511 3111 582 3155 esse
596 3111 615 3153 a
629 3090 834 3168 Syracusanis
855 3089 943 3153 istius
957 3092 1092 3153 adventu

62 3180 154 3252 deos,
180 3194 272 3252 quam
290 3177 418 3239 victoria
432 3177 566 3238 Marcelli
587 3175 726 3236 homines
742 3174 943 3236 desideratos.
973 3175 1092 3237 Etenim

60 3260 109 3322 ille
122 3260 296 3336 requisisse
309 3260 401 3321 etiam
426 3261 535 3321 dicitur
549 3259 764 3320 Archimedem
779 3258 876 3331 illum,
904 3274 1021 3320 summo
1046 3257 1091 3315 in·

60 3345 149 3419 genio
173 3343 327 3404 hominem
346 3361 382 3405 ac
405 3343 580 3419 disciplina,
598 3358 689 3417 quem
707 3359 805 3417 quum.
818 3342 955 3403 audisset
971 3338 1092 3401 interle-

60 3435 156 3500 ctum‚
180 3428 364 3502 permoleste
377 3427 500 3487 tulisse:
522 3427 580 3487 istc
596 3426 712 3499 omnia,
735 3442 811 3501 quae
832 3423 1007 3499 requisivit,
1030 3435 1092 3480 non
