2340 3788
110 207 131 271 8
268 210 342 272 PRO
365 207 800 275 sEx.Roscto·nnltsR11t0
823 208 975 270 ORATIO.

108 361 160 423 ille
181 364 391 438 pertimuerat,
408 369 442 422 ut
460 359 538 420 mori
556 361 659 421 mallet
675 375 768 434 quarn
788 360 827 419 de
845 359 895 423 his
911 359 1007 423 rebus
1022 362 1132 425 Sullam

109 445 223 507 doceri.
245 446 392 506 Homines
409 442 540 519 antiqui,
565 444 616 518 qui
636 458 677 503 ex
691 458 748 503 sua
762 451 870 504 natura
885 450 1026 507 caeteros
1040 447 1131 523 finge

109 536 190 603 rent,
207 545 301 604 quum
319 529 370 588 ille
391 528 583 589 confirmaret
603 542 675 587 sese
691 543 802 587 nornen
820 525 892 586 Sex.
907 527 1014 589 Roscii
1036 532 1078 591 de
1093 539 1130 592 ta·

109 612 188 672 bulis
209 621 434 687 exemptarum,
460 610 586 687 praedia
606 625 703 670 vacua
722 609 785 670 lilio
806 609 1001 686 uaditmum,
1029 630 1129 688 quum

111 712 171 770 qua
190 694 223 755 id
243 696 285 756 ita
304 697 436 756 futurum
455 696 488 754 T
501 692 634 754 Roscius
650 691 772 767 capito,
793 694 845 769 qui
859 692 891 752 in
906 694 1014 755 decem
1027 697 1128 772 legatis

109 786 190 852 erat,
206 779 450 853 appromitteret,
464 775 672 837 crediderunt·
694 777 847 836 Ameriam
860 792 895 837 re
904 776 1024 839 inorata
1032 794 1128 840 raven

108 870 217 935 terunt.
250 865 296 922 Ao
313 862 411 939 primo
432 876 497 920 rem
513 858 636 919 differre
658 859 769 920 cotidie
785 877 822 919 ac
837 861 1065 934 procrastinare
1084 860 1160 923 isti

110 954 289 1021 coeperunt.
310 945 421 1006 deinde
435 945 590 1018 aliquanto
604 943 730 1018 lentius,
751 942 825 1002 nihil
837 959 928 1017 agere
941 953 1035 1019 atque
1050 946 1127 1005 dein
1156 920 1160 1035 ⁴

28 1034 32 1041 '
110 1029 198 1089 dere·
213 1036 286 1104 post
287 1045 426 1089 remo-
384 1026 472 1085 -id
487 1026 571 1101 quod
587 1026 676 1086 lacrle
688 1027 873 1087 intellectum
887 1034 989 1087 est-
1005 1024 1160 1095 insidiati

108 1110 189 1173 vitae
203 1111 331 1172 huiusce
343 1108 415 1171 Sex.
424 1108 530 1170 Roscii
540 1125 665 1184 parare,
684 1126 785 1185 neque
799 1126 870 1170 sese
883 1108 1024 1170 arbitrari
1036 1126 1128 1186 posse
1158 1160 1160 1171 .

110 1195 222 1255 diutius
239 1193 369 1253 alienam
383 1191 545 1270 pecuniam
560 1193 683 1253 domino
698 1192 841 1253 incolumi
852 1192 998 1255 obtinere.
1030 1193 1067 1253 X.
1081 1192 1127 1256 97.
1155 1192 1160 1241 ⁴-

109 1277 197 1350 Quod
219 1276 268 1336 hic
286 1276 375 1336 simul
392 1283 484 1352 alque
501 1277 610 1351 sensit,
635 1278 674 1336 de
689 1276 855 1337 amicorum
872 1285 1128 1354 cognatorumque
1158 1290 1160 1297 ·

49 1366 55 1373 “
109 1357 258 1419 sententio
271 1359 398 1421 Romam
414 1358 550 1434 confugit
569 1369 599 1422 et
613 1376 683 1422 sese
698 1360 737 1420 ad
752 1359 911 1420 Caeciliam
933 1359 1079 1438 [nepotis
1097 1362 1128 1422 li-
1158 1360 1160 1375 '

108 1441 206 1518 liamJ,
220 1460 311 1518 quam
325 1443 451 1505 honoris
463 1460 558 1504 causa
572 1444 708 1516 nomino,
726 1441 865 1518 eontulit,
880 1459 942 1518 qua
955 1452 1041 1519 pater
1054 1460 1129 1505 usus

108 1532 173 1584 erat
185 1525 361 1600 plurimum:
376 1527 406 1586 in
423 1545 484 1602 qua
494 1526 634 1600 muliere,
649 1527 781 1600 iudices,
793 1524 987 1601 etiamnunc,
1001 1526 1033 1587 id
1047 1527 1130 1602 quoti
1155 1482 1160 1593 ⁴.

110 1614 217 1669 omnes
230 1626 352 1685 semper
367 1610 630 1682 existimaverunt,
647 1609 736 1686 quasi
749 1609 880 1685 exempli
895 1624 989 1671 causa
1004 1610 1130 1686 vestigia

109 1690 224 1766 antiqui
238 1693 335 1753 cilicii
345 1702 511 1754 remanent.
538 1694 583 1752 Ea
597 1693 670 1754 Sex.
685 1692 831 1754 Roscium
848 1693 1130 1768 inopemseiectutn

107 1774 200 1836 domo
221 1783 314 1851 atque
335 1779 497 1853 expulsum
518 1794 557 1837 ex
580 1777 645 1838 suis
665 1776 770 1849 bonis,
797 1776 961 1851 fugientem
980 1776 1130 1837 latronum

107 1859 168 1918 tela
180 1865 210 1918 et
223 1859 320 1922 minas
332 1861 448 1936 recepit
458 1861 581 1922 domum
595 1860 771 1936 hospitique
783 1875 933 1934 oppresso
948 1859 1008 1920 iam
1018 1859 1130 1936 despo

106 1948 236 2016 ratoque
256 1945 294 2004 ab
316 1945 456 2005 omnibus
477 1945 623 2020 opitulata
636 1952 692 2005 est.
720 1943 794 2002 Eius
810 1943 936 2016 virtute,
964 1943 1042 2015 lide,
1066 1944 1130 2004 diii

110 2028 209 2098 gentio
223 2028 410 2099 factumest,
430 2037 464 2087 ut
477 2027 526 2086 hic
540 2029 644 2102 potius
664 2026 754 2088 vivus
768 2027 799 2087 in
812 2043 884 2087 reos
902 2043 993 2102 quam
1009 2027 1130 2089 occisus

107 2107 138 2166 in
155 2109 344 2183 proscriptos
361 2111 532 2171 referretur.
574 2108 625 2171 98.
646 2110 721 2169 Nam
735 2118 897 2184 postquam
911 2109 962 2171 isti
975 2110 1129 2173 intellexa

107 2197 178 2249 runt
191 2207 308 2250 summa
321 2191 477 2266 diligentia
488 2191 579 2252 vitam
591 2192 662 2252 Sex.
676 2192 782 2254 Roscii
797 2192 943 2254 custodiri
958 2208 1059 2269 neque
1074 2192 1130 2256 sibi

107 2273 199 2331 uliam
213 2273 317 2334 caedis
335 2274 495 2336 faciundae
510 2283 692 2352 potestatem
706 2276 786 2356 dari,
809 2275 971 2338 consilium
984 2286 1130 2353 ceperunt

107 2356 230 2428 plenum
251 2356 378 2418 sceleris
400 2367 430 2418 et
443 2359 605 2432 audaciae,
628 2368 662 2420 ut
680 2376 792 2420 nomen
806 2361 897 2420 huius
915 2360 954 2420 de
968 2360 1144 2436 parricidio

107 2438 273 2513 deferrent,
302 2448 336 2499 ut
363 2440 403 2499 ad
428 2457 494 2501 eam
519 2458 582 2502 rem
605 2444 737 2518 aliquem
762 2452 972 2504 accusatorem
995 2450 1130 2506 veterem

107 2530 332 2598 compararant,
355 2523 408 2598 qui
423 2524 461 2583 de
476 2542 513 2586 ea
527 2542 561 2586 re
577 2534 685 2601 posset
700 2527 805 2587 dicere
821 2526 953 2602 aliquid,
974 2526 1006 2586 in
1023 2544 1087 2603 qua
1098 2530 1138 2589 τι·

106 2606 189 2666 nulla
212 2607 356 2667 subesset
376 2607 527 2683 suspicio,
549 2607 682 2685 denique
699 2617 746 2681 ut,
769 2612 914 2684 quoniam
928 2609 1054 2671 crimine
1069 2627 1130 2673 non

105 2697 260 2764 poterant,
277 2698 415 2764 tempore
430 2689 500 2765 ipso
517 2691 694 2768 pugnarent.
715 2694 760 2753 Ita
773 2692 859 2770 loqui
872 2694 1029 2755 homines:
1054 2694 1132 2770 quod

106 2774 217 2833 tudima
234 2780 293 2834 tum
313 2774 366 2834 dtu
383 2773 471 2847 factu
489 2791 548 2835 non
560 2786 668 2852 essent,
689 2779 882 2838 condemnari
901 2794 968 2838 eum
986 2785 1130 2854 oportere,

105 2857 158 2928 qm·
168 2860 287 2929 primm
307 2861 338 2917 ln
351 2858 493 2918 iudicium
508 2859 653 2920 adductus
666 2869 755 2921 esset.-
782 2861 852 2921 huic
866 2868 967 2921 autern
984 2869 1130 2936 patronos

105 2944 229 3011 propter
244 2939 435 3016 chrysogoni
458 2940 571 3016 grauns
595 2944 768 3004 instauras:
800 2945 839 3004 de
852 2944 1003 3005 bonomm
1026 2943 1129 3006 vendi·

104 3017 187 3079 tione
207 3029 237 3078 et
259 3021 297 3080 de
317 3022 379 3083 ista
400 3024 548 3086 societate
567 3027 693 3087 verbum
713 3041 784 3087 esse
801 3029 949 3087 iacturum
963 3027 1128 3088 neminem

103 3101 173 3176 ipso
201 3104 322 3163 nomine
349 3106 503 3180 parricidii
531 3117 561 3169 et
587 3111 743 3169 atrocitate
767 3109 901 3171 criminis
923 3111 1004 3183 iore,
1028 3118 1062 3171 ut
1081 3109 1129 3170 hic

103 3184 186 3244 nullo
200 3185 330 3258 negocio
346 3191 516 3264 tolleretur,
532 3208 625 3265 quum
639 3193 677 3251 ab
692 3193 775 3254 nullo
790 3194 937 3254 defensus
952 3202 1046 3255 esset.
1079 3192 1129 3255 99

101 3267 168 3328 Hoc
190 3267 318 3328 consilio
339 3278 432 3346 atque
455 3274 534 3334 adeo
558 3274 615 3334 hac
637 3275 766 3336 amentia
789 3276 927 3354 impulsi
957 3293 1049 3353 quern
1070 3274 1130 3353 ipsi

103 3366 195 3426 quum
221 3361 368 3426 cuperent
387 3371 448 3416 non
470 3364 634 3431 potuerunt
655 3357 811 3434 occidere,
839 3376 908 3421 eum
931 3361 1129 3453 iugulandum

102 3433 191 3495 vobis
207 3433 405 3501 tradiderunt
