2340 3788
74 235 139 301 462
207 236 246 294 IN
261 234 302 293 M.
316 230 517 293 ANTONIUM
531 228 673 291 ORATIO
687 228 902 290 PHILIPPICA
916 228 999 290 XIV.
1021 249 1025 260 ·

75 390 192 463 Quanto
212 380 292 444 enirn
311 383 444 456 honore,
468 379 592 453 laetitia,
615 376 812 454 gratulatIone
832 376 864 437 in
882 379 946 440 hoc
966 381 1097 455 ternplum

73 467 192 544 ingredi
205 466 317 526 debent
330 465 372 524 illi
386 465 445 539 Ipsi
456 461 547 523 huius
560 462 644 522 urbis
657 460 843 534 liberatores,
856 456 957 536 quur'n
968 462 1098 523 hesterno

74 554 124 614 die
136 558 263 627 propter
275 563 379 609 eorum
392 555 553 622 resgestas
561 561 609 605 nnc
621 550 798 605 ovantemet
808 560 910 620 prope
924 545 1100 620 triumphun-

73 645 133 698 tem
155 633 290 711 populus
305 633 462 691 Romanus
482 629 512 688 in
528 624 706 703 capitolium
728 627 819 687 domo
838 628 962 700 tulerit,
990 629 1104 689 domurn

73 718 145 778 iude
170 715 345 776 reduxerit?
387 711 436 774 13.
452 714 494 771 'Is
518 711 597 771 enirn
612 710 732 770 demum
748 716 795 770 est
816 725 884 770 mea
900 711 1029 786 quidem
1043 727 1103 770 sen·

74 799 167 862 tentia
191 797 289 857 Iustus
308 795 477 871 triumphus
497 809 534 855 ac
548 809 653 865 uerus,
669 809 762 868 quum
781 793 861 854 bene
877 793 917 853 de
938 810 975 853 re
990 793 1105 868 publia

75 881 190 944 meritis
203 877 407 941 testimonium
421 895 439 937 a
453 891 608 938 consensu
623 874 751 937 civitatis
762 876 860 936 datur.
903 877 986 936 Nam
1000 876 1105 936 sivein

77 961 229 1026 communi
243 961 356 1037 gaudIo
373 960 479 1036 populi
491 958 620 1020 Romani
635 955 688 1020 uni
703 959 951 1034 gratulabantur,
968 974 1104 1034 magnum

75 1046 230 1119 iudicium,
244 1045 311 1105 slve
325 1043 377 1105 uni
391 1045 503 1118 gratias
517 1043 660 1118 agebant,
675 1058 712 1103 eo
726 1039 833 1117 maius,
853 1041 923 1102 sive
937 1049 1106 1117 utrumque,

76 1130 150 1191 nibil
166 1126 408 1203 magnificentius
425 1124 589 1202 excogitari
605 1132 716 1201 potest.

136 1213 182 1272 'Iu
194 1211 285 1286 Igitur
299 1209 366 1284 ipse
383 1210 421 1270 dc
434 1215 486 1270 tet
507 1208 618 1269 dixerit
632 1208 792 1284 quispiam.
818 1206 975 1281 Equidem
990 1208 1115 1283 invitus·

78 1296 133 1356 sed
147 1293 275 1354 Iniuriae
286 1293 375 1352 dolor
388 1291 459 1352 lacit
469 1307 518 1350 me
532 1299 653 1367 praeter
664 1288 915 1350 consuetudinem
930 1292 1107 1366 gloriosum.

76 1379 183 1438 Nonne
198 1375 272 1436 satis
293 1382 340 1433 est
359 1375 397 1433 ab
418 1373 592 1433 hominibus
614 1373 731 1434 viriutIs
752 1371 866 1449 ignaris
881 1376 1012 1448 matiam
1031 1376 1106 1436 bene

76 1459 262 1518 merentibus
279 1471 340 1515 non
354 1455 483 1515 reterrit
523 1455 620 1515 Etiam
634 1455 664 1515 in
681 1473 752 1530 eos,
774 1456 826 1531 qui
841 1471 953 1518 omnes
971 1475 1044 1519 suas
1058 1475 1104 1519 cu

75 1557 127 1599 ras
145 1540 174 1598 In
188 1537 233 1597 rei
248 1537 388 1614 publicae
403 1540 500 1598 salute
516 1538 667 1614 defigunt,
689 1540 835 1614 impetus,
850 1538 968 1600 crimen
982 1541 1105 1602 invidio·

77 1637 138 1699 que
153 1627 335 1697 quaereturi
378 1618 427 1682 14.
450 1620 541 1682 Scitis
559 1620 637 1682 enim
654 1636 709 1697 per
730 1622 788 1684 hos
803 1621 870 1682 dies
894 1625 1104 1686 creberrimum

77 1703 174 1765 luIsse
189 1719 372 1779 sermonem,
387 1720 436 1765 me
451 1705 548 1781 pridie
564 1704 694 1779 Vinalia,
711 1704 763 1780 qui
777 1705 843 1766 dies
857 1705 954 1767 bodie
969 1716 1025 1782 est,
1040 1722 1104 1768 cuur

78 1788 212 1849 fascibus
234 1789 463 1849 descensurum.
505 1789 540 1858 Iu
558 1789 690 1863 aliquem
712 1789 805 1849 credo
828 1787 889 1849 hoc
910 1790 1104 1865 gladIatorem

78 1879 130 1931 aut
143 1873 290 1932 latronem
305 1880 357 1932 aut
374 1871 529 1932 Catilinam
545 1887 615 1932 esse
630 1870 807 1945 confictum,
828 1887 890 1931 non
906 1873 936 1932 in
955 1890 1040 1946 eum,
1058 1871 1105 1947 qui

77 1955 205 2029 nequid
222 1956 280 2015 tale
298 1953 329 2013 in
343 1971 376 2014 re
392 1954 515 2029 publica
529 1953 594 2014 fieri
609 1963 717 2028 posset
729 1953 873 2015 effecerit.
917 1957 967 2016 An
989 1966 1021 2018 ut
1041 1972 1104 2031 ego,

79 2036 130 2112 qui
143 2036 296 2097 Catilinam
312 2036 387 2096 haec
401 2038 573 2111 molientem
589 2035 775 2111 sustulerim,
789 2037 967 2112 everterint,
984 2038 1103 2099 addixe-

76 2120 148 2193 rIrn,
176 2119 243 2194 ipse
269 2119 448 2180 eststerem
479 2128 606 2195 repente
632 2119 776 2179 Catilina?
818 2120 934 2193 Quibus
961 2121 1104 2197 auspiciis

77 2197 153 2261 istos
170 2204 270 2262 fasces
287 2219 384 2277 augur
397 2203 588 2278 acciperem?
603 2211 752 2278 quatenus
766 2203 931 2263 haberem?
946 2206 998 2265 cui
1012 2206 1102 2265 trude

76 2291 162 2343 rem?
205 2285 432 2360 Quemquamne
448 2287 544 2347 luisse
560 2295 620 2347 tam
633 2288 811 2347 sceleratum
829 2286 880 2360 qui
895 2288 955 2348 hoc
970 2291 1102 2364 lingeret,

76 2376 137 2428 tarn
158 2366 304 2427 furiosum
327 2368 378 2443 qui
403 2370 559 2429 crederet?
600 2370 688 2429 Unde
709 2369 799 2444 igitur
818 2369 877 2430 ista
899 2371 1038 2446 suspicio
1060 2369 1102 2429 vel

76 2451 178 2526 potins
193 2449 273 2509 unde
288 2451 345 2511 iste
361 2460 482 2512 sermo?
524 2453 575 2513 Vl.
599 2451 648 2514 15.
672 2452 783 2527 Quum,
804 2461 837 2514 ut
855 2453 954 2525 scitIs,
978 2456 1038 2514 hoc
1058 2452 1103 2514 tri·

77 2535 138 2594 duo
157 2534 205 2592 vel
221 2534 391 2607 quadriduo
407 2536 499 2596 tristis
515 2535 662 2596 alliutina
680 2538 759 2596 sama
774 2545 917 2610 manaret,
934 2536 1033 2597 inflati
1047 2539 1102 2595 lae·

75 2616 140 2677 tilia
155 2624 246 2691 alque
263 2616 425 2679 insolentia
442 2619 526 2694 impii
542 2622 625 2679 cives
641 2636 734 2680 unum
750 2636 785 2680 se
799 2619 828 2680 in
847 2622 957 2693 locum,
974 2623 1016 2680 ad
1030 2621 1103 2679 illam

77 2701 192 2759 curiam
219 2700 355 2775 partibus
380 2702 482 2776 potius
508 2702 572 2763 suis
604 2718 693 2775 quam
718 2703 763 2763 rei
788 2703 928 2778 publicae
955 2702 1104 2763 infelcem

77 2784 311 2858 congregabant.
354 2785 398 2844 Ibi
414 2802 506 2860 quum
527 2786 686 2846 consilium
707 2785 816 2846 inirent
832 2786 870 2845 de
891 2787 989 2846 caede
1006 2794 1105 2846 nostro

75 2866 318 2940 partirenturque
333 2866 410 2928 inter
425 2886 459 2928 se
475 2869 526 2943 qui
544 2869 738 2944 capitolium,
756 2870 808 2944 qui
825 2876 941 2941 rostra,
958 2870 1012 2945 qui
1025 2866 1104 2930 urbis

75 2959 181 3024 portas
197 2959 395 3025 occuparent,
412 2953 513 3012 adme
530 2969 713 3013 concursum
729 2955 859 3013 futurum
876 2951 1008 3013 civitatis
1024 2961 1106 3028 puto·

77 3033 158 3093 bant.
203 3033 289 3105 Quod
313 3043 346 3094 ut
370 3051 438 3095 cum
459 3035 574 3095 invidia
592 3052 660 3096 mea
683 3037 769 3096 lieret
790 3045 819 3096 et
838 3052 906 3096 cum
923 3035 1004 3096 vitae
1021 3036 1107 3095 etlam

78 3115 230 3194 periculo,
247 3118 356 3176 lamam
368 3117 456 3179 istam
472 3118 598 3179 fascium
615 3119 856 3194 dissipaverunt:
874 3121 976 3180 fasces
994 3119 1056 3194 ipsi
1069 3116 1106 3175 ad

77 3218 126 3263 me
142 3199 269 3259 delaturi
281 3202 410 3262 luerunt.
454 3203 542 3274 Quod
558 3220 649 3277 quum
666 3211 750 3263 essct
766 3201 854 3277 quasi
868 3218 937 3262 mea
953 3203 1106 3263 voluntate

78 3284 204 3356 facium,
226 3286 331 3343 lumin
349 3302 397 3344 me
412 3286 542 3360 impetus
561 3288 778 3346 conductorum
795 3285 951 3346 hominum
974 3287 1063 3360 quasi
1078 3283 1105 3342 in

79 3373 239 3440 tyrannum
254 3369 430 3442 parabamur
457 3385 495 3428 ex
515 3386 574 3443 quo
591 3371 702 3429 caedes
723 3378 807 3430 esset
824 3371 958 3429 omnium
973 3378 1106 3430 vestrum

81 3455 255 3508 consecuta.
299 3450 382 3524 Quae
402 3467 454 3510 ree
473 3452 627 3525 patefecit,
646 3459 750 3527 patres
765 3451 944 3528 conscripti,
971 3453 1028 3513 sed
1051 3465 1109 3513 suo
