2340 3788
79 180 144 253 m
315 177 389 239 PRO
403 176 506 240 REGE
522 175 717 239 DEIOTARO
733 176 894 239 ORATIO.

80 331 221 402 habebat,
235 337 267 390 te
277 329 409 389 solutum
420 327 548 388 Romam
565 325 706 400 mittebat,
724 325 776 401 qui
787 327 906 391 eadem
920 330 1025 392 scires

80 412 246 477 ilios-scire
262 409 364 471 <ficiat

142 494 219 555 vill.
233 492 445 568 aotiqoapnrs
458 491 792 565 accusationis-duplex
808 490 883 553 fuit:
900 511 970 556 una
985 513 1028 571 req

79 577 216 657 speculis
231 575 328 637 fuisse
343 590 473 650 semper,
489 590 582 650 quum
597 591 616 634 a
629 582 660 634 te
674 573 774 635 animo
789 584 878 636 esset
892 577 1021 650 alieno,

80 661 247 723 exercitum
261 675 331 719 eum
347 666 452 718 contra
465 663 496 717 te
510 673 653 733 maguum
667 672 879 730 comparasse.
922 661 974 722 De
994 679 1028 722 ea

80 743 180 805 dicam
196 740 387 814 breviten'ut
399 748 529 801 caetera.
571 740 741 814 Numquam
755 741 944 815 eas'copias
961 761 1022 804 rex

79 835 164 888 tems
178 824 298 897 habuit,
319 823 431 899 quibus
451 823 564 883 inferre
583 823 697 882 betium
711 822 826 896 populo
840 824 997 888 Romano
1013 844 1028 902 p

80 901 137 970 seri
151 906 263 984 quibus
279 905 357 967 fines
371 920 447 989 suos
462 905 502 979 ab
515 903 747 966 excursionibus
760 912 791 965 et
803 905 985 971 latrociniis
997 909 1028 971 tn

79 999 213 1054 tueretur
226 998 257 1052 et
269 987 503 1064 imperatoribus
513 987 626 1050 nostris
641 987 755 1049 auxiiia
769 985 915 1052 mitteret.
949 995 1028 1068 Atqt

78 1083 129 1136 tea
144 1072 267 1150 quidem
283 1069 416 1133 maiores
430 1068 538 1146 copias
561 1071 643 1131 aiere
659 1077 792 1145 poteram
812 1088 899 1132 nunc
920 1075 1028 1152 exigo:

79 1155 158 1219 tueri
169 1163 279 1232 potest
289 1150 400 1216 'finit
413 1152 494 1215 misit
508 1152 614 1215 nescio
630 1167 721 1229 quem
731 1153 773 1212 ad
784 1153 978 1217 caecilium:
992 1176 1028 1220 se

79 1255 159 1316 quos
179 1237 274 1310 misit,
296 1237 378 1311 quod
402 1237 447 1297 ire
467 1238 644 1310 notuerunt,
663 1234 698 1295 in·
716 1234 837 1296 vincula
857 1237 1012 1304 coniecit

79 1337 194 1399 quaero
213 1334 304 1396 quam
318 1317 385 1380 veri
400 1318 499 1379 simite
519 1319 560 1380 sit
572 1327 624 1380 aut
637 1318 783 1379 habuisse
799 1333 910 1394 τοςθιη
927 1340 1017 1399 quos

77 1413 125 1465 ret
134 1412 187 1464 aut
198 1416 264 1475 eos,
277 1400 331 1477 qui
344 1399 431 1462 missi
445 1409 559 1473 essent,
576 1418 639 1463 noo
651 1401 799 1476 paruisse,
815 1411 879 1476 aut,
898 1407 958 1480 qui
974 1405 1028 1469 dio

78 1485 196 1546 dientes
207 1485 237 1543 in
252 1491 334 1545 unta
347 1499 381 1544 re
395 1498 457 1543 non
471 1480 610 1557 fuissem,
620 1490 681 1544 'eos
696 1483 818 1545 vinctos
832 1486 947 1559 potius
961 1508 1028 1566 qua

77 1575 174 1629 catos.
218 1566 281 1628 Sed
300 1574 402 1628 umen
423 1582 516 1641 quum
530 1568 570 1627 ad
584 1566 746 1628 caecilium
759 1566 914 1643 mittebat,
931 1580 1028 1634 utrun

78 1664 144 1711 sam
159 1649 240 1713 iiiam
257 1648 367 1711 victam
382 1664 453 1711 esse
467 1649 623 1712 nesciebat
636 1666 675 1711 an
687 1649 848 1711 caecilium
862 1650 966 1716 istum
982 1674 1028 1718 ma

77 1733 230 1794 homiuem
250 1733 398 1810 putabatt
411 1749 503 1809 quem
519 1734 658 1807 profecto
674 1733 717 1807 is,
733 1732 785 1807 qui
796 1734 914 1809 optime
926 1749 1028 1802 nostri

76 1814 174 1876 mines
187 1817 285 1891 novit,
301 1817 350 1877 vei
368 1815 440 1893 quia
454 1825 562 1879 nosset
578 1817 627 1876 vei
642 1815 787 1891 quianon
803 1827 926 1894 nosset,
947 1833 1028 1885 conti

75 1907 132 1960 ret.
180 1897 231 1961 24.
257 1898 353 1961 Addit
381 1898 472 1960 etiam
493 1898 583 1973 iliud,
602 1897 722 1973 equites
744 1915 805 1960 non
826 1900 973 1975 optimos
992 1906 1028 1967 mi

76 1982 220 2055 Veteres,
243 1983 352 2054 oredo,
368 1981 494 2043 caesar:
515 1981 589 2043 nihii
603 1982 644 2041 ad
659 1989 740 2042 tuum
756 1982 950 2060 equitatum,
973 1991 1028 2050 sed

76 2081 117 2126 ex
129 2064 182 2138 iis,
202 2082 281 2142 quos
294 2064 413 2138 habuit,
429 2068 555 2128 electos.
579 2063 631 2124 Ait
646 2064 752 2125 nescio
771 2082 861 2140 quem
877 2085 920 2128 ex
938 2088 982 2133 eo
1000 2090 1028 2134 ur

76 2163 199 2208 servum
223 2147 395 2209 iudicatum.
448 2149 515 2208 Non
537 2148 681 2219 arbitror,
703 2165 765 2209 non
785 2148 907 2209 audivi:
936 2156 1028 2216 sedi

75 2229 204 2291 etiamsi
218 2231 390 2304 accidisset,
406 2233 525 2306 cuipam
541 2230 624 2306 regis
638 2232 751 2291 nuliam
767 2231 864 2292 fuisse
883 2236 1028 2299 arbitram

138 2311 187 2370 lX.
211 2313 322 2374 Alieno
337 2322 438 2375 autem
458 2330 477 2373 a
497 2321 526 2374 te
545 2314 645 2374 animo
668 2315 835 2388 quomodo
855 2316 940 2377 tutta
970 2321 1028 2398 Spt

75 2394 179 2468 credo,
191 2393 330 2457 difficiles
344 2397 398 2457 tibi
403 2397 617 2457 Alexandreae
628 2397 694 2457 fore
704 2397 803 2458 exitus
814 2413 869 2472 pro
873 2408 950 2473 pter
963 2407 1028 2481 regi

74 2484 210 2542 naturam
231 2487 261 2540 et
281 2479 426 2540 fluminis.
469 2482 510 2540 At
529 2497 566 2540 eo
592 2487 727 2554 tempore
747 2479 817 2555 ipso
839 2486 1019 2554 pecuniam

75 2561 241 2624 exercitum
255 2562 336 2637 aluit,
351 2561 389 2637 ei,
405 2579 495 2638 quem
507 2563 582 2622 Asia
593 2563 796 2637 praefeceras,
812 2561 842 2622 in
856 2568 949 2628 nulia
966 2588 1004 2631 re
1021 2590 1028 2630 t

74 2643 139 2704 'libi
154 2643 261 2706 victori
275 2662 337 2708 non
354 2647 453 2706 solum
464 2646 505 2706 ad
518 2645 692 2720 hospitium,
712 2646 769 2706 sed
782 2645 822 2705 ad
834 2647 1020 2720 periculum

74 2735 167 2803 atque
187 2728 226 2787 ad
251 2727 347 2789 aciem
366 2736 490 2804 praesto
507 2729 571 2789 iuit.
613 2726 664 2790 25.
681 2729 824 2789 Seeuttun
839 2739 890 2790 est
902 2732 1028 2797 betium

74 2826 192 2871 cauum.
242 2810 358 2872 Graves
390 2812 429 2872 de
451 2819 482 2871 te
511 2828 665 2873 rumores:
700 2811 752 2886 qui
778 2810 869 2871 etiam
899 2815 1028 2882 furioso

73 2893 136 2954 ium
158 2892 321 2955 caecilium
347 2895 563 2956 excitaverunt.
614 2895 678 2968 Quo
703 2903 766 2955 tum
794 2910 849 2953 rex
867 2912 951 2972 erga
974 2911 1028 2965 tet

74 2975 150 3035 fuitt
169 2975 222 3051 qui
236 2976 428 3038 auctionatus
444 2979 484 3038 sit
497 2986 527 3038 et
550 2994 585 3038 se
599 2988 630 3038 et
643 2976 736 3037 filium
752 2994 840 3038 suum
855 2985 1028 3057 exspoliat

74 3055 163 3116 fuerit
175 3074 264 3132 quam
282 3059 335 3121 tibi
352 3059 511 3135 pecuniam
530 3077 590 3120 non
606 3060 842 3124 subministrare.
881 3065 926 3124 At
946 3084 1001 3143 eo,
1017 3069 1028 3129 i

74 3145 212 3213 tempore
238 3141 307 3216 ipso
328 3143 470 3204 Nicaeam
489 3143 707 3218 Ephesumque
733 3143 871 3204 mittebat
896 3149 957 3222 qui
984 3168 1028 3214 rur

73 3218 237 3282 Africanos
263 3225 441 3300 exciperent
470 3234 500 3286 et
521 3228 657 3286 celeriter
677 3228 717 3286 ad
737 3242 771 3287 se
788 3228 957 3293 referrent.
1017 3237 1028 3296 1

72 3319 170 3379 ¹(quum
190 3316 276 3368 esset
298 3308 327 3368 ei
346 3307 519 3370 nunciatum
533 3307 694 3369 Domitium
709 3311 871 3384 naufragio
891 3316 1028 3392 perisse
