2340 3788
425 144 771 213 cnl‘.1-s.s.1—s.
1048 146 1113 215 ⁴23

88 297 170 356 lecto
188 303 248 356 ests
261 311 324 356 non
334 292 516 357 enlstimavit
531 295 579 355 sui
592 293 739 356 similibus
754 295 875 372 probari
889 312 1029 373 possess
1041 311 1113 359 ease

87 379 210 439 hostem
223 376 348 454 patriae,
363 377 422 439 nisi
434 376 508 438 mibi
522 385 605 438 esset
615 376 765 441 inimicus.
807 375 838 439 3.
852 378 907 438 Cui
920 378 1004 455 prius
1019 396 1113 456 quam

87 462 130 520 de
146 461 272 522 caeteris
287 461 379 522 rebus
394 460 586 536 respondeo,
601 459 800 534 deamicitia,
817 475 908 535 quam
921 477 941 521 a
954 478 1002 523 me
1014 463 1112 526 viola-

84 552 149 603 tam
177 558 248 605 esso
271 542 445 604 criminatus
470 550 532 617 est,
563 543 647 617 quod
680 556 737 618 ego
761 542 974 629 gravissimum
999 545 1112 608 crimen

84 624 208 701 iudico,
222 642 320 702 pauca
335 626 444 687 dicam.

151 708 187 766 ΙΙ.
201 708 474 771 contranemsuam
486 722 535 768 me
547 705 652 768 nescio
659 707 782 782 quando
789 704 914 768 venisse
922 715 1048 783 questus
1054 716 1112 774 est.

82 792 134 850 An
148 806 207 866 ego
222 788 282 852 no'n
297 791 432 851 venirem
443 798 550 852 contra
561 788 758 865 alienum'pro
773 788 911 851 familiari
926 798 957 850 et
969 802 1112 850 neccssa-

82 871 155 933 riol
170 890 232 933 non
249 874 384 936 venirem
398 880 504 934 contra
513 872 639 947 gratiam
649 887 711 933 non
724 872 841 934 virtutis
857 886 924 949 spe,
938 873 995 933 sed
1006 872 1114 933 aetatis

82 953 164 1015 llore
178 957 359 1016 collectamt
377 970 438 1017 non
454 954 588 1016 venirem
601 957 707 1017 contra
719 954 873 1028 iniuriam,
891 966 980 1030 quam
996 954 1054 1014 iste
1067 953 1112 1014 in-

82 1039 268 1098 tercessoris
281 1036 464 1113 iniquissimi
475 1038 624 1099 beneficio
637 1037 772 1111 obtinuit,
790 1054 850 1099 non
863 1038 931 1099 iura
940 1035 1115 1113 praetoriot

82 1118 150 1179 Sed
164 1119 223 1180 hoc
234 1119 350 1181 idcirco
364 1129 629 1182 commemoratum
650 1137 669 1180 a
687 1129 717 1181 te
731 1129 820 1196 puto,
843 1129 876 1182 ut
895 1129 926 1182 te
944 1120 1049 1181 intimo
1065 1136 1113 1181 or-

82 1200 152 1261 dini
166 1203 410 1276 commendares,
440 1218 535 1279 quum
553 1211 583 1264 te
606 1218 713 1264 omnes
732 1204 965 1264 recordarentur
983 1202 1115 1265 libertini

82 1299 232 1359 generum
247 1291 278 1345 et
294 1283 407 1347 liberos
426 1294 497 1348 tuos
517 1293 646 1361 nepotes
659 1285 693 1359 Q.
707 1284 805 1357 badii,
828 1286 957 1348 libertini
971 1284 1113 1356 hominis,

81 1365 193 1426 l'uisse.
227 1369 268 1428 nt
282 1366 362 1429 enim
378 1377 408 1430 te
421 1367 655 1444 indisciplinam
671 1384 770 1429 meam
790 1368 959 1431 tradideras
980 1400 1021 1413 -
1042 1384 1114 1428 nam

80 1447 126 1510 ita
140 1449 242 1512 dixisti
260 1472 315 1506 -t
338 1451 459 1514 domum
483 1467 581 1513 meam
604 1450 776 1513 ventimras.
803 1452 848 1512 lic
862 1460 912 1525 tu,
932 1451 959 1513 si
975 1450 1007 1513 id
1022 1451 1114 1513 lecis-

82 1548 151 1604 ses,
169 1533 278 1596 melius
292 1534 406 1610 lamae,
424 1535 531 1597 molius
545 1534 710 1610 pudicitiae
723 1542 794 1595 tuae
805 1534 1025 1597 consuluisses.
1049 1534 1113 1596 Sed

80 1629 184 1691 neque
200 1615 301 1679 iecisti
315 1632 388 1691 nec,
401 1617 431 1679 si
443 1634 591 1693 cuperes,
605 1616 659 1678 tibi
671 1617 704 1676 id
719 1632 774 1691 per
787 1616 819 1678 c.
836 1617 995 1679 curionem
1010 1619 1113 1681 lacere

80 1696 229 1758 licuisset
270 1697 302 1759 d.
324 1702 500 1773 auguratus
521 1697 696 1773 petitionem
715 1697 788 1757 mibi
805 1707 836 1759 te
855 1699 1052 1763 concessisse
1065 1699 1112 1760 di·

80 1777 165 1841 xisti.
194 1779 218 1838 0
239 1778 448 1840 incredibilem
470 1779 644 1840 andaciam!
665 1794 683 1838 o
703 1776 920 1854 impudentiam
934 1783 1112 1855 praedican-

81 1862 171 1920 dam!
204 1860 270 1934 Quo
288 1860 369 1920 enim
382 1867 519 1937 tempore
533 1876 583 1921 me
601 1874 746 1935 annuam
759 1876 779 1921 a
792 1869 857 1923 toto
871 1863 1000 1937 collegio
1018 1876 1112 1937 expe
1149 1902 1158 1913 -

79 1942 169 2005 titum
184 1942 237 2003 cn.
249 1942 413 2019 Pompeius
428 1952 458 2005 ct
471 1943 507 2018 9.
522 1942 702 2004 Hortensius
714 1942 996 2005 nominaverunt-
1011 1960 1113 2018 neque

81 2025 164 2086 enim
186 2025 296 2086 licebat
316 2040 336 2086 a
358 2025 496 2101 pluribus
517 2025 664 2088 nominari
679 2033 774 2093 -ta
795 2043 851 2105 nec
872 2027 1020 2088 solvendo
1041 2042 1113 2087 eras

80 2125 141 2168 nec
154 2117 185 2170 te
199 2108 260 2169 ullo
275 2108 368 2169 modo
379 2108 439 2170 nisi
452 2124 562 2193 eversa
572 2125 607 2168 re
620 2108 741 2186 publica
755 2110 823 2172 lore
833 2109 1013 2171 incolumem
1024 2118 1112 2184 puta·

80 2191 149 2251 bas.
180 2191 305 2253 Poteras
320 2200 420 2253 autem
434 2207 471 2254 eo
486 2201 623 2269 tempore
640 2201 818 2267 auguratum
833 2200 951 2268 petere,
971 2196 1064 2269 quum
1080 2191 1112 2252 in

79 2273 169 2336 ltalia
185 2274 274 2336 Curio
288 2291 351 2335 non
365 2282 468 2336 essert
486 2283 539 2337 aut
558 2282 635 2349 tum,
657 2292 749 2351 quum
771 2290 806 2336 es
826 2276 938 2348 lactus,
954 2292 1046 2337 unam
1059 2277 1112 2337 tri·

79 2359 155 2418 bum
170 2358 237 2419 sine
248 2357 377 2421 curione
392 2358 472 2420 ierre
485 2358 662 2434 potuissent
682 2358 769 2420 cuius
786 2360 875 2420 etiam
890 2358 1053 2420 familiares
1071 2359 1112 2420 de

79 2441 113 2500 vi
136 2441 329 2501 condemnati
349 2448 433 2513 sunt,
461 2442 543 2518 quod
562 2442 605 2503 tui
629 2441 717 2503 nimis
740 2440 869 2503 studlosi
891 2442 1031 2504 luissent.
1060 2443 1111 2504 111.

80 2522 111 2584 5.
126 2526 167 2584 At
179 2522 329 2585 beneficio
346 2540 414 2585 sum
426 2533 478 2585 tuo
496 2540 582 2585 usus.
611 2524 698 2598 Quot
713 2540 897 2600 quamquam
912 2525 988 2586 illud
1000 2527 1112 2600 ipsum,

81 2607 167 2679 quod
182 2621 418 2680 commemoras,
435 2622 560 2683 semper
573 2623 647 2682 prae
663 2624 711 2669 me
724 2606 789 2669 tuli.
818 2606 910 2667 Malui
924 2623 974 2668 me
988 2605 1041 2668 tibi
1056 2607 1111 2666 de·

79 2688 156 2747 bare
169 2688 307 2751 confiteri
329 2705 420 2766 quam
441 2689 582 2767 cuiquam
602 2690 701 2751 minus
718 2691 858 2767 prudenti
873 2690 1026 2751 nonsatis
1042 2704 1111 2764 gra-

81 2779 132 2830 tus
147 2770 252 2837 videri.
273 2772 335 2834 Sed
351 2790 412 2849 quo
427 2771 600 2834 beneficio?
623 2773 711 2847 Quod
725 2790 774 2835 me
787 2771 940 2835 Brundisii
954 2787 1014 2834 non
1030 2773 1110 2832 occi·

81 2851 187 2913 derisl
214 2854 307 2928 Quem
328 2854 395 2931 ipse
410 2855 522 2928 victor,
546 2854 598 2930 qui
615 2856 682 2929 libi,
705 2865 736 2917 ut
755 2865 817 2918 tute
837 2854 959 2933 gloriari
973 2855 1108 2928 solebas,

80 2937 230 2998 detulerat
247 2954 288 2999 ex
308 2937 476 3001 latronibus
498 2939 563 2999 suis
583 2938 801 3014 principatum,
822 2941 941 3001 sunum
961 2954 1033 2999 esse
1052 2954 1108 2999 vo·

79 3019 205 3093 luisset,
219 3020 250 3080 in
265 3021 379 3082 italiam
396 3021 614 3098 incussisset,
634 3036 703 3083 sum
719 3030 753 3083 tu
766 3022 947 3083 occiderest
977 3018 1039 3083 Fac
1053 3036 1110 3097 po·

80 3100 186 3163 tuisse.
210 3103 297 3176 Quod
310 3112 359 3165 est
378 3105 475 3179 aliud,
496 3114 598 3180 patres
616 3104 797 3182 conscripti,
818 3102 999 3167 beneficium
1017 3106 1110 3166 iatro-

79 3198 152 3245 num
173 3183 232 3246 nisi
257 3194 293 3248 ut
318 3202 554 3251 commemorare
582 3186 704 3263 possint
733 3187 771 3249 iis
798 3202 834 3249 se
853 3186 978 3263 dedisse
1004 3187 1109 3259 vitam,

79 3266 193 3341 quibus
207 3284 268 3329 non
280 3269 471 3331 ademerintt
491 3269 617 3344 Quodsi
629 3277 712 3332 esset
723 3268 914 3343 beneficium,
932 3284 1107 3346 numquam

78 3350 131 3425 qui
150 3348 234 3412 illum
253 3351 482 3427 interfecerunt,
502 3370 522 3414 a
543 3369 605 3426 quo
624 3361 711 3415 erant
728 3353 855 3427 musti,
881 3368 960 3429 quos
982 3360 1016 3413 tu
1037 3351 1108 3427 ipse
