2332 3772
114 152 193 242 res
369 174 835 237 lllL.cATlllllntl0RAT10
850 177 887 235 11.

114 329 330 406 profuderunt,
350 328 487 388 lortunas
507 341 582 387 suas
603 322 830 401 obligaverunt:
850 340 901 386 res
917 341 975 386 eos
998 324 1058 386 iam
1084 327 1145 404 prl-

114 415 198 484 dem,
220 411 300 471 fides
320 424 418 485 nuper
438 408 571 469 delicere
586 407 703 484 eoepit=
729 409 840 470 eadem
857 416 959 469 umen
975 407 1042 481 illa,
1065 428 1144 487 quae

114 494 223 556 eratin
237 491 430 566 abundantia,
445 489 538 552 libido
555 499 721 566 permanet.
751 490 882 565 Quodsi
898 490 931 550 in
943 489 1017 552 vino
1033 500 1065 553 et
1078 495 1144 555 alea

114 576 348 651 comissationes
363 576 463 636 solum
477 582 508 635 et
523 582 626 634 seorta
640 582 830 650 quaererent,
844 581 950 636 essent
964 573 1008 633 illi
1021 575 1144 650 quidem

114 658 315 736 desperandi,
336 659 394 718 sed
408 666 507 719 tamen
521 665 627 717 essent
641 657 772 719 lerendi=
797 658 951 719 hervero
973 656 1044 731 quis
1065 660 1143 719 serre

113 743 223 819 possit,
237 741 350 802 inertes
360 739 500 801 homines
515 738 688 800 fortissimis
698 739 772 800 viris
784 738 931 814 insidiari,
946 739 1143 802 stultissimos

114 823 375 901 prudentissimis,
400 822 542 884 ebriosos
567 821 694 896 sobriis,
718 823 904 884 dormientes
927 820 1144 899 vigilantibust

113 909 168 984 qui
188 907 261 969 nrild
275 907 460 968 accubantes
472 904 503 965 in
519 905 684 980 conviviis,
706 904 860 980 complexi
879 904 1024 966 mulieres
1046 904 1143 982 impu-

114 992 210 1064 dicas,
229 990 302 1050 vino
317 988 461 1063 languidi,
479 988 700 1062 contemnito,
721 987 811 1049 sertis
825 987 965 1060 redimiti,
981 990 1143 1064 ungnentis

114 1075 215 1147 obliti,
237 1071 383 1131 debilitati
404 1070 532 1146 stupris,
557 1078 695 1132 eructant
713 1071 907 1132 sermonibus
930 1070 995 1131 suis
1017 1073 1143 1132 eaedem

113 1159 264 1225 bonorum
281 1163 374 1228 atque
388 1152 473 1214 urbis
486 1151 637 1213 incendia.
674 1152 724 1215 11.
746 1152 862 1226 Quibus
877 1170 935 1229 ego
951 1154 1073 1215 conlido
1089 1155 1144 1214 im-

113 1238 251 1313 pendere
263 1237 359 1296 latum
373 1236 499 1311 aliquod
513 1244 543 1297 et
557 1252 688 1310 poenam
710 1236 771 1297 iam
793 1237 846 1297 diu
868 1235 1069 1312 improbitati,
1091 1254 1143 1298 ne-

114 1318 244 1394 quitiae,
271 1318 395 1394 seeleri,
417 1316 535 1380 libidini
551 1317 684 1381 debitam
702 1329 755 1380 aut
767 1318 882 1381 instare
900 1320 962 1380 iam
975 1322 1067 1397 plane
1090 1328 1142 1381 aut

113 1411 196 1462 oerte
216 1400 475 1478 appropinquare.
514 1401 598 1473 Quos
621 1403 648 1462 si
670 1419 757 1463 meus
777 1404 972 1476 consulatus,
999 1402 1144 1479 quoniam

113 1500 223 1544 sanare
234 1500 297 1544 non
307 1492 418 1559 potest,
436 1484 600 1555 sustulerit,
615 1501 677 1546 non
690 1484 784 1546 breve
796 1485 901 1547 neseio
915 1485 1000 1561 quod
1011 1494 1142 1561 tempus,

113 1569 171 1628 sed
186 1570 279 1628 multa
299 1569 423 1629 saecula
436 1566 613 1644 propagarit
631 1568 677 1630 rei
697 1568 847 1645 publicae.
887 1568 977 1629 Nulla
996 1577 1044 1630 est
1063 1568 1144 1630 enim

113 1649 195 1711 natio
218 1666 310 1726 quam
329 1651 598 1727 pertimescamus,
623 1653 725 1713 nullus
745 1668 802 1712 rex
821 1651 876 1728 qui
894 1652 1006 1713 bellum
1025 1654 1143 1727 populo

112 1736 251 1796 Romano
277 1735 379 1795 lacere
400 1737 507 1812 possit.
548 1734 655 1795 Omnia
676 1742 747 1796 snut
770 1742 897 1796 externa
916 1734 1008 1797 unius
1031 1734 1143 1796 virtute

113 1827 194 1878 terra
207 1818 346 1894 marique
362 1827 485 1894 pacata:
510 1818 712 1880 domesticum
727 1818 840 1880 bellum
859 1828 976 1892 manet,
996 1817 1078 1879 intus
1097 1817 1142 1876 in-

113 1901 210 1963 sidiae
228 1911 313 1976 sunt,
333 1900 416 1965 intus
435 1902 586 1965 inclusum
601 1902 770 1979 perieulum
787 1909 850 1971 est,
870 1901 951 1962 intus
971 1909 1019 1963 est
1035 1901 1142 1962 hostis.

113 1987 188 2046 Cum
200 1985 320 2047 luxuria
331 1986 430 2061 nobis,
447 2003 516 2048 oum
530 1986 670 2060 amentia,
685 2002 754 2047 oum
768 1986 884 2046 seelera
897 1985 1075 2046 certandum
1086 1993 1142 2044 est.

112 2069 190 2130 Huic
205 2085 263 2142 ego
279 2086 328 2129 me
343 2071 422 2130 bello
438 2071 548 2131 ducem
560 2070 717 2145 profiteor,
734 2067 878 2140 Quirites:
894 2067 1031 2143 suscipio
1045 2066 1142 2127 inimi-

113 2149 200 2210 eilias
214 2151 369 2213 hominum
384 2152 586 2228 perditorum=
613 2169 692 2226 quae
707 2150 809 2213 sanari
824 2159 980 2227 poterunt,
997 2167 1143 2226 quacum-

114 2249 175 2306 que
194 2235 311 2293 ratione
333 2236 466 2296 sanabo:
493 2251 572 2310 quae
592 2236 763 2296 reseranda
782 2242 884 2308 erunt,
905 2251 966 2295 non
986 2233 1086 2309 patiar
1103 2234 1144 2292 ad

112 2313 279 2389 perniciem
299 2316 430 2379 civitatis
451 2334 583 2378 manere.
622 2318 752 2378 Proinde
772 2326 825 2378 aut
848 2325 959 2378 exeant
983 2324 1036 2378 aut
1057 2316 1143 2391 quie-

113 2405 202 2457 seant
221 2406 287 2472 aut,
310 2399 338 2459 si
359 2409 388 2461 et
407 2399 438 2460 in
454 2401 529 2461 urbe
549 2407 580 2460 et
592 2400 624 2459 in
645 2402 753 2462 eadem
772 2409 873 2462 mente
888 2408 1081 2476 permanent,
1106 2415 1143 2460 ea

114 2497 194 2556 quae
208 2488 361 2542 merentur
374 2491 563 2557 exspectent.

196 2565 248 2623 Vl.
264 2563 313 2625 12.
335 2566 376 2625 At
390 2565 480 2626 etiam
497 2573 567 2626 sunt
581 2565 633 2641 qui
648 2566 763 2639 dicant,
786 2565 931 2640 Quirites,
948 2581 1031 2637 ame
1044 2564 1075 2624 in
1089 2579 1142 2622 ex-

112 2646 213 2708 silium
233 2646 362 2707 eieetum
382 2663 454 2709 esse
468 2647 633 2709 catilinam
673 2650 762 2722 Quod
782 2665 839 2723 ego
855 2648 883 2709 si
902 2650 997 2709 verbo
1011 2644 1143 2721 adsequi

112 2747 252 2804 possem,
274 2730 351 2790 istos
370 2728 458 2804 ipsos
479 2730 635 2803 eiicerem,
661 2731 715 2808 qui
734 2733 811 2792 haee
826 2733 1002 2806 loquuntur.
1044 2731 1142 2790 Homo

113 2811 194 2873 enim
213 2811 358 2872 videlieet
376 2811 499 2875 timidus
521 2816 682 2877 autetiam
702 2816 917 2890 permodestus
939 2828 1048 2876 vorem
1070 2827 1142 2872 oon·

112 2894 189 2954 sulis
205 2896 283 2955 lerre
298 2911 359 2955 non
373 2895 594 2970 potuitssimul
608 2907 701 2974 atque
715 2898 760 2958 ire
770 2897 802 2957 in
814 2897 957 2958 exsilium
968 2896 1075 2957 iussus
1086 2902 1143 2964 est,

112 2975 221 3051 paruit.
260 2976 359 3048 Qnidl
377 2986 419 3053 ut,
436 2979 578 3043 hesterno
594 2981 654 3054 die,
671 2980 811 3054 Quirites,
828 2997 922 3055 quum
938 2977 1045 3041 domui
1056 2992 1143 3037 meae

112 3073 212 3133 paene
231 3057 407 3123 interfectus
428 3080 545 3139 essem,
571 3071 709 3124 senatum
728 3064 758 3123 in
778 3064 887 3124 aedem
907 3063 993 3124 Iovis
1015 3059 1144 3121 Statoris

111 3142 296 3217 convocavi,
319 3160 384 3206 rem
409 3164 529 3208 omnem
551 3148 592 3207 ad
607 3155 709 3222 patres
730 3145 922 3222 conscriptos
943 3143 1055 3205 detuli:
1082 3158 1142 3218 quo

111 3240 206 3298 quum
221 3225 347 3289 Catilina
366 3231 515 3304 venisset,
539 3229 609 3305 quis
630 3245 699 3290 eum
720 3236 845 3290 senator
861 3227 1050 3304 appallavltt
1075 3223 1143 3300 quis

111 3308 274 3370 salutavitl
301 3311 371 3385 quis
391 3312 525 3389 denique
549 3312 592 3373 ita
610 3313 732 3388 aspexit
751 3319 786 3373 ut
808 3312 961 3386 perditum
985 3309 1086 3372 nivem
1109 3321 1144 3367 ao

109 3406 172 3452 non
182 3391 286 3469 potius
296 3400 330 3455 ut
340 3394 630 3470 importunissimum
639 3395 780 3456 hostemt
797 3393 973 3469 quinetiam
986 3392 1143 3469 prinsipes
