2340 3788
10 385 16 424 i

248 141 263 171 ἱ

382 160 746 228 cAP.a—-s.s.r—-1t.
975 184 978 189 ·
1018 165 1083 233 205

63 315 165 385 eredo,
185 311 416 387 quodnoadum
436 310 558 389 penitus
578 310 608 371 in
625 329 660 372 re
677 313 799 386 pontica
814 316 974 390 versabar,
995 319 1082 391 quod

61 397 195 460 nondum
204 394 245 455 ad
254 395 445 469 propositum
456 393 528 453 mihi
539 394 629 455 tinem
640 392 766 456 honoris
779 412 984 474 perveneram,
997 402 1081 476 quod
1135 462 1145 481 χ

10 488 13 506 “
60 498 104 543 ne
117 476 245 541 ambitio
261 484 292 538 et
305 476 435 538 sorensis
450 478 537 537 labor
551 476 589 535 ab
606 476 688 538 omni
705 476 757 537 iila
772 478 953 552 cogitatione
964 483 1080 545 abstra-

60 564 161 625 hebat.
201 558 252 623 12.
268 558 342 633 Quis
359 575 431 635 ergo
445 553 712 621 intererat'vestris
730 560 887 622 consiliis?
914 564 1024 626 Omnes
1038 566 1079 639 hi,

61 662 137 724 quos
146 642 238 705 vides
249 641 318 704 huic
329 643 450 714 adesse,
462 651 492 704 et
506 642 536 702 in
549 641 654 717 primis
666 642 700 717 Q.
711 642 906 705 Hortensius:
922 647 974 720 qui
988 665 1081 723 quum

59 734 183 806 propter
201 724 349 787 honorem
369 742 405 786 ac
426 726 599 800 dignitatem
619 735 710 799 atque
736 725 868 786 onimmn
884 727 1027 789 eximium
1048 731 1079 793 in

59 807 285 889 rempublicam
295 816 359 869 tum
372 817 498 884 propter
518 824 665 869 summam
677 807 905 870 familiaritatem
918 828 1081 871 summum-

60 910 118 971 que
129 908 269 954 amorem
284 890 316 951 in
329 901 445 967 patrem
457 899 541 951 tuum
555 908 648 966 quum
665 890 874 953 communibus
888 901 952 954 tum
965 894 1082 967 praeci-

59 972 242 1053 puispatris
257 974 300 1035 tui
316 972 460 1050 periculis
478 973 733 1034 commovebatur.
775 975 854 1050 Ergo
870 975 958 1037 istius
976 974 1081 1037 coniu-

59 1060 183 1123 rationis
198 1056 313 1117 crimen
329 1058 486 1117 detonsum
501 1057 539 1116 ab
554 1073 591 1118 eo
607 1065 663 1129 est,
679 1057 731 1132 qui
744 1054 885 1132 interfuit,
902 1058 954 1134 qui
967 1074 1081 1133 cogno·

59 1143 106 1218 vit,
122 1140 177 1218 qni
192 1139 346 1217 particeps
367 1148 397 1199 et
414 1138 530 1200 consilii
552 1138 645 1200 vestri
665 1141 720 1201 iuit
743 1149 773 1201 et
791 1141 924 1204 timorist
946 1141 1033 1202 cuius
1050 1140 1083 1203 iu

12 1262 17 1299 :
59 1226 115 1287 boe
130 1223 259 1287 crimine
272 1223 481 1299 propulsando
498 1240 589 1298 quum
604 1231 687 1283 esset
698 1222 912 1302 copiosissima
926 1233 1018 1300 atque
1033 1240 1082 1285 or-

12 1350 19 1357 ·
58 1307 215 1369 ocissima
229 1306 335 1382 oratio,
350 1315 449 1368 tamen
469 1323 530 1366 non
551 1305 650 1367 minus
674 1306 859 1369 auctoritatis
880 1307 976 1370 inerat
998 1307 1028 1368 in
1044 1324 1082 1369 ea

10 1394 17 1459 ζ
60 1408 148 1468 quam
163 1389 323 1450 facultatis.
366 1389 449 1450 iilius
464 1389 555 1464 igitur
567 1387 790 1462 coniurationis,
808 1409 887 1466 quae
901 1400 1007 1454 contra
1020 1407 1080 1452 vos

10 1462 15 1549 ξ
58 1476 151 1548 iacta,
174 1473 275 1533 delata
291 1474 330 1533 ad
353 1489 426 1548 vos,
453 1474 570 1534 avobis
586 1474 704 1548 prolata
724 1490 794 1535 esse
811 1474 934 1548 dicitur,
956 1491 1013 1550 ego
1036 1482 1081 1536 te·

59 1559 111 1619 stis
128 1571 200 1617 esse
215 1572 276 1617 non
290 1555 388 1632 potui=
410 1574 471 1618 non
486 1558 576 1623 modo
591 1555 691 1617 animo
706 1557 778 1616 nihii
796 1558 939 1634 comperi,
956 1559 1012 1620 sed
1027 1557 1081 1619 vix

58 1641 94 1699 ad
107 1655 200 1699 aures
216 1655 300 1698 meas
318 1639 405 1700 istius
419 1639 603 1712 suspicionis
616 1641 696 1698 iama
708 1640 855 1713 pervenit.
887 1639 936 1702 13.
955 1641 1011 1714 Qut
1026 1657 1080 1702 vo-

58 1721 104 1783 bis
123 1721 154 1781 in
170 1720 299 1781 consitio
314 1723 443 1792 fuerunt,
458 1719 510 1794 qui
527 1721 685 1781 vobiscum
701 1722 752 1781 iila
767 1730 950 1797 cognorunt,
969 1723 1079 1798 quibus

57 1803 133 1881 ipsis
149 1801 317 1878 periculum
330 1810 393 1861 tum
404 1800 530 1860 conflari
545 1802 714 1874 putabatur,
729 1803 779 1874 qui
791 1803 939 1864 Autronio
951 1820 1013 1865 non
1026 1805 1079 1863 ad-

57 1887 189 1954 fuerunt,
206 1881 258 1956 qui
275 1881 305 1941 in
319 1880 403 1941 illum
416 1881 586 1942 testimonia
598 1882 704 1955 grevia
713 1882 863 1956 dixerunt,
878 1884 959 1943 bunc
976 1885 1080 1943 deien-

57 1970 142 2039 dnnt,
159 1961 231 2023 huic
245 1965 370 2037 adsunt,
389 1962 420 2022 in
435 1962 524 2023 huius
544 1963 680 2039 periculo
702 1964 858 2026 declarant
886 1981 921 2025 se
942 1981 1002 2025 non
1025 1963 1081 2024 cri·

56 2051 138 2113 mine
151 2044 376 2120 coniurationis,
391 2062 429 2106 ne
440 2047 585 2108 adessent
600 2045 737 2120 caeteris,
754 2048 810 2108 sed
820 2045 975 2108 hominum
989 2048 1082 2106 maie-

55 2134 128 2195 ticio
145 2129 306 2191 deterritos
328 2146 408 2191 esse.
450 2129 511 2191 Mei
532 2132 707 2192 consulatus
727 2139 827 2191 autem
843 2140 963 2205 tempus
979 2138 1010 2209 et
1024 2128 1081 2190 cri-

56 2232 127 2277 men
145 2212 294 2274 maximae
317 2212 532 2275 coniurationis
548 2231 566 2274 a
581 2231 629 2275 me
650 2214 838 2276 defendetur.
880 2218 981 2289 Atque
1004 2215 1080 2274 haec

56 2300 135 2360 inter
150 2312 208 2357 nos
223 2296 341 2373 partitio
356 2314 416 2358 non
432 2305 480 2358 est
496 2297 628 2371 fortuito,
645 2296 771 2369 iudices,
793 2313 850 2358 nec
864 2304 976 2358 temere
991 2299 1079 2370 iacta,

57 2381 116 2445 sed
130 2397 223 2456 quum
233 2379 406 2441 videremus
420 2397 524 2441 eorum
536 2379 693 2441 criminum
707 2397 765 2440 nos
777 2389 922 2456 patronos
934 2378 1081 2456 adhiberi,

58 2480 187 2540 quorum
203 2470 297 2524 testes
309 2479 380 2523 esse
395 2478 566 2539 possemus,
577 2471 706 2539 uterque
719 2472 856 2525 nostrum
869 2463 902 2524 id
913 2464 971 2525 sibl
983 2462 1081 2524 susei-

55 2546 202 2624 piendum
219 2547 344 2622 putavit,
362 2546 401 2606 de
414 2563 474 2620 quo
490 2545 606 2621 aliquid
621 2547 700 2607 scire
714 2545 782 2622 ipse
797 2556 888 2622 atque
903 2545 1080 2608 existImare

55 2629 217 2707 potuisset.
243 2631 281 2688 V.
299 2626 349 2689 14.
370 2628 408 2689 Et
422 2627 565 2704 quoniam
579 2629 617 2687 de
633 2629 806 2692 criminibus
822 2627 989 2705 superioris
1008 2642 1077 2687 con·

55 2711 217 2774 iurationis
228 2710 422 2773 Hortensium
434 2710 590 2785 diiigenter
601 2711 737 2784 audistis,
747 2714 785 2773 de
796 2713 853 2773 hac
865 2710 1080 2783 coniuratione,

57 2812 138 2873 quae
153 2812 201 2855 me
216 2795 343 2855 consule
359 2796 438 2854 iacta
452 2801 508 2867 est,
526 2792 584 2853 hoc
599 2793 728 2868 primum
742 2796 895 2856 attendite.

141 2879 242 2950 Multa,
259 2893 352 2953 quum
362 2893 463 2937 essem
478 2876 593 2948 consui,
609 2877 648 2935 de
660 2878 783 2937 summis
794 2878 838 2937 rei
852 2876 991 2950 publicae
1002 2873 1081 2949 peri-

56 2962 135 3023 cuiis
149 2958 262 3033 audivi,
279 2960 371 3020 muita
387 2957 534 3034 quaesivi,
549 2960 641 3018 muita
658 2959 803 3033 cognovi:
820 2959 920 3018 nuilus
937 2973 1079 3032 umquam

56 3046 96 3106 de
106 3044 191 3104 Sulla
204 3040 333 3103 nuncius
348 3043 459 3114 adme,
473 3043 586 3100 nntium
600 3040 752 3115 indicium,
769 3043 869 3101 nullae
882 3040 997 3101 litterae
1011 3057 1079 3116 per·

55 3134 214 3199 venerunt
233 3127 314 3186 nulla
332 3123 476 3200 suspicio.
519 3122 643 3184 Multum
665 3124 740 3183 haec
754 3140 817 3183 vox
834 3124 963 3185 sortasse
977 3125 1079 3184 vaiere

56 3208 184 3270 deberet
198 3208 264 3269 eius
278 3207 417 3278 hominis,
439 3205 490 3283 qui
506 3208 613 3267 consul
627 3206 753 3266 insidias
767 3205 811 3266 rei
826 3206 964 3281 publicae
978 3205 1079 3269 consi-

56 3290 98 3352 iio
114 3291 337 3366 investigasset,
347 3288 473 3350 veritate
488 3289 666 3365 aperuisset,
687 3289 890 3364 magnitudine
907 3290 997 3350 animi
1013 3288 1078 3346 vin·

55 3374 201 3449 dicasset,
217 3389 309 3449 quum
323 3373 350 3433 is
367 3388 401 3434 se
415 3370 488 3433 nihii
508 3371 631 3434 audisse
647 3373 685 3434 de
698 3371 730 3431 P.
745 3371 835 3443 Sulla,
851 3372 924 3434 nihii
941 3369 1076 3445 suspica·
