2340 3788
108 198 174 264 210
407 196 480 256 PRO
497 195 529 252 P.
546 193 671 254 SULLA
686 191 836 253 ORATIO.

112 357 174 409 tam
187 343 290 418 elaris,
315 352 374 406 tarn
388 342 620 416 immortalibus,
644 341 777 414 iudices,
799 339 858 402 boo
874 353 1004 414 possum
1024 339 1138 413 dicere,

5 418 11 437 ’
112 447 172 503 me,
189 430 293 503 quiex
310 427 434 488 summis
450 425 593 502 periculis
608 424 769 501 eripuerIm
784 424 888 484 urbem
905 422 984 481 hano
999 430 1029 482 et
1044 423 1138 484 vitam

114 511 247 572 omniurn
258 509 377 583 civium,
393 509 466 570 setis
481 511 624 583 adeptum
636 509 710 579 lore,
727 506 753 566 si
768 523 807 566 ex
818 506 877 565 boo
891 513 974 565 tanto
986 504 1016 563 in
1029 520 1137 566 omnes

114 595 254 656 mortales
269 592 417 654 beneficio
439 593 552 651 nullum
571 592 664 651 inme
683 589 852 664 perieulum
871 587 1059 648 redundarit.
1087 587 1138 650 28,

114 675 230 736 Etenim
244 674 274 735 in
296 692 356 750 qua
375 675 498 746 ,civitate
514 690 565 735 res
584 681 682 734 tantas
699 671 847 745 gesserim
863 669 999 730 memini=
1025 670 1058 730 in
1078 689 1139 746 qua

114 759 189 819 urbe
207 774 313 818 verser
332 757 475 833 intelligo.
515 757 638 817 Plenum
660 757 757 815 lorum
780 764 828 815 est
847 769 952 813 eorum
972 752 1138 827 hominum,

115 857 194 916 quos
210 855 268 915 ego
284 857 302 899 a
321 842 430 901 vestris
452 839 622 901 oervioibus
642 836 761 912 depuli,
785 835 917 907 iudices,
942 835 1055 895 ameis
1077 853 1137 898 non

114 922 240 984 removi.
279 922 344 983 Nisi
359 939 432 982 vero
452 939 569 997 paucos
584 921 680 982 luisse
697 918 881 979 arbitramini
897 917 948 993 qui
964 919 1071 979 conari
1086 928 1139 980 aut

116 1019 240 1083 sperare
256 1011 384 1078 possent
398 1020 431 1065 se
450 1013 564 1065 tantum
583 1003 742 1079 imperium
758 1018 853 1077 posse
868 1002 983 1065 delere.
1019 1002 1138 1065 Horum

115 1105 173 1164 ego
189 1090 273 1147 laces
293 1085 409 1159 eripere
433 1087 630 1150 demonibus
652 1092 689 1147 et'
701 1085 821 1161 gladios
838 1093 1022 1158 extorquere
1041 1085 1137 1159 potui,

114 1169 207 1261 sicuti
219 1167 472 1240 attumulatus
486 1187 560 1231 vero
579 1169 801 1231 consceleratas
816 1183 852 1227 ao
869 1167 1074 1229 nefarias-neo
1088 1184 1138 1227 se-

116 1268 190 1312 nare
204 1251 289 1325 potui
304 1253 361 1308 neo
376 1250 488 1311 tollere.
516 1253 581 1327 Qua
600 1269 634 1312 re
653 1269 713 1312 non
731 1266 799 1311 sum
814 1250 936 1310 nescius
954 1259 1068 1324 quanto
1085 1267 1138 1326 pe-

115 1335 211 1394 riculo
231 1331 332 1390 vivam
351 1329 381 1389 in
402 1337 483 1390 tanta
503 1334 689 1395 multitudine
710 1334 931 1409 improborum,
958 1349 1053 1407 quum
1067 1332 1138 1393 milti

116 1416 170 1476 uni
186 1431 254 1475 oum
273 1412 412 1473 omnibus
428 1412 571 1485 improbis
592 1426 747 1478 aeternum
762 1417 882 1476 videam
902 1416 1015 1475 bellum
1032 1432 1138 1476 susce·

75 1531 84 1542 ·
119 1506 202 1573 ptum
216 1513 296 1557 esse.
324 1495 360 1553 X.
375 1494 425 1556 29.
446 1494 532 1567 Quod
547 1499 573 1555 si
587 1499 644 1568 illis
659 1500 734 1561 meis
751 1499 912 1574 praesidiis
924 1499 1003 1559 lorte
1019 1498 1138 1559 invides

117 1589 148 1642 et
161 1581 188 1640 si
202 1596 239 1640 ea
253 1578 306 1640 tibi
320 1579 404 1651 regia
417 1577 570 1651 videntur,
591 1583 673 1653 quod
687 1598 792 1643 omnes
810 1581 882 1643 boni
899 1581 1032 1642 omnium
1046 1598 1137 1656 gene·

26 1735 32 1745 Ι
118 1680 183 1724 rum
197 1673 288 1737 atque
303 1661 440 1722 ordinum
455 1675 541 1719 suam
556 1663 681 1722 salutem
695 1681 763 1725 oum
777 1680 845 1725 mea
856 1664 1050 1739 coniungunt,
1066 1680 1138 1726 oon-

119 1748 219 1808 solare
234 1753 279 1817 te,
298 1742 527 1818 quodomnium
541 1751 657 1803 mentes
670 1746 874 1821 improborum
890 1744 962 1807 mihi
977 1747 1031 1806 uni
1043 1746 1138 1806 uroxi-

117 1846 167 1890 me
181 1836 251 1890 sunt
265 1827 403 1887 intensae
417 1835 448 1886 et
465 1826 628 1899 adversae:
651 1826 701 1898 qui
721 1845 768 1889 me
785 1847 845 1890 non
865 1830 956 1891 modo
973 1831 1072 1891 solum
1093 1829 1137 1888 id·

118 1913 200 1973 eiroo
216 1912 358 1982 oderunt,
381 1911 464 1984 quod
484 1924 589 1968 eorum
604 1916 730 1968 conatus
743 1909 853 1986 impios
871 1923 901 1974 et
916 1913 1049 1973 furorem
1064 1927 1137 1972 oon·

120 1997 298 2057 sceleratum
314 1993 463 2068 repressi,
486 1993 542 2050 sed
557 2007 594 2051 eo
611 1991 699 2049 etiarn
713 1993 821 2064 magis,
844 1997 927 2069 quod
941 1994 1088 2055 nihilium
1103 2010 1137 2054 se

119 2077 215 2137 simile
234 2093 283 2135 me
299 2076 368 2134 vivo
389 2075 492 2135 conari
513 2089 606 2148 posse
626 2073 813 2132 arbitrantur.
852 2076 900 2139 30.
920 2081 960 2138 Λι
973 2095 1047 2140 vero
1065 2077 1138 2152 quid

121 2175 178 2232 ego
193 2160 290 2230 mirer,
308 2158 334 2217 si
350 2157 422 2232 qnid
437 2159 475 2215 ab
489 2156 635 2231 improbis
651 2156 690 2214 de
704 2170 752 2213 me
765 2154 901 2229 improbe
912 2161 1029 2235 dieitur,
1045 2177 1139 2235 quum

118 2241 156 2298 L.2
172 2242 355 2316 Torquatus,
382 2239 510 2314 primum
533 2238 570 2298 iis
598 2237 799 2297 fundamentis
824 2237 892 2311 ipse
914 2244 1139 2304 adolescentiae

119 2322 221 2393 iactis,
245 2339 281 2381 ea
301 2337 357 2396 spe
379 2323 536 2397 proposita
557 2320 772 2395 amplissimae·
785 2319 952 2394 dignitatis,
973 2326 1083 2391 deinde
1103 2326 1137 2383 L.

119 2405 269 2480 Torquati,
281 2403 435 2465 tortissimi
446 2403 589 2477 consulis,
601 2402 838 2464 constantissimi
849 2405 1007 2480 senatoris,
1018 2424 1140 2483 semper

121 2487 224 2564 optimi
240 2487 325 2560 civis,
347 2488 600 2562 filius,'interdum
616 2486 758 2547 efferatur
770 2485 1018 2547 immoderatione
1033 2493 1139 2549 verbo-

120 2577 206 2631 rum?
218 2570 283 2644 ,qui
305 2588 394 2644 quum
418 2587 586 2644 suppressa
607 2586 682 2630 voce
700 2571 738 2628 de
758 2572 875 2629 scelere
895 2569 927 2628 P.
942 2570 1075 2639 Lentuli,
1103 2575 1140 2631 de

120 2653 247 2715 audacia
262 2653 484 2714 coniuratorum
499 2653 629 2714 omnium
641 2652 777 2723 dixisset,
796 2659 908 2712 tanturn
922 2653 1014 2712 modo
1030 2660 1063 2711 ut
1078 2669 1140 2725 vos,

121 2736 172 2813 qui
187 2753 224 2798 ea
238 2736 382 2810 probatis,
399 2736 544 2796 exaudire
561 2735 704 2811 possetis,
723 2736 761 2795 de
778 2734 928 2809 supplicio
945 2735 988 2814 [P.
1002 2734 1141 2809 Lentuli]‚

120 2822 159 2880 de
174 2836 295 2880 earcere
311 2835 420 2893 magna
440 2828 470 2879 et
490 2819 679 2893 queribunda
692 2834 770 2878 voce
785 2817 914 2878 dicebat.
958 2816 1009 2880 31.
1030 2818 1063 2877 ln
1081 2833 1142 2890 quo

120 2903 249 2976 primum
263 2903 336 2962 illud
350 2911 414 2962 erat
428 2903 606 2975 absurdum,
633 2903 731 2976 quod,
754 2919 846 2977 quum
861 2916 911 2972 ea,
938 2916 1027 2975 quae*
1039 2899 1144 2960 leviter

120 2986 251 3059 dixerat,
266 2986 353 3046 vobis
371 2986 500 3060 probare
516 2986 651 3058 volebat,
667 3001 722 3045 eos
737 2993 851 3055 autenr,
874 2982 926 3058 qui
940 2984 1055 3044 oiroum
1068 2982 1141 3043 iudi-

122 3067 202 3125 dium
217 3068 348 3141 stabant,
363 3068 467 3128 audire
479 3068 614 3141 nolebat,
629 3084 689 3127 non
705 3068 888 3142 intelligebat
901 3083 952 3139 ea,
968 3082 1049 3141 quae
1064 3067 1144 3125 clare

122 3146 243 3220 diceret,
258 3153 298 3210 lta
312 3153 380 3211 illos
395 3151 561 3223 audituros,
577 3151 686 3225 quibus
702 3168 737 3212 se
752 3149 933 3222 venditabat,
949 3156 982 3210 ut
995 3166 1054 3210 vos
1071 3166 1143 3223 quo·

123 3246 183 3306 que
203 3233 360 3304 audiretis,
386 3234 488 3309 quiid
509 3251 569 3294 non
591 3234 779 3310 probabatis:
805 3232 915 3292 deinde
937 3234 1065 3293 alterum
1086 3232 1144 3291 iam

122 3312 250 3374 oratoris
275 3315 377 3375 vitium
405 3334 466 3376 non
492 3316 594 3376 videre
620 3317 693 3391 quid
717 3331 858 3391 quaeque
885 3332 979 3375 causa
1001 3314 1143 3390 postulet.

121 3397 198 3456 Nihil
215 3404 262 3456 est
277 3397 355 3455 enim
371 3407 431 3458 tarn
448 3399 578 3460 alienum
591 3399 629 3460 ob
644 3407 696 3474 eo,
718 3398 771 3474 qui
785 3400 910 3460 alterum
925 3395 1144 3467 coniurationis
