2340 3788
373 158 567 221 caua-s
586 165 741 227 sa-u.
793 110 796 117 ⁵
1030 166 1095 231 rso

60 326 215 390 poenam,
237 326 317 385 quos
338 311 536 383 condemnat,
557 319 609 372 aut
627 326 685 386 per
704 322 841 375 senatum
854 324 907 378 cut
921 332 979 392 per
991 332 1091 394 popu-

60 399 125 457 lum
138 397 244 455 levare
256 394 371 470 possim
388 392 478 468 eripit
490 393 581 454 etiam
595 408 698 468 spem,
713 410 793 469 quae
806 398 873 458 sola
890 399 1045 463 hominem
1058 401 1091 463 ln

60 476 197 539 miseriis
213 477 367 539 cnusolmi
381 478 474 537 solen
497 477 579 537 bona
593 485 751 551 praetcrea
764 480 911 553 publicari
924 483 1021 546 iubete
1045 485 1089 545 vi-

60 573 124 625 tam
140 562 239 621 solam
252 560 396 636 relinquit
409 559 531 620 nefariis
552 559 740 621 homiuibusz
759 578 853 641 quam
874 565 901 624 si
917 566 1090 642 eripuisset,

61 647 177 705 multos
196 660 260 704 uno
273 644 382 705 dolore
402 644 527 704 dolores
546 643 637 702 animi
659 652 751 719 atque
772 646 911 719 corporis
932 656 963 708 et
982 666 1089 712 omnes

60 729 216 790 scelerum
231 740 347 801 poenas
364 726 538 786 ademisset.
559 727 664 801 ltaque
677 737 711 788 ut
723 727 827 803 aliqua
841 728 872 788 in
882 728 946 789 rita
959 731 1088 794 formido

59 810 213 885 improbis
225 820 311 871 esset
325 809 441 885 posita,
459 810 544 884 apud
563 809 679 872 inferos
703 811 867 872 eiusmodi
883 814 1033 887 quaedam
1046 815 1089 877 illi

60 893 181 969 antiqui
195 893 347 970 supplicis
360 892 461 968 impiis
476 892 638 953 constituta
653 911 724 955 csse
741 897 911 969 voluerunt,
928 911 990 970 quo
1001 896 1089 957 vide·

59 977 133 1039 licet
145 976 355 1052 intelligebant
368 976 406 1036 iis
421 979 545 1038 remotis
565 993 626 1037 non
650 994 720 1038 csse
735 988 863 1040 mortem
884 979 983 1055 ipsam
996 980 1089 1055 perti·

61 1061 268 1122 uescendum.
434 1080 440 1089 ·
1099 1106 1103 1113 ,

144 1144 183 1203 V.
207 1143 236 1205 9.
255 1144 356 1216 Nunc,
372 1152 476 1219 patres
494 1144 671 1219 conscripti,
692 1162 749 1220 ego
767 1163 835 1207 mea
848 1146 941 1206 video
957 1145 1030 1222 quid
1044 1144 1090 1205 iu-

59 1226 157 1290 tersit
179 1226 213 1287 Si
227 1228 313 1288 eritis
328 1227 425 1288 secuti
438 1227 616 1289 senteutiam
632 1229 663 1288 c.
676 1229 833 1304 Caesaris,
850 1229 995 1306 quoniam
1011 1229 1091 1289 hanc

59 1311 86 1373 is
102 1311 136 1371 in
148 1326 187 1371 re
202 1310 324 1386 publica
340 1311 435 1383 viam,
452 1327 532 1386 quae
548 1313 705 1387 popularis
720 1313 1009 1388 habetur,·secutus
1032 1318 1089 1387 est,

59 1396 195 1456 tortasse
209 1394 309 1456 minus
325 1404 413 1457 erunt
433 1396 493 1456 hoe
509 1405 634 1456 auctore
659 1405 689 1457 et
703 1396 860 1472 cognitore
873 1396 1003 1458 huiusce
1018 1412 1089 1456 sen-

59 1477 173 1540 tentiae
188 1478 260 1538 milri
276 1482 442 1554 populares
457 1478 589 1554 impetus
603 1479 853 1555 pertimescendi:
876 1481 924 1542 siu
944 1481 1024 1539 illam
1044 1481 1089 1538 al·

58 1570 165 1634 teratu
181 1561 286 1622 nescio
301 1579 339 1622 an
354 1563 484 1637 amplius
499 1562 572 1622 mihi
585 1563 705 1637 negocii
720 1565 921 1625 contrahatur.
966 1563 1029 1623 Sed
1041 1570 1089 1623 ta-

59 1662 128 1713 men
144 1660 283 1705 meorum
297 1645 502 1720 periculorum
516 1646 650 1706 rationes
668 1646 781 1707 utilitas
801 1648 845 1707 rei
867 1646 1009 1721 publicae
1022 1645 1088 1705 viu·

59 1736 114 1793 cat
148 1728 304 1787 Habemus
317 1727 428 1788 anima
450 1727 594 1801 Caesare,
623 1729 701 1789 sicut
719 1730 818 1805 ipsius
840 1729 970 1804 dignitas
985 1736 1087 1789 etma-

58 1811 159 1874 lorum
175 1810 242 1869 eius
258 1810 424 1884 amplitudo
442 1810 622 1882 postulabat,
642 1813 819 1880 sententiam
832 1821 983 1887 tamquam
1006 1812 1087 1871 obsi-

57 1896 127 1957 dem
151 1900 319 1965 perpetuas
340 1892 371 1951 in
392 1908 457 1951 rem
479 1891 632 1966 publicam
647 1895 819 1956 voluntatis.
840 1896 1025 1955 Intellectum
1040 1902 1089 1955 est

57 1978 134 2054 quid
152 1974 316 2035 interesset
328 1973 406 2036 inter
416 1974 568 2036 levitatem
580 1977 820 2037 contionatorum
832 1986 862 2039 et
872 1977 1004 2038 animum
1014 1992 1087 2037 vere

55 2059 250 2137 popularem,
264 2058 354 2120 saluti
368 2059 474 2135 populi
489 2060 707 2121 consulentem.
754 2059 803 2122 10.
826 2061 925 2121 Video
948 2063 986 2122 de
1008 2060 1086 2133 istis,

56 2144 109 2221 qui
123 2157 163 2204 se
177 2142 344 2217 populares
358 2143 464 2203 haberi
477 2144 593 2217 volunt,
607 2145 719 2206 abesse
733 2160 796 2206 non
810 2144 976 2218 neminem,
993 2160 1033 2205 ne
1046 2144 1093 2203 de

57 2226 159 2302 capite
175 2225 317 2286 videlicet
331 2226 442 2286 civium
461 2227 668 2288 Romanorum
689 2227 868 2289 sententiam
889 2229 974 2289 ierat.
1011 2229 1041 2289 Is
1055 2235 1086 2287 et

56 2309 170 2371 nudius
185 2311 290 2370 tertius
301 2309 331 2369 in
343 2310 512 2371 custodiam
528 2311 611 2373 cives
623 2313 779 2372 Romanos
791 2311 874 2373 dedit
889 2320 920 2373 et
931 2311 1085 2388 supplica-

55 2393 171 2454 tionem
184 2392 258 2452 mihi
274 2393 410 2454 decrevit
424 2402 455 2453 et
469 2394 587 2456 indices
608 2394 752 2459 hesterno
769 2395 820 2455 die
839 2395 978 2455 maximis
995 2410 1084 2470 pree

55 2474 123 2537 miis
139 2475 261 2536 adiecit.
282 2477 345 2536 lam
362 2477 421 2536 hoc
435 2477 548 2536 nemini
560 2478 683 2539 dubium
698 2486 755 2551 est,
771 2477 823 2554 qui
834 2495 888 2539 reo
903 2477 1083 2544 custodiam,

57 2557 224 2635 quaesitori
241 2560 479 2633 gratulationem,
494 2559 587 2620 indici
605 2563 771 2635 praemium
785 2562 933 2634 decrevit,
957 2557 1086 2635 quidde

54 2650 118 2702 tou
133 2656 169 2701 re
183 2650 215 2702 et
230 2658 322 2703 causa
337 2642 487 2704 iudicarit.
512 2646 554 2703 At
566 2660 641 2704 vero
657 2644 688 2705 (l.
704 2645 816 2706 Caesar
832 2643 972 2717 intelligit
986 2643 1085 2714 legem

55 2722 268 2800 Sfflproniam
278 2742 351 2787 esse
362 2727 402 2786 de
414 2727 531 2787 civibus
542 2727 687 2788 Romanis
702 2729 908 2789 constitutam:
921 2725 973 2800 qui
984 2730 1085 2783 autem

53 2807 257 2883 reipublicae
272 2809 439 2885 sithostis,
461 2827 531 2872 eum
553 2810 651 2870 civem
671 2827 741 2872 esse
760 2814 844 2872 nullo
859 2810 951 2870 modo
972 2821 1083 2882 possea

53 2891 189 2965 denique
199 2892 301 2967 ipsum
313 2893 439 2954 latorem
448 2893 647 2969 Semproniae
658 2895 734 2970 legis
746 2895 834 2955 iussu
848 2891 955 2968 populi
965 2906 1084 2967 poenas

52 2974 96 3034 rei
110 2973 257 3059 publicae
271 2977 469 3052 dependisse.
501 2979 701 3053 idemipsum
714 2978 889 3047 Lentulum,
911 2975 1082 3050 largitorem

51 3067 82 3119 et
94 3057 277 3134 prodigum,
302 3077 364 3121 non
380 3070 480 3135 putat,
503 3078 596 3136 quum
615 3062 655 3121 de
669 3060 805 3136 pernicie
820 3058 928 3135 populi
943 3057 1082 3132 Romani,

50 3141 146 3202 exitio
161 3141 255 3204 huius
269 3144 353 3204 urbis
371 3153 431 3204 tam
446 3146 567 3218 acerbe,
581 3154 642 3205 tam
655 3144 819 3204 crudeliter
830 3141 975 3217 cogitarit,
990 3143 1082 3204 etiam

48 3225 204 3300 appellari
219 3243 315 3300 posse
330 3230 520 3302 popularem.
555 3230 661 3303 ltaque
683 3228 775 3288 horno
791 3226 967 3288 mitissimus
989 3235 1082 3298 atque

47 3308 230 3369 lenissimus
247 3326 309 3369 non
323 3311 441 3372 dubitat
454 3311 485 3370 P.
501 3312 660 3384 Lentulum
679 3310 810 3371 aeternis
826 3311 961 3372 tenebris
976 3311 1081 3367 vincu-

44 3390 152 3469 lisque
166 3394 313 3454 mcndsre
327 3403 358 3456 et
371 3393 470 3458 sancit
489 3394 520 3457 in
537 3404 703 3473 posterum,
722 3410 761 3458 ne
776 3394 845 3470 quis
859 3394 949 3459 huius
966 3387 1082 3466 suppli·
