2340 3788
379 145 606 209 cnara-15.
628 152 799 213 sat-m.
840 174 844 179 ν
1037 151 1105 243 '113

77 295 136 355 illis
152 295 294 390 gentibus
307 297 404 356 lucem
419 297 539 357 adferre
550 296 668 371 coepit.
682 314 762 359 nunc
777 299 945 376 intelligunt
958 317 1018 362 non
1035 302 1101 362 sine

76 394 173 439 causa
190 377 321 438 maiores
343 396 417 440 suos
437 389 515 452 tum,
539 396 631 454 quum
647 395 684 438 ea
697 384 895 456 temperantia
907 373 1100 459 magistratus

77 461 281 532 habebamus,
310 461 425 521 servire
447 463 562 537 populo
583 464 720 522 Romano
747 481 836 537 quam
862 467 1010 542 imperare
1033 468 1099 528 aliis

76 543 233 604 maluisse.
269 545 332 603 lam
354 560 427 604 vcro
448 545 489 604 ila
510 545 615 605 faciles
636 544 735 605 aditus
757 548 796 606 ad
816 565 884 609 eum
904 550 1098 624 privatorum,

76 627 116 687 ita
139 625 254 686 liberae
279 627 486 701 querimoniae
507 628 546 687 de
569 627 696 686 aliorum
718 628 834 689 iniuriis
857 648 928 691 esse
950 632 1098 706 dicuntur,

76 708 161 783 ulie,
177 708 230 783 qui
245 709 388 784 dignitate
402 709 591 784 principibus
610 709 739 782 excellit,
762 711 904 772 facilitate
918 712 1029 774 infimis
1044 732 1100 790 par

76 807 148 853 esse
162 793 310 852 videatur.
346 792 397 864 42.
415 793 477 852 lam
493 801 635 866 quantum
651 793 795 868 consilio,
820 803 964 869 quantum
980 796 1100 856 dicendi

75 873 223 950 gravilate
239 883 268 936 el
282 875 371 950 copia
387 877 536 949 valentin
552 892 612 950 quo
628 875 696 950 ipso
712 875 791 937 inest
807 879 956 951 quaedam
971 877 1099 951 dignitas

75 957 281 1033 imperatoria,
299 974 366 1030 vos,
385 958 523 1032 Quirites,
545 959 603 1018 hoo
620 959 688 1033 ipso
704 976 742 1018 ex
758 962 827 1021 loco
844 976 939 1035 saepe
956 962 1098 1034 cognovi-

75 1041 141 1102 stis.
173 1039 286 1119 *Fidem
306 1057 380 1100 vero
397 1040 464 1101 eius
486 1049 627 1116 quantam
647 1041 724 1102 inter
742 1043 845 1103 socios
861 1041 1026 1104 existimari
1046 1060 1099 1116 pu-

74 1125 155 1196 tatiS,
169 1140 259 1196 quam
268 1124 374 1183 hostes
387 1124 517 1184 omnium
531 1141 675 1200 generum
688 1126 910 1187 sanctissimam
921 1125 1101 1186 iudicarint?

73 1206 218 1267 Humanit
218 1214 267 1266 ate
283 1205 341 1265 iam
359 1215 439 1268 lanta
454 1217 514 1282 est,
533 1215 566 1267 ut
581 1207 709 1267 difficile
730 1210 811 1268 dictu
829 1209 978 1270 siluarum
994 1209 1099 1270 hostes

72 1291 172 1364 magis
186 1291 325 1349 virtutem
345 1289 412 1352 eius
426 1300 596 1388 pugnantes
616 1290 766 1352 timuerint
780 1309 818 1352 an
837 1292 1098 1355 mansueludinem

72 1373 146 1433 victi
163 1371 330 1433 dilexerint.
357 1373 395 1433 Et
409 1374 570 1449 quisquam
585 1373 731 1435 dubitabit
746 1375 817 1470 quin
829 1375 899 1436 huic
910 1376 969 1436 boc
983 1383 1099 1436 lantum
1145 1364 1150 1411 ⁵

72 1455 187 1516 bellum
200 1455 458 1518 transmillcndum
481 1457 535 1530 sit,
557 1457 608 1532 qui
629 1458 668 1516 ad
683 1458 782 1518 omnia
796 1467 919 1520 nostrae
935 1457 1098 1529 memoriae

72 1539 154 1598 bella
166 1538 356 1599 conficienda
366 1541 469 1602 divino
482 1541 614 1615 quodam
626 1540 753 1600 consilio
765 1552 853 1602 natus
860 1558 931 1602 esse
940 1541 1099 1602 videatur?

156 1621 222 1681 XV.
236 1619 287 1682 43.
308 1623 345 1682 Et
366 1623 508 1698 quoniam
528 1623 693 1683 auctoritas
716 1641 839 1700 quoque
856 1623 988 1685 inbellis
1003 1623 1096 1685 admi·

71 1704 239 1766 nistrandis
252 1706 378 1765 multum
395 1715 487 1780 alque
501 1705 532 1763 in
546 1704 673 1778 imperio
696 1706 814 1766 militari
832 1709 925 1778 valet,
950 1715 1031 1766 certe
1044 1722 1095 1767 ne.-

71 1787 144 1847 mini
168 1786 294 1846 dubium
314 1789 450 1860 estquin
471 1802 508 1844 ea
529 1801 563 1845 re
583 1786 664 1844 idem
682 1786 731 1845 ille
752 1788 915 1862 imperator
937 1787 1097 1862 plurimum

71 1870 184 1944 possit.
212 1867 417 1926 Vehementer
430 1875 530 1926 autem
548 1866 698 1939 pertinere
713 1869 753 1927 ad
766 1869 847 1928 bella
860 1864 1098 1941 administranda

72 1953 148 2029 qnid
169 1950 291 2021 hostes,
316 1948 389 2023 quid
403 1948 479 2009 socii
500 1950 538 2008 de
553 1948 784 2022 imperatoribus
800 1951 912 2010 nostris
926 1949 1098 2010 existiment
1150 1972 1155 2019 2

72 2036 141 2111 quis
162 2031 295 2106 ignorat,
320 2049 411 2107 quum
433 2031 566 2092 sciamus
580 2030 719 2092 homines
735 2031 765 2091 in
782 2031 873 2093 tantis
888 2032 981 2110 rebus
998 2040 1031 2093 ut
1047 2041 1098 2093 aut
1152 2064 1155 2103 ;

70 2122 268 2180 contemnant
278 2123 330 2176 aul
340 2123 473 2176 metuant
483 2123 535 2176 aut
549 2114 667 2176 oderint
681 2125 733 2175 aut
746 2122 860 2186 ament,
878 2113 1020 2191 opinione
1035 2131 1096 2175 non
1151 2164 1154 2170 .

70 2202 172 2262 minus
187 2199 311 2260 etfama
329 2216 418 2273 quam
433 2197 535 2273 aliqua
549 2198 666 2259 ratione
681 2192 762 2260 certa
778 2197 983 2260 commoverit
1009 2198 1096 2273 Quod

69 2285 161 2360 igitur
175 2297 286 2343 nomen
301 2298 445 2357 umquam
464 2281 499 2341 in·
517 2283 591 2343 orbe
611 2291 756 2343 terrarum
779 2282 889 2343 clarius
910 2281 985 2344 luitt
1008 2281 1095 2343 cuius

69 2384 119 2428 res
134 2374 241 2441 gestae
256 2373 369 2441 pares?
385 2367 423 2425 de
439 2381 500 2440 quo
518 2364 639 2426 homine
653 2382 721 2438 vos,
737 2366 768 2425 id
784 2366 866 2441 quod
880 2365 1010 2426 maxime
1025 2365 1097 2425 iacit

70 2450 287 2521 auctoritatem,
302 2457 383 2510 tanta
397 2458 427 2508 el
441 2459 499 2508 lam
515 2450 673 2522 praeclara
688 2449 829 2509 iudicial
815 2448 952 2511 lecistis?
978 2447 1029 2510 44.
1044 2450 1093 2506 An

69 2548 144 2592 vero
161 2534 252 2593 ullam
268 2547 397 2607 usquam
412 2547 483 2591 esse
498 2547 581 2589 oram
598 2540 656 2591 tam
668 2533 819 2594 desertam
829 2532 942 2607 putatis
959 2547 1019 2607 quo
1033 2545 1093 2588 non

69 2615 151 2676 illius
162 2614 223 2675 diei
235 2616 314 2675 lama
325 2612 503 2690 pervaserit,
519 2631 611 2687 quum
623 2614 782 2677 universus
794 2617 928 2692 populus
939 2616 1094 2673 Romanus

69 2700 218 2760 reicrtol
217 2715 276 2759 oro.
276 2696 512 2795 completisque
532 2698 671 2758 omnibus
693 2699 828 2775 templis,
853 2715 893 2758 ex
915 2695 1025 2771 quibus
1038 2691 1095 2752 hic

68 2784 158 2842 locus
175 2780 313 2856 conspici
327 2788 442 2857 polest,
465 2797 557 2840 unum
575 2779 632 2838 sibi
646 2781 685 2841 ad
702 2797 859 2842 commune
875 2776 1007 2839 omnium
1022 2791 1094 2850 gen-

68 2865 142 2926 lium
158 2865 269 2924 bellum
283 2864 334 2923 Cn.
346 2863 543 2938 Pompeium
535 2872 663 2938 imperat
664 2881 748 2923 orem
760 2859 963 2938 depoposcit?
989 2861 1095 2934 ltaque

68 2956 99 3008 ut
115 2949 205 3022 plura
216 2965 275 3008 non
290 2947 388 3007 dicam
402 2963 503 3023 neque
513 2948 639 3007 aliorum
651 2945 799 3020 exemplis
812 2944 987 3003 confirmem
999 2958 1093 3018 quan-

67 3041 130 3091 lum
145 3030 237 3090 huius
251 3031 414 3091 auctoritas
432 3031 532 3091 valcat
545 3030 574 3090 in
593 3030 688 3101 bello,
705 3029 743 3088 ab
760 3028 866 3087 eodem
883 3025 934 3084 Cn.
948 3025 1091 3101 Pompeio

67 3114 203 3175 omnium
219 3130 318 3174 rerum
341 3114 528 3189 egregiarum
546 3114 686 3188 exempla
705 3118 873 3171 sumantur:
899 3108 1025 3184 quiquo
1042 3108 1092 3168 die

66 3197 190 3257 avobis
211 3196 358 3258 maritimo
381 3197 460 3256 bello
475 3197 667 3272 praepositus
688 3203 734 3254 est
748 3196 923 3268 imperator,
942 3201 1025 3254 tanto
1044 3207 1091 3249 re·
1122 3220 1125 3226 ·

65 3290 160 3356 pente
185 3280 282 3341 vilitas
304 3296 442 3340 annonae
463 3296 502 3340 ex
523 3297 639 3340 summa
661 3277 763 3353 inopia
786 3285 816 3336 et
830 3277 951 3337 caritate
970 3275 1014 3335 rei
1031 3275 1091 3331 sru-

65 3363 233 3425 mentariae
248 3371 413 3425 consecula
427 3372 474 3425 est
487 3363 576 3424 unius
588 3360 717 3423 hominis
730 3377 785 3436 spe
801 3376 837 3420 ae
851 3359 982 3431 nomine,
998 3370 1092 3431 quan-

117 3461 176 3504 crc.
197 3460 287 3504 onan.
878 3447 899 3509 8
