2340 3788
102 170 169 236 tlt
251 171 290 230 III
303 169 343 229 td.
359 168 559 231 autentum
573 167 714 230 ORATIO
729 167 948 230 PHILIPPICA
960 170 1000 230 IL

102 325 135 385 c.
150 323 262 383 caesar
283 318 464 396 pecnniamt
488 335 541 380 cur
563 318 667 395 potius
682 334 771 395 quam
785 334 846 394 ego
861 319 906 380 ab
924 318 1003 380 illot
1023 336 1062 380 an
1074 320 1121 383 titt
1164 376 1166 387 ,

103 421 152 466 me
169 404 218 464 ille
233 403 326 465 vieitr
342 405 382 463 At
395 391 434 463 ne'
451 401 549 477 potuit
565 402 697 477 quidem.
738 401 803 477 Ego
819 402 858 461 ad
877 401 968 464 illum
984 404 1058 463 belli
1071 405 1122 465 ciri

102 488 140 548 lis
162 502 286 547 causam
309 486 407 547 attuli:
431 501 489 560 ego
512 487 596 559 leges
615 482 804 560 perniciosas
824 485 963 559 rogavia
985 502 1046 563 ego
1061 502 1123 548 arm

102 577 209 632 eontra
224 571 366 630 consules
381 569 643 644 imperatoresque
654 568 758 643 populi
770 568 915 642 Romani,
933 578 1046 631 contra
1056 586 1124 632 sene

105 663 167 716 lum
182 655 391 733 populumque
404 653 588 726 Romanum,
608 658 715 712 contra
734 651 810 712 deos
827 650 951 726 patrios
966 662 1126 727 arasqneet

103 740 201 810 iocos,
217 744 322 796 conlm
339 735 466 811 patriam
481 735 545 796 tuli.
587 735 664 794 Num
680 733 739 794 sibi
754 732 812 795 soli
826 733 925 795 vicit?
947 735 1085 808 Quorum
1096 736 1125 795 le

84 814 87 821 “
104 820 191 881 cinus
203 828 251 881 est
262 820 430 892 commune,
442 834 496 878 cur
509 818 621 879 nonsit
634 833 739 878 eorum
751 815 866 893 praeda
876 819 1126 880 communistlus

103 903 299 979 postulabas:
322 902 378 962 sed
393 900 467 976 quid
482 902 522 960 ad
535 906 622 960 remt
640 900 711 960 Plus
725 900 774 960 ille
788 907 923 975 poterat.
970 900 1026 967 73.
1040 904 1126 979 tara

104 985 246 1047 excussis
260 984 320 1046 tuis
332 983 459 1045 vocibus
474 991 505 1044 et
521 985 561 1044 ad
576 992 604 1044 te
619 984 701 1044 etad
718 982 849 1058 praedes
870 991 946 1044 tuos
963 983 1076 1047 milites
1087 983 1125 1045 ni

104 1071 152 1142 sit,
172 1084 265 1145 quum
281 1075 406 1144 repente
421 1067 491 1144 [est]
506 1082 525 1126 a
538 1074 569 1128 te
586 1067 740 1142 praeclara
754 1064 922 1127 illatabula
932 1070 1067 1144 prolata.
1085 1064 1125 1142 bui

103 1150 185 1212 risus
199 1151 368 1213 hominum!
384 1157 496 1210 tantam
510 1165 581 1210 esse
596 1149 737 1220 tabulam,
750 1155 810 1208 tam
827 1147 945 1223 vanas,
961 1158 1026 1212 tam
1037 1152 1125 1213 multat

104 1234 332 1310 possessIones‚
344 1250 383 1294 ex
395 1232 505 1308 quibus
517 1239 637 1308 praeter
645 1239 758 1306 partem
766 1230 877 1292 Miseni
887 1231 969 1293 nihil
983 1244 1049 1295 erat
1060 1232 1126 1310 qaol

94 1318 148 1390 is,
171 1317 222 1392 qui
239 1316 474 1390 auctionaretur,
497 1323 605 1390 posset
618 1330 706 1375 suum
727 1314 837 1374 dicere.
883 1316 1054 1378 Auctionis
1069 1330 1126 1378 vero

104 1399 284 1460 miserabilis
298 1404 460 1472 aspectus:
475 1397 571 1458 vestis
587 1394 721 1473 Pompeii
733 1412 794 1457 non
808 1398 904 1459 multa
921 1415 1027 1476 eaque
1041 1416 1126 1461 maon

104 1483 187 1541 losa=
202 1479 339 1541 eiusdem
352 1478 654 1554 quaedamargentea
666 1495 740 1541 vasa
751 1478 870 1541 collisa:
884 1482 1020 1545 sordida
1030 1480 1127 1544 manci

106 1563 170 1637 pia,
191 1570 224 1623 ul
238 1563 410 1624 doleremus
430 1561 595 1640 quidquam
616 1579 688 1624 esse
705 1578 745 1625 ex
758 1561 817 1623 illis
833 1562 982 1640 reliquiis
997 1567 1079 1643 quod
1094 1563 1126 1624 ri

105 1644 178 1705 dere
193 1661 367 1721 possemus.
410 1643 461 1709 tt.
478 1647 563 1706 Hane
578 1654 678 1708 tamen
692 1645 863 1708 auctionem
878 1647 1018 1711 heredes
1029 1650 1063 1710 L.
1077 1650 1127 1710 Itu

105 1727 163 1788 brii
178 1729 300 1792 decreto
317 1729 457 1791 Caesaris
477 1729 702 1806 prohibuerunt.
744 1730 898 1791 Haerebat
923 1734 1059 1795 nebuloz
1078 1746 1126 1807 qut

106 1828 141 1872 se
161 1821 292 1875 verteret
314 1830 375 1874 non
395 1813 535 1874 habebat·
579 1813 656 1887 Quin
676 1814 724 1872 his
747 1811 824 1888 ipsis
845 1815 1043 1890 temporibus
1060 1811 1127 1877 domi

106 1895 421 1973 caesarisperaussor
432 1898 470 1957 ab
482 1897 541 1957 isto
553 1895 885 1971 missusdeprenansus
897 1897 1127 1961 dicebaturesse

107 1994 175 2037 eum
196 1979 269 2042 sira.
313 1981 358 2041 De
380 1997 441 2055 quo
459 1981 571 2040 Caesar
589 1979 620 2039 ln
646 1988 754 2040 senatu
774 1988 878 2054 aperte
891 1979 923 2039 in
947 1990 979 2043 te
994 1980 1127 2043 Invehere

108 2071 236 2136 questus
256 2073 313 2123 est.
360 2062 565 2123 Proficiscilur
584 2062 614 2122 in
628 2061 806 2137 Hispaniam
824 2063 940 2123 Caesar
964 2066 1074 2141 paucis
1087 2062 1128 2124 tibi

107 2145 147 2203 ad
163 2147 341 2206 solvendum
357 2154 483 2220 propter
499 2145 632 2221 inopiam
647 2155 727 2206 tuam
741 2146 913 2221 prorogatis
929 2146 1055 2210 diebus.
1095 2147 1128 2206 ll'e

107 2234 169 2286 tum
187 2227 307 2301 quidem
323 2229 472 2303 sequeris.
489 2230 562 2288 Tam
579 2229 680 2290 bonus
695 2227 844 2303 gladiator
855 2230 967 2290 rudem
986 2241 1047 2293 tam
1064 2233 1128 2292 citat

106 2308 194 2368 Hunc
208 2309 296 2383 igitur
307 2311 476 2386 quisquam,
492 2311 544 2387 qui
558 2314 587 2371 ln
610 2313 673 2372 suls
685 2311 830 2387 partibus,
842 2311 873 2373 id
887 2320 934 2374 est
948 2314 984 2374 in
1003 2315 1068 2377 suls
1082 2315 1128 2373 lor·

108 2390 196 2462 tanis
212 2400 270 2452 tam
285 2393 407 2454 timidus
423 2394 520 2468 luent,
538 2395 753 2470 pertimescat?

169 2475 258 2539 XXX.
282 2474 503 2538 terratenus
519 2487 566 2539 est
581 2478 744 2554 aliquando
760 2479 879 2539 tandem
895 2476 926 2538 in
942 2479 1129 2557 Hispaniam:

109 2559 164 2618 sed
181 2566 256 2632 tuto,
272 2569 305 2621 ut
319 2559 375 2633 ait,
391 2562 549 2634 pervenire
565 2579 624 2622 non
640 2561 745 2636 potuit.
790 2561 925 2634 Quonam
940 2566 1039 2625 modo
1054 2564 1131 2640 igitur

108 2641 264 2702 Dolabella
280 2642 438 2718 pervenit?
454 2646 516 2704 Aut
530 2661 589 2704 non
603 2644 798 2719 suscipienda
816 2645 870 2705 luit
882 2643 942 2705 ista
954 2661 1062 2720 causa,
1079 2648 1130 2705 An·

108 2723 180 2797 toul,
194 2733 253 2797 aut,
270 2743 362 2801 quum
374 2727 578 2802 suscepisses,
590 2728 781 2788 defendenda
793 2742 890 2801 usque
904 2729 946 2786 ad
961 2740 1131 2792 extremum.

108 2806 166 2865 Ter
192 2809 377 2885 depugnavit
397 2810 508 2869 Caesar
529 2826 598 2870 cum
619 2810 750 2883 civibus,
778 2810 807 2869 In
829 2811 1006 2886 Thessalia,
1029 2812 1131 2882 Alriea,

108 2888 264 2964 Hispania.
309 2891 455 2953 Omnibus
476 2893 572 2953 adluit
592 2893 639 2952 his
659 2893 768 2968 pugnis
783 2893 954 2953 Dolabella:
975 2894 1009 2955 in
1032 2895 1131 2968 HIspa·

109 2969 207 3033 niensi
222 2974 311 3035 etiam
323 2977 432 3035 vulnus
447 2975 575 3051 accepit.
608 2975 640 3036 Si
657 2978 696 3036 de
715 2993 781 3037 meo
798 2975 908 3035 indicto
925 2978 1062 3052 quaerIs,
1076 2978 1132 3036 nol·

111 3054 178 3112 lem.
223 3057 287 3118 Sed
304 3067 404 3118 tamen
427 3057 585 3118 consilium
606 3075 624 3117 a
646 3059 742 3134 primo
758 3059 1062 3134 reprehendendum,
1076 3064 1131 3119 lau·

109 3135 210 3196 danda
225 3140 402 3202 constantia.
445 3141 488 3201 Tu
504 3159 576 3202 vero
595 3143 666 3216 quid
682 3150 737 3202 est
758 3143 809 3204 Cn.
824 3143 959 3218 Pompeii
975 3144 1063 3204 liberi
1079 3153 1132 3203 tum

109 3221 237 3292 primum
254 3223 379 3296 patriam
395 3224 581 3299 repetebant.
603 3226 692 3286 Esto:
708 3226 797 3285 luerit
811 3225 886 3284 haec
903 3229 1034 3301 paullum
1046 3240 1132 3287 causa

111 3304 287 3364 communis.
311 3307 501 3381 Repetebant
513 3315 669 3381 praeterea
683 3309 759 3368 deos
775 3317 902 3382 penates
914 3311 1041 3384 patrios,
1059 3325 1131 3377 aras,

110 3382 212 3459 iocos,
229 3388 321 3446 larem
337 3405 425 3448 suum
442 3389 631 3463 familiarem,
652 3389 682 3451 in
699 3406 776 3464 quae
793 3398 824 3451 tu
842 3390 1010 3452 invaseras.
1055 3395 1130 3451 Haeo
