2340 3788
354 194 586 256 cnam-ss.
607 200 778 283 ssa—cr.
792 204 802 235 ³
1024 138 1092 266 Ι319

60 347 173 418 aculei,
194 344 222 406 si
237 362 315 420 quos
330 343 462 406 habuisti
482 343 513 404 in
534 361 582 405 me
604 340 879 420 reprehendendo,
895 356 997 409 amen
1018 348 1091 409 mihi

35 451 42 464 ··
60 448 122 489 non
142 430 248 502 ingrati
269 427 470 505 acciderunt..
497 426 548 490 59.
570 426 720 500 Quaesisti
740 434 839 488 utrum
854 429 925 489 mihi
944 440 1091 506 putarem,
1153 498 1157 504 ,

61 511 171 586 equitis
188 512 314 572 Romani
330 511 402 584 lilio,
416 510 581 572 faciliorem
596 509 693 570 luisse
708 511 748 576 ad
762 508 980 584 adipiscendos
995 514 1091 576 hono-

59 612 110 655 res
125 595 204 655 viam
219 611 257 654 an
273 595 403 657 futuram
418 609 489 667 essa
502 591 565 652 filio
579 601 658 665 mco,
675 591 746 668 quia
760 600 844 654 asset
860 595 1002 656 etamilia
1020 614 1091 658 con-

60 677 162 739 sulari.
202 677 269 753 Ego
284 694 358 738 vero
374 692 558 750 quamquam
571 674 615 735 illi
627 675 726 735 omnia
742 677 820 736 malo
837 693 928 750 quam
944 677 1031 752 mihi,
1047 689 1090 740 ta-

59 779 128 822 men
148 761 295 821 honorum
315 759 416 819 aditus
436 775 602 834 numquam
626 757 669 817 illi
690 758 849 820 ,faciliores
876 759 978 834 optavi
1002 776 1091 835 quam

58 843 130 904 mihi
145 845 272 904 luerunt.
317 840 394 914 Quin
408 843 514 915 etiam,
525 856 564 901 ne
581 842 659 901 torte
675 842 726 901 illa
741 841 861 905 sibime
879 843 981 916 potius
993 859 1089 917 pape·

57 929 136 987 risse
158 927 218 987 iam
231 927 366 986 honores
389 940 479 999 quam
495 923 552 984 iter
573 924 802 984 demonstrasse
820 924 1091 1000 adipiscendorum

58 1019 158 1085 patet,
171 1009 248 1069 haec
262 1008 305 1067 illi
321 1008 407 1067 soleo
425 1008 603 1082 praecipere
617 1024 860 1083 -vquamquam
874 1008 914 1068 ad
925 1016 1090 1083 praecepta

59 1102 143 1153 natas
158 1108 219 1157 non
235 1099 283 1150 est
299 1088 401 1164 gravis
414 1123 465 1162 -,
478 1106 557 1164 quac
569 1089 621 1149 ille
637 1090 741 1149 alove
757 1099 840 1160 ortus
855 1091 920 1151 suis
936 1092 1092 1166 praecepit

58 1175 144 1235 filiis:
179 1175 368 1248 Vipilandam
393 1180 438 1233 est
462 1166 594 1249 semper:
624 1175 734 1235 multae
757 1175 1091 1236 haulocaustoma.
1141 1240 1144 1250 ,

57 1257 144 1318 Nosti
161 1265 288 1317 caetera.
316 1255 443 1316 Nonnet
461 1257 503 1316 Id
515 1255 595 1331 qaod
603 1258 688 1317 multi
696 1259 856 1331 invideant,
873 1274 953 1333 quae
968 1256 1092 1332 scripsit

58 1341 160 1414 gravis
173 1345 201 1399 et
213 1337 391 1413 ingeniosus
404 1341 504 1414 pocta,
515 1337 638 1412 scripsit
652 1356 712 1399 non
727 1341 840 1402 atilios
853 1341 953 1415 regios
963 1357 1089 1416 pueros,

59 1424 111 1498 qui
130 1421 189 1483 iant
207 1437 359 1496 nusquam
373 1430 472 1494 erant,
488 1423 587 1482 sedat
603 1436 660 1481 nos
677 1430 707 1487 at
723 1423 976 1485 nostrosliberos
991 1425 1030 1484 ad
1047 1425 1091 1482 la·

57 1507 163 1564 horem
178 1512 207 1566 et
224 1506 264 1563 ad
277 1505 397 1564 laudem
413 1504 568 1565 excitaret.
678 1547 680 1554 ,
744 1503 747 1513 '

119 1587 169 1648 60.
186 1586 312 1660 Quaeris
334 1586 407 1662 quid
433 1586 565 1662 potuerit
585 1586 715 1661 amplius
733 1589 862 1662 adsequi
882 1588 1039 1663 Plancius,
1053 1588 1090 1648 si

58 1672 111 1731 Cn.
126 1669 280 1744 Scipionis
301 1669 410 1729 luisset
429 1670 519 1730 filius.
561 1669 659 1743 Magis
682 1670 790 1729 aedilis
811 1671 877 1731 fieri
894 1688 955 1731 non
973 1673 1089 1745 potuis·

58 1762 115 1826 set,
131 1753 188 1811 sed
203 1752 264 1811 hoc
280 1759 458 1825 praestaret,
473 1751 557 1826 quod
572 1749 600 1809 ei
616 1751 715 1812 minus
732 1753 927 1820 invideretur.
970 1753 1090 1814 Etenim

57 1837 209 1895 honorum
230 1833 343 1906 gradus
366 1832 493 1893 summis
513 1831 686 1894 hominibus
712 1842 743 1896 et
762 1834 873 1895 intimis
897 1842 967 1897 sunt
988 1851 1090 1909 pares,

57 1919 172 1992 gloriae
187 1915 337 1990 dispares.
351 1915 443 1977 XXV.
460 1915 533 2000 Quis
549 1922 685 1976 nostrum
700 1933 736 1977 se
752 1916 824 1978 dicit
838 1918 887 1979 Μ’.
904 1915 1003 1991 Curio,
1020 1918 1089 1991 quis

58 2003 89 2062 C.
102 1999 256 2072 Fabricio,
274 1996 343 2073 quis
359 1998 389 2057 C.
405 1997 505 2059 Duilio
520 2006 646 2073 parem?
661 1999 730 2074 quis
744 1999 835 2061 Atilio
851 2000 1005 2060 calaunot
1020 1999 1090 2074 quis

58 2085 111 2143 Cn.
128 2091 158 2142 el
173 2083 204 2140 P.
221 2079 441 2156 Scipionibus?
458 2081 525 2156 quis
540 2082 693 2158 Africano,
707 2083 861 2157 Marcello,
875 2083 1032 2143 Maximo?
1047 2092 1090 2143 ta·

58 2184 127 2226 men
143 2166 269 2225 eosdem
287 2179 393 2225 sumus
408 2165 558 2227 honorum
573 2167 685 2240 gratim
708 2182 786 2242 quos
809 2166 851 2227 illi
871 2165 1017 2227 adsecuti.
1040 2167 1090 2225 Et·

59 2249 139 2309 enim
154 2250 185 2310 in
199 2246 309 2307 virtute
324 2248 408 2308 multi
431 2256 502 2310 sunt
514 2265 672 2321 ascensus,
691 2258 723 2310 ut
737 2249 764 2309 is
777 2246 909 2310 maxime
925 2250 1022 2323 gloria
1037 2265 1090 2309 ex-

59 2332 161 2404 callot,
182 2331 234 2406 qui
248 2329 358 2390 virtute
372 2331 532 2405 plurimum
548 2341 697 2408 praestet:
720 2334 869 2394 honorum
892 2331 998 2408 populi
1018 2333 1089 2393 linis

59 2424 107 2476 est
121 2415 314 2475 consulatus:
332 2430 421 2490 quem
433 2417 639 2490 magistratum
653 2415 713 2476 iam
726 2416 890 2491 octingenti
904 2417 969 2476 tere
979 2432 1089 2476 conse-

60 2500 120 2558 cuti
135 2497 357 2569 sarchorum,
376 2497 404 2558 si
418 2498 576 2574 diiigenter
590 2515 729 2574 quaeres,
743 2499 796 2559 vix
809 2501 957 2560 decimam
973 2507 1090 2573 partem

59 2581 196 2657 reperies
217 2581 316 2655 gloria
329 2579 462 2654 dignam.
507 2582 569 2644 Sed
584 2599 672 2643 nemo
689 2598 832 2657 umquam
847 2582 892 2642 sic
907 2582 976 2655 egit,
992 2588 1026 2640 ut
1041 2587 1089 2640 tu:

60 2665 119 2724 Cur
132 2664 190 2725 iste
203 2665 237 2726 fit
254 2665 385 2724 consult
404 2664 478 2739 quid
495 2666 593 2743 potuit
605 2665 752 2740 amplius,
773 2665 800 2726 si
815 2666 849 2731 L.
862 2666 974 2726 Brutus
997 2672 1090 2735 esset,

61 2747 114 2823 qui
128 2748 278 2810 civitatem
293 2747 448 2809 dominatu
462 2750 545 2824 regio
560 2747 719 2809 liberavit?
735 2748 851 2810 honore
866 2747 938 2808 nihil
949 2745 1090 2820 amplius,

60 2831 152 2890 laude
166 2831 299 2890 multum.
336 2829 386 2891 Sic
401 2831 491 2906 igitur
506 2832 645 2892 Plancius
661 2831 754 2893 nihilo
769 2832 869 2892 minus
885 2838 1030 2905 quaestor
1044 2836 1091 2892 ast

60 2915 159 2973 lactus
174 2919 204 2973 et
216 2914 355 2978 tribanus
373 2915 471 2989 plebis
483 2923 513 2976 et
523 2913 630 2975 aedilis
643 2930 733 2990 quam
745 2914 773 2980 si
789 2923 872 2976 esset
887 2928 1005 2974 summo
1020 2914 1089 2974 loco

59 3002 164 3069 natus,
184 2997 240 3057 sed
254 2996 331 3058 haec
346 2999 412 3072 pari
427 2999 496 3059 loco
511 2997 568 3059 orti
582 3006 652 3059 sunt
662 2997 898 3058 innumerabiles
913 2995 965 3056 alii
979 3011 1089 3072 apuse-

59 3082 130 3140 cuti.
173 3077 223 3142 61.
237 3079 359 3141 Proters
373 3081 542 3157 triumphos
558 3080 591 3142 Τ.
604 3079 684 3141 Didii
700 3089 729 3144 et
746 3081 777 3140 C.
794 3081 891 3154 Marii,
906 3087 936 3140 et
951 3079 1088 3154 quaeris:

60 3163 138 3237 Quid
157 3162 255 3224 simile
268 3163 299 3239 in
314 3164 459 3227 Plancio?
480 3164 573 3238 Quasi
591 3180 663 3224 vero
680 3164 745 3238 isti,
767 3179 846 3240 quos
859 3178 1089 3235 commemoras,
1113 3238 1116 3247 Ι

59 3256 222 3322 propterea
237 3246 429 3321 magistratus
444 3249 596 3324 ceperint,
615 3247 698 3322 quod
721 3247 951 3323 triumpharant,
972 3254 1003 3307 et
1019 3261 1089 3316 non,

60 3330 133 3404 quia
149 3329 307 3391 commissi
322 3341 392 3394 sunt
406 3332 444 3392 iis
460 3331 668 3406 magistratus,
686 3331 715 3389 iu
736 3330 847 3405 quibus
864 3347 897 3390 re
909 3331 988 3389 bene
1003 3335 1090 3402 gesta

57 3413 287 3489 triumpharent
330 3415 433 3502 Rogas
455 3430 534 3492 quae
555 3421 655 3477 castra
675 3413 797 3476 viderit:
824 3413 876 3491 qui
901 3421 931 3472 at
951 3409 1037 3472 miles
1058 3408 1089 3470 ia
