2340 3788
100 199 165 267 212
367 186 369 191 '
400 198 473 260 PRO
488 197 521 258 Ρ.
538 197 665 261 SULLA
680 195 829 257 ORATIO.

106 357 183 416 torte
198 349 323 425 incipiat
336 349 491 424 improbus
505 345 605 409 subito
620 353 650 407 te
664 362 773 418 amare,
792 346 953 421 Torquate,
968 353 999 407 el
1011 345 1129 422 aliquid

103 450 232 512 sperare
246 433 286 493 de
303 441 346 504 te,
363 440 468 506 atque,
484 438 518 492 ut
530 429 621 490 iidem
638 445 744 490 omnes
761 426 939 502 exaudiant,
957 428 1129 491 clarissime

105 534 183 579 voce
197 516 310 576 dicam:
337 515 449 574 Harum
464 512 596 575 omnium
614 527 728 587 rerum,
751 528 828 586 quas
841 527 899 587 ego
921 511 951 570 in
968 514 1130 574 consulatu

105 616 162 678 pro
175 600 271 659 salute
281 597 326 659 rei
336 595 476 673 publicae
488 594 611 674 suscepi
622 605 713 670 atque
727 594 820 669 gessi,
832 594 866 653 L.
880 593 932 653 ille
943 593 1127 670 Torquatus,

107 699 200 760 quum
220 689 303 741 esset
319 695 409 755 ⁴meus
429 677 652 740 contubernalis
673 677 704 738 in
725 677 898 749 consulatu,
922 685 1016 751 atque
1038 679 1128 739 etiam

104 766 136 827 in
151 771 291 840 praetura
305 761 427 835 nisset,
441 770 560 834 auctor,
576 760 709 834 adiutor,
723 759 878 835 particeps
893 758 1016 831 exstitit,
1035 777 1129 836 quum

105 849 263 924 princeps,
284 862 376 921 quum
390 852 510 918 auctor,
531 861 622 918 quum
638 843 762 918 signiter
776 849 859 903 esset
872 839 1052 902 iuv‘enlutisz
1075 861 1129 918 pa-

104 946 176 990 rens
193 927 269 1001 eius,
285 928 376 987 bomo
391 925 614 987 amantissimus
624 926 748 1001 patriae,
763 924 885 985 maximi
901 923 1001 999 animi,
1018 925 1130 986 summi

107 1010 235 1084 consilii,
246 1008 406 1083 singularis
414 1009 608 1082 constantiae,
621 1026 712 1082 quum
720 1016 804 1069 esset
812 1023 912 1082 aeger,
926 1009 1129 1070 tarnenonrni·

92 1096 165 1156 ,bus
179 1093 271 1152 rebus
285 1090 345 1150 illis
358 1089 505 1150 interfuit:
528 1107 691 1166 numquam
705 1100 753 1152 est
767 1107 787 1150 a
801 1107 847 1150 me
861 1089 1037 1164 digressusz
1064 1099 1129 1152 stu-

107 1178 168 1248 dio,
183 1173 321 1244 consilio,
339 1170 516 1231 auctoritate
529 1190 608 1233 unus
625 1173 740 1234 adiuvit
753 1174 923 1248 plurimum,
938 1191 1031 1247 quum
1045 1172 1129 1233 infir-

105 1257 238 1319 mitatem
260 1253 397 1329 eorporis
417 1251 525 1312 virtute
546 1254 635 1315 animi
656 1265 823 1330 superaret.
864 1253 914 1316 35.
938 1255 1078 1317 Videsne
1096 1265 1131 1317 ut

107 1338 232 1411 eripiam
247 1346 281 1407 te,
291 1353 331 1397 ex
344 1335 551 1409 improborum
568 1337 666 1398 subita
678 1338 774 1412 gratia
787 1347 817 1398 et
830 1337 1023 1399 reconciliem
1038 1338 1129 1399 bonis

108 1418 269 1482 omnibust
285 1417 337 1493 qui
347 1425 377 1478 te
388 1425 418 1478 et
429 1416 555 1491 diligunt
570 1426 600 1478 et
612 1420 740 1483 retinent
752 1421 982 1497 retinebuntque
995 1437 1130 1496 semper,

107 1517 180 1575 nee,
204 1500 232 1561 si
245 1502 322 1561 lorte
336 1517 355 1560 a
368 1516 417 1560 me
431 1498 613 1574 desciveris,
636 1499 749 1565 idcirco
763 1511 792 1563 te
807 1521 826 1562 a
839 1521 873 1564 sc
887 1513 916 1565 et
929 1520 948 1564 a
961 1504 1131 1578 republica

108 1592 138 1644 et
152 1601 171 1643 a
183 1591 235 1644 tua
249 1582 393 1658 dignitate
409 1583 541 1643 delicere
558 1581 716 1657 patientur.
747 1586 808 1644 Sed
821 1587 879 1645 iam
893 1588 986 1646 redeo
1002 1588 1044 1647 ad
1057 1602 1130 1647 cau-

35 1732 36 1735 ,
108 1682 182 1738 aaut,
199 1673 291 1741 atque
304 1666 364 1726 hoc
379 1680 446 1737 vos,
459 1664 587 1738 iudices,
605 1672 712 1726 testor=
729 1666 850 1728 mihidc
861 1677 968 1729 memet
981 1668 1051 1744 ipso
1066 1677 1130 1729 tem

108 1750 200 1811 multa
214 1747 335 1809 dicendi
351 1747 519 1808 necessitas
534 1749 683 1823 quaedam
697 1746 839 1823 imposita
849 1759 897 1810 est
909 1753 947 1810 ab
963 1751 1024 1812 illo.
1051 1750 1131 1810 Nam

108 1832 136 1893 ai
158 1832 328 1905 Torquatus
350 1831 462 1891 Sullam
490 1832 589 1892 solum
614 1840 806 1903 accusasset,
836 1847 892 1906 ego
920 1849 1042 1908 quoque
1067 1833 1130 1894 boc

107 1922 244 1990 tempore
262 1913 336 1974 nihil
352 1913 435 1973 aliud
454 1929 574 1989 agerem
594 1913 653 1974 nisi
672 1928 757 1987 eum,
785 1913 837 1989 qui
858 1923 1017 1977 accusatus
1035 1924 1131 1989 esset,

108 1997 318 2068 delenderem,
335 1996 390 2055 sed
406 2013 498 2070 quum
512 1996 563 2056 ille
583 2003 646 2057 tota
661 1995 797 2057 oratione
816 1995 868 2054 illa
881 1995 910 2054 in
926 2012 974 2055 me
987 2008 1070 2060 esset
1083 1999 1131 2058 in-

108 2088 231 2149 vectus,
247 2090 277 2140 et
291 2096 398 2154 quum,
415 2087 449 2138 ut
462 2077 545 2138 initio
563 2078 641 2151 dixi,
656 2078 866 2139 defensionem
882 2095 980 2138 meam
996 2081 1132 2155 spoliare

109 2159 286 2220 auctoritate
304 2160 466 2232 voluisset,
495 2160 584 2221 etiarn
604 2162 630 2220 si
650 2177 735 2221 meus
752 2161 840 2220 dolor
860 2162 1048 2234 respondere
1068 2180 1133 2224 non

110 2249 241 2314 cogeret,
256 2250 354 2303 tamen
366 2242 434 2317 ipsa
448 2259 542 2303 causa
555 2243 633 2303 bane
648 2260 666 2302 a
680 2260 728 2302 rne
743 2243 910 2304 orationem
920 2243 1132 2318 flagitavisset.

191 2324 337 2385 x111.36.
358 2327 406 2385 Ab
421 2325 636 2398 Allobrogibus
656 2325 842 2386 nominatum
860 2326 973 2386 Sullam
993 2342 1063 2386 esse
1084 2327 1133 2385 dl·

110 2404 164 2466 cis.
193 2405 265 2478 Quis
280 2414 389 2482 negata
410 2407 473 2468 Sed
485 2409 552 2481 lege
565 2406 708 2467 indicium
723 2417 752 2469 et
765 2408 836 2470 vide
852 2408 1134 2483 quemadmodum

14 2528 19 2543 .
110 2486 279 2550 nominatus
301 2489 348 2550 sit.
377 2491 424 2550 ἰ.
445 2489 583 2550 Cassium
607 2490 748 2552 dixerunt
775 2507 1029 2553 commemorasse
1063 2507 1135 2552 cum

110 2570 238 2632 caeteris
246 2571 425 2632 Autronium
436 2588 540 2632 secum
552 2576 661 2633 iacere.
685 2575 802 2648 Quaero
814 2591 885 2635 num
898 2575 1011 2635 Sullam
1021 2574 1135 2635 dixerit

110 2655 256 2714 cassiusr
285 2655 448 2731 Nusquam.
492 2655 567 2715 Sese
588 2657 671 2717 aiunt
692 2658 851 2731 quaesisse
876 2659 914 2717 de
931 2656 1037 2717 Cassio
1059 2658 1136 2731 quid

110 2735 194 2796 Sulla
209 2736 342 2798 sentiret.
380 2737 490 2798 Videte
511 2737 694 2813 diligentiam
709 2740 877 2801 Gallorum:
901 2740 953 2814 qui
969 2739 1059 2799 vitam
1076 2739 1135 2798 lro-

109 2819 221 2880 minum
235 2828 431 2895 naturamque
451 2836 511 2880 non
534 2830 661 2881 nossent
676 2836 713 2881 ae
733 2830 846 2887 tantun
867 2823 1055 2884 audivissent
1074 2837 1134 2881 eos

109 2902 175 2974 pari
187 2902 353 2969 calamitate
363 2919 442 2974 esse,
460 2904 674 2979 quaesiverunt
687 2915 830 2965 essentne
840 2905 944 2965 eadern
959 2905 1134 2965 voluntate!

111 2980 188 3053 Quid
208 2993 268 3045 turn
287 2985 432 3046 Cassiusl
462 2985 494 3046 Si
513 2987 724 3062 respondisset
741 2987 822 3048 idem
843 2987 954 3048 sentire
973 2995 1004 3047 et
1025 3003 1136 3047 seeum

110 3064 211 3124 lacere
226 3067 353 3140 Sullam,
378 3078 476 3130 tamen
492 3069 564 3130 milri
584 3087 644 3130 non
664 3069 818 3131 videretur
836 3071 866 3130 in
886 3072 967 3130 hunc
985 3070 1017 3131 id
1032 3069 1135 3130 crimi-

110 3161 219 3205 nosum
234 3164 303 3210 esse
320 3152 442 3212 debere.
469 3149 549 3226 ‘Quid
568 3151 630 3213 ltat
657 3152 733 3226 Quia
753 3154 805 3229 qui
824 3154 971 3214 barbaros
990 3152 1135 3215 homines

110 3229 149 3286 ad
169 3227 280 3290 bellum
299 3231 481 3307 impelleret,
509 3250 570 3295 non
591 3234 720 3296 debebat
741 3237 874 3296 minuere
891 3236 979 3296 illoru
1029 3236 1136 3311 suspi-

111 3309 228 3371 cionem
242 3320 272 3372 et
288 3330 417 3388 purgare
434 3333 502 3390 eos,
518 3317 682 3393 dequibus
697 3318 739 3378 illi
754 3319 867 3395 aliquid
882 3320 969 3395 suspi
1006 3318 1031 3378 ri
1045 3320 1134 3380 vide-

110 3401 220 3455 rentur.
249 3392 299 3456 37.
316 3397 381 3457 Non
392 3399 549 3474 respondit
563 3407 661 3460 tamen
676 3417 736 3461 una
748 3402 849 3464 lacere
861 3402 982 3467 Sullam.
1011 3399 1134 3464 Etenim
