2340 3788
204 190 210 201 ·
317 134 812 256 caan-esum.
875 264 879 279 „
1063 184 1111 254 'er

81 329 227 405 eipemnt
240 329 338 393 oculis
352 346 443 406 quam
458 334 591 407 populus
604 333 767 393 Romam.
798 328 860 391 lete
872 331 947 406 petit
961 350 980 394 ι
993 350 1066 410 rege
1080 347 1110 398 et

81 428 157 473 eum
174 411 310 486 pluribus
324 412 427 474 verbis
440 424 541 492 rogat,
555 423 589 476 ut
601 414 633 474 id
647 415 686 473 ad
701 427 736 470 se
749 411 859 473 mittam
881 430 993 489 cupere
1008 434 1043 479 se
1063 421 1108 480 di·

83 494 127 555 eit
152 494 306 570 inspicere
332 512 436 570 neque
456 513 491 558 se
511 497 579 558 aliis
595 493 719 555 videndi
732 501 911 567 potestatem
926 514 997 558 esse
1012 501 1107 562 lactu·

85 594 163 638 rum.
191 575 243 638 ab.
271 577 459 650 Antiochus,
489 580 539 655 qui
560 577 659 636 animo
682 582 713 634 et
733 578 842 649 puerili
860 588 945 639 esset
962 590 994 642 et
1011 584 1105 658 regio,

84 658 167 719 nihil·
181 661 222 720 de
242 660 330 722 istius
350 661 542 736 improbitate
555 655 728 730 suspicatus
749 665 812 717 est=
833 658 960 733 imperat
981 665 1060 739 suis,
1074 677 1107 727 ut

83 743 118 803 id
140 743 175 801 in
200 743 387 818 praetorium
412 742 578 803 involutum
603 754 693 812 quam
717 738 922 802 occultissime
946 746 1105 810 deterrent

86 825 151 900 Quo
180 833 291 900 postea
314 841 405 901 quam
423 824 591 883 attulerunt
609 820 838 897 involucrisque
859 823 980 885 reiectis
995 831 1106 891 consti·

84 916 224 982 morunt,
242 911 371 968 clamare
384 908 442 964 iste
455 904 570 978 coepit,
582 903 704 978 dignam
717 921 782 965 rem
796 920 866 966 esse
881 923 976 981 regno
988 909 1106 988 Syriae,

85 993 208 1066 dignam
233 991 317 1065 regio
342 1001 478 1056 munere,
505 987 625 1060 dignam
650 987 809 1063 Capitolio.
844 989 963 1049 Etenim
984 1003 1048 1054 erat
1067 1010 1105 1055 eo

83 1071 337 1151 splendorep'qui
358 1085 396 1128 ex
417 1067 592 1130 clarissimis
612 1078 642 1131 et
663 1071 874 1145 pulcherrimis
888 1074 1016 1148 gemmis
1035 1092 1107 1137 esse

85 1156 232 1218 debebam
254 1170 293 1214 ea
305 1151 448 1210 varietate
463 1166 606 1227 operum,
625 1162 659 1213 ut
672 1169 722 1214 ars
737 1163 854 1215 certare
867 1156 1023 1218 videretur
1036 1174 1105 1219 cum

84 1239 190 1317 copim
205 1254 242 1297 ea
254 1231 474 1306 magnitudine,
494 1243 527 1295 ut
539 1234 666 1310 intelligi
679 1245 787 1312 posset
804 1255 866 1297 nun
889 1240 929 1298 ad
948 1240 1105 1301 hominum

82 1328 275 1397 apparatum,
290 1315 347 1374 sed
360 1316 400 1376 ad
413 1317 591 1392 amplissimi
604 1319 708 1394 templi
728 1328 865 1380 ornatum
888 1338 959 1383 esse
982 1324 1104 1384 laetum

83 1398 269 1478 Quum‘satis
285 1396 345 1456 iam
358 1401 558 1475 perspexisse
578 1401 745 1477 videretur,
766 1404 872 1465 tollere
887 1405 1061 1481 incipiunt,⁸
1071 1416 1105 1467 ul

80 1488 236 1545 referrent
266 1481 327 1541 lste
341 1481 384 1543 ait
400 1499 435 1544 se
449 1484 527 1544 velle
541 1484 616 1546 illud
633 1484 723 1546 etiarn
738 1496 830 1563 atque
850 1487 940 1548 etiarn
962 1490 1103 1551 conside·

78 1581 163 1629 rarat
177 1579 372 1642 nequaquam
387 1582 424 1629 sc
437 1581 510 1628 esse
524 1569 674 1629 sudatum.
703 1570 789 1630 lubet
802 1569 872 1630 illos
889 1570 1049 1633 discedere
1074 1580 1103 1632 et

77 1649 295 1712 candelabrum
313 1650 496 1725 relinquere.
527 1650 579 1710 Sic
597 1651 642 1710 illi
662 1659 723 1711 turn
740 1651 846 1712 inanes
861 1653 907 1712 ,ad
918 1655 1103 1716 Antiochtun

76 1741 282 1795 revertuntur.-

160 1815 266 1875 xxix
294 1814 345 1874 66.
373 1815 442 1872 Rex
461 1813 559 1887 primo
581 1812 656 1871 nihil
675 1823 824 1886 metuere,
844 1815 917 1874 nihil
938 1818 1102 1895 suspicarit

76 1899 144 1960 dies
161 1912 259 1966 unus,
275 1897 364 1966 alter,
383 1895 504 1969 pluresr
522 1910 583 1953 uon
599 1894 713 1953 referri.
743 1896 817 1955 Tum
833 1895 935 1968 mittit,
960 1897 986 1956 si
1001 1899 1103 1958 videa-

75 1990 138 2054 tur,
154 1985 191 2037 ut
202 1977 319 2038 reddat.
350 1976 506 2038 lubetiste
520 1975 673 2052 posterius
687 1977 777 2037 adse
790 1977 911 2038 reverti.
941 1978 1048 2039 Mirum
1061 1980 1104 2039 illi

76 2061 189 2125 rideri.
220 2058 309 2121 Mittit
321 2058 445 2120 iteruin=
475 2077 536 2121 non
555 2059 700 2120 redditur.
734 2061 804 2135 lpse
825 2059 977 2121 hominem
997 2063 1103 2137 appel·

76 2150 133 2208 lats
148 2150 239 2218 rogat
252 2153 286 2204 ut
299 2142 417 2204 reddat.
447 2141 489 2203 0s
502 2142 633 2204 hominis
653 2142 866 2218 insignemque
886 2143 1102 2218 impudentiam

78 2225 267 2304 cognoscite.
296 2226 385 2300 Quod
399 2227 506 2303 sciret,
522 2227 606 2302 quod
621 2242 661 2286 ex
675 2227 744 2301 ipso
759 2242 833 2301 rege
854 2227 990 2288 audisset
1001 2228 1032 2288 in
1047 2227 1101 2289 ca·

77 2310 186 2388 pitolio
207 2326 278 2370 esse
297 2310 490 2393 ponendum,
516 2311 601 2385 quod
614 2311 678 2370 lovi
707 2309 821 2386 optimo
846 2310 994 2385 maximo,
1018 2313 1102 2386 quod

78 2394 196 2471 populo
209 2393 347 2454 Romano
363 2392 478 2454 servari
493 2393 626 2466 videret,
651 2392 683 2452 id
707 2393 766 2454 sihi
785 2401 819 2454 ut
831 2393 970 2465 donaret,
992 2410 1101 2468 rogare

78 2486 110 2538 et
126 2475 393 2537 vehementissime
409 2483 513 2551 petere
528 2475 638 2550 coepit.
672 2477 770 2551 Quum
790 2476 841 2536 ille
855 2493 890 2537 se
904 2486 934 2539 et
955 2477 1102 2549 religione

78 2559 164 2621 lovis
180 2558 338 2633 Capitolini
352 2566 384 2618 et
400 2556 554 2618 hominum
576 2558 796 2621 existimatione
814 2558 955 2635 impediri
978 2558 1100 2628 diceret,

78 2643 166 2719 quod
179 2644 289 2702 multae
305 2640 444 2702 nationes
455 2649 549 2701 testea
565 2650 670 2701 essent
687 2642 768 2704 illius
782 2642 885 2717 operis
902 2657 939 2700 ac
960 2638 1102 2711 muneris,

78 2727 138 2788 iste
162 2724 276 2786 homini
300 2724 408 2785 minari
430 2722 576 2783 acerrime
598 2724 706 2798 coepit.
737 2725 796 2786 Ubi
816 2725 899 2784 videt
919 2737 988 2780 eum
1009 2720 1102 2781 nihilo

77 2807 177 2884 magis
190 2807 280 2867 minis
296 2804 386 2882 qua'm
399 2807 543 2882 precibus
565 2807 730 2879 removeri,
749 2814 875 2881 repente
895 2803 1046 2864 hominem
1063 2804 1102 2865 de

78 2890 239 2968 provincia
249 2891 333 2950 iubet
346 2898 416 2950 ante
431 2898 550 2950 noctem
565 2889 729 2949 decederet
749 2889 791 2950 ait
812 2904 846 2948 se
860 2885 1047 2960 comperisse
1061 2903 1101 2956 ex

79 2976 149 3037 eius
163 2989 259 3048 regno
275 2973 389 3048 piratas
404 2974 444 3032 ad
459 2972 591 3033 Siciliam
607 2986 677 3030 esse
691 2980 846 3032 venturos.
877 2967 928 3030 ot.
960 2971 1025 3030 Rex
1039 2987 1100 3032 tna-

77 3058 162 3119 ximo
177 3066 330 3118 conventu
341 3055 519 3131 Syracusis,
540 3055 570 3115 in
586 3057 668 3125 loro,
690 3070 727 3113 ne
750 3055 818 3129 quis
840 3054 916 3112 lorte
930 3068 977 3113 me
990 3053 1021 3115 in
1043 3053 1102 3114 cri-

78 3141 161 3201 mine
175 3141 309 3200 obscuro
320 3139 437 3200 versari
451 3148 543 3213 atque
556 3139 710 3212 adfingere
724 3135 839 3211 aliquid
856 3136 1029 3211 suspicione
1045 3137 1100 3196 ho·
1125 3165 1134 3183 ·

78 3224 194 3285 minum
214 3223 387 3293 arbitretur,
411 3221 441 3280 in
463 3223 544 3296 loro,
566 3218 886 3296 inquam‚=Syracusis
909 3219 988 3280 llens
1009 3230 1101 3291 atque

77 3309 157 3368 deos
171 3305 373 3381 hominesque
390 3313 580 3376 contestans,
603 3305 732 3365 clamare
748 3301 862 3378 coepit,
885 3303 1100 3364 candelabrum

78 3391 193 3452 laetum
208 3387 379 3463 egenunis,
395 3388 477 3463 quod
491 3385 522 3447 in
538 3386 715 3463 Capitolium
728 3385 890 3528 missurus5
897 3394 995 3498 gosem
1017 3379 1098 3456 quod
