2340 3788
115 192 158 273 ῃ
282 186 356 247 nno
374 184 457 245 surr.
471 182 609 244 Roscio
623 183 798 251 nimaina
815 171 967 244 cauno.

117 340 222 414 digna,
242 346 341 396 tumen
357 336 416 395 boc
430 334 504 394 nihil
519 350 621 409 neque
641 333 782 394 acerbius
799 350 900 411 neque
914 333 1053 411 iniquius
1068 354 1134 412 pro

117 420 188 482 ierri
201 426 318 494 potest=
335 418 440 479 mortis
450 425 595 490 paternae
605 416 645 475 de
656 415 755 476 servis
771 416 906 491 paternis
923 421 1130 491 quaestionem

115 504 228 564 babere
244 501 306 562 tilio
320 516 382 561 non
395 499 481 560 'licet
515 500 560 560 Ne
576 508 637 558 tam
657 498 709 559 diu
725 498 848 574 quidem
866 498 1007 560 domiuus
1030 502 1131 565 eritin

117 602 201 655 suae,
219 585 290 645 dum
304 600 344 644 ex
358 582 396 644 iis
407 584 446 642 de
458 583 552 657 patris
567 590 663 642 morte
679 588 862 657 quaeratur?
880 580 1021 655 Veniam,
1037 600 1130 661 neque

115 669 157 731 ita
172 668 265 727 multo
280 676 367 743 post,
384 666 516 726 adhunc
532 667 648 725 iocum:
670 681 739 723 nam
761 665 821 724 boc
837 673 931 726 toturn
946 664 987 725 ad
1003 664 1129 729 Roscios

115 750 259 827 pertinet,
287 751 325 810 de
349 764 478 824 quorum
499 745 628 808 audacia
648 755 712 807 tum
734 763 782 807 me
811 742 962 808 dicturuni
982 748 1128 823 poilicibus

116 851 201 906 sum,
223 850 315 908 quum
341 831 441 892 Erucii
469 828 594 890 crimina
621 830 787 891 diluissem.
825 830 928 891 xxttt
952 828 1002 894 79.
1034 832 1127 903 Nunc,
1165 862 1168 867 ·

114 915 220 990 Eruci,
246 918 286 975 ad
298 925 328 976 te
343 914 443 978 venio.
475 913 640 974 Conveniat
662 912 735 975 mihi
754 922 855 974 tecum
876 930 1008 975 neccsse
1022 924 1083 990 est,
1104 914 1128 977 si

115 1000 245 1061 adhunc
260 999 440 1058 maleficium
455 997 536 1057 istud
550 996 694 1071 pertinet,
717 1005 769 1056 aut
781 995 882 1070 ipsum
904 1013 961 1057 sua
980 1014 1074 1061 mauu
1091 1000 1127 1059 ie
1162 1032 1166 1037 -

115 1083 210 1153 cisse,
232 1082 264 1141 id
287 1083 370 1155 quod
392 1095 502 1155 negas,
524 1087 576 1139 aut
596 1095 650 1153 per
668 1077 789 1154 aliquos
810 1079 924 1140 liberos
941 1088 996 1141 aut
1016 1097 1127 1143 servos

113 1166 301 1226 Libercsnet
321 1180 398 1237 quos
414 1179 515 1237 neque
526 1172 558 1222 ut
572 1162 735 1222 convenire
750 1162 881 1237 potuerit
894 1178 996 1237 neque
1012 1180 1075 1238 qua
1086 1178 1128 1225 ra·

113 1248 196 1309 tione
209 1246 354 1305 inducere
370 1263 471 1320 neque
484 1245 536 1305 ubi
551 1260 650 1321 neque
664 1261 720 1321 per
734 1262 811 1320 quos
823 1262 924 1321 neque
937 1262 1000 1323 qua
1011 1263 1070 1323 spe
1082 1254 1129 1307 aut

116 1345 176 1404 quo
189 1327 292 1402 precio
310 1336 398 1402 potes
412 1330 583 1390 ostendere.
620 1329 685 1403 Ego
702 1338 807 1389 contra
820 1330 949 1389 ostendo
965 1345 1028 1391 nou
1042 1329 1127 1391 modo

114 1410 187 1471 nihii
202 1426 307 1471 eorum
322 1411 433 1472 fecisse
449 1411 519 1471 Sex.
533 1411 694 1485 Roscium,
718 1412 775 1471 sed
795 1428 834 1471 ne
847 1411 987 1487 potuisse
1010 1412 1127 1489 uiridem

114 1495 231 1564 facere,
254 1494 336 1568 quod
354 1509 454 1568 neque
473 1495 587 1554 Romae
607 1495 708 1554 multis
734 1494 821 1554 annis
847 1495 937 1556 fuerit
965 1511 1066 1571 neque
1093 1495 1128 1557 de

114 1575 248 1651 praediis
263 1592 407 1650 umquam
421 1585 534 1636 temere
549 1576 734 1636 discesserit.
768 1578 895 1639 Restare
909 1577 963 1639 tibi
974 1578 1127 1641 videbatur

114 1675 271 1719 servorum
287 1675 411 1734 nomen,
434 1676 494 1734 quo
516 1659 605 1734 quasi
624 1659 654 1719 in
675 1668 794 1734 portum
814 1661 945 1723 reiectus
965 1678 986 1721 a
1003 1660 1127 1737 caeteris

116 1740 342 1816 suspicionibus
356 1745 521 1818 confugere
537 1759 665 1817 posses,
678 1743 731 1803 ubi
745 1745 904 1817 scopulum
919 1744 1049 1807 offendis
1064 1743 1128 1805 eius

114 1824 211 1897 modi,
232 1834 264 1886 ut
284 1843 345 1886 non
365 1827 456 1887 modo
476 1827 514 1886 ab
534 1825 593 1888 hoc
615 1827 726 1887 crimen
747 1826 864 1887 resilire
882 1827 1004 1900 videas,
1022 1844 1128 1889 verum

114 1925 233 1969 omnem
262 1909 469 1984 suspicionem
489 1910 521 1969 iu
546 1919 666 1971 vosmet
690 1909 777 1984 ipsos
803 1910 940 1971 recidere
970 1909 1127 1985 intelligas.
1161 1948 1166 1957 ι

112 1991 162 2053 80.
185 1991 262 2065 Quid
278 2009 351 2067 ergo
366 2003 414 2054 est
428 2010 488 2068 quo
503 1994 624 2054 tandem
639 1999 797 2053 accusator
818 1992 922 2068 inopia
940 2002 1127 2071 argumento·

82 2116 91 2121 -
112 2091 178 2135 rum
195 2075 384 2148 confugerim
413 2075 486 2135 Eius
499 2075 581 2135 modi
594 2085 714 2149 tempus
725 2083 804 2149 erat,
819 2075 930 2150 inquit,
944 2084 979 2137 ut
991 2077 1128 2139 homines

112 2156 202 2230 vulgo
217 2157 339 2230 impune
354 2157 576 2231 occiderentur,
600 2174 694 2231 quare
706 2164 739 2217 tu
752 2159 811 2218 hoc
827 2168 953 2234 propter
967 2159 1127 2221 multitudi-

112 2253 181 2297 nem
198 2235 375 2297 sioariorum
395 2241 477 2300 nulio
496 2240 624 2314 negocio
641 2242 742 2301 facere
757 2240 891 2316 potuisti.
923 2241 1046 2303 interim
1059 2241 1135 2305 mibi.
1157 2286 1160 2291 ,

111 2318 241 2393 videris,
255 2320 360 2393 Eruci,
372 2338 433 2381 una
447 2324 588 2382 mercede
601 2324 677 2383 duas
691 2341 741 2384 res
755 2324 884 2398 adsequi
899 2327 993 2398 velie,
1013 2342 1075 2387 uos
1086 2325 1126 2387 iu·

111 2401 192 2461 dicio
211 2404 408 2479 pertundere,
425 2421 572 2466 accusare
588 2415 687 2467 autem
701 2424 756 2469 eos
771 2407 873 2481 ipsos,
890 2407 1036 2483 aquibus
1053 2424 1126 2469 met·-

111 2485 217 2546 cedem
232 2486 387 2560 accepisti.
411 2487 488 2561 Quid
504 2489 571 2548 aist
595 2492 695 2564 Vulgo
710 2490 945 2571 occidebanturt
975 2490 1034 2551 Per
1051 2507 1126 2567 quos
1162 2532 1166 2572 2

112 2577 142 2629 et
155 2585 174 2628 a
195 2568 328 2644 quibust
372 2570 478 2633 Nonne
494 2571 610 2646 cogitas
623 2582 654 2634 te
669 2591 688 2633 a
704 2571 876 2633 sectoribus
887 2572 947 2634 huc
963 2574 1127 2637 adductum
1167 2642 1168 2646 ,

110 2660 202 2712 essct
238 2653 472 2734 Quidfflposteat
505 2654 662 2717 Nescimus
681 2672 737 2731 per
754 2655 813 2716 ista
837 2664 977 2732 tempora
1001 2659 1127 2719 eosdem
1167 2725 1170 2732 Δ

110 2735 173 2795 iere
187 2744 324 2799 sectores
338 2737 434 2796 fuisse
449 2739 594 2798 collorum
610 2749 640 2801 et
659 2741 828 2800 bonorumr
857 2739 909 2802 81.
940 2739 964 2800 li
983 2741 1126 2818 denique,
1169 2817 1170 2820 Ἴ

111 2816 163 2888 qui
184 2828 247 2880 tum
266 2819 371 2881 armati
392 2818 459 2880 dies
485 2828 653 2898 noctesque
679 2823 916 2896 concursabant,
940 2823 993 2898 qui
1011 2825 1127 2886 Romae

109 2909 194 2960 erant
207 2902 342 2975 adsidui,
360 2902 411 2978 qui
425 2904 507 2964 omni
521 2914 657 2980 tempore
670 2906 700 2965 in
721 2906 836 2981 praede
854 2916 884 2967 ct
903 2905 957 2980 [iu]
979 2907 1126 2983 sanguina

111 2983 320 3057 versabantur,
342 2985 415 3046 Sex.
429 2987 542 3048 Roscio
557 2988 701 3064 temporis
716 2988 797 3049 iilius
811 2990 1005 3050 acerbitatem
1018 2988 1125 3067 iniqui·

111 3070 264 3138 cutemque
285 3067 448 3130 obiicientt
470 3079 500 3131 et
524 3070 605 3131 illurn
630 3071 808 3131 sicariorum
833 3072 1071 3150 multitudinem,
1096 3071 1126 3134 in

11 3195 13 3200 .
109 3162 170 3219 qua
188 3147 249 3222 ipsi
274 3149 369 3210 duces
391 3168 427 3212 ao
447 3153 601 3229 principes
621 3163 719 3225 crant,
743 3154 813 3216 huic
841 3155 957 3217 crimini
978 3156 1127 3232 putabunt

107 3228 187 3301 iore,
209 3230 262 3305 qui
280 3246 342 3291 non
362 3236 453 3294 modo
469 3237 584 3297 Romae
600 3236 743 3309 nonfuit,
767 3239 823 3298 sed
838 3239 960 3301 omnino
977 3240 1053 3316 quid
1066 3240 1125 3301 Ro·

106 3327 173 3371 mae
186 3322 326 3387 ageretur
342 3317 479 3391 nescivit,
494 3329 657 3394 propterea
670 3320 752 3395 quod
766 3321 828 3381 ruri
843 3322 1001 3393 adsiduus
1021 3338 1125 3398 quem-

105 3393 268 3458 admodum
289 3405 350 3458 tute
372 3400 541 3474 confiteris,
565 3403 640 3463 iuitt
673 3402 723 3497 ⁸2:
761 3406 876 3466 Vereor
901 3421 940 3465 ne
961 3414 1014 3466 aut
1032 3407 1125 3466 mole
1169 3467 1170 3479 ,
