2340 3788
77 182 142 245 ³02
344 184 419 246 PRO
434 184 491 244 cit.
506 182 668 243 PLANCIO
687 181 837 242 ORATIO.

75 338 136 400 tuis
158 353 197 397 ne
215 333 539 410 ltpopuloiudicatum
554 345 625 394 esse
643 333 791 393 videatur.
833 332 899 391 Non
915 332 997 395 enim
1014 339 1112 399 comi·
1163 385 1166 392 .

75 421 125 481 tiis
139 418 253 478 iudicat
267 432 389 492 semper
403 418 546 491 populus,
571 417 627 476 sed
647 422 785 477 movetur
799 416 980 491 plerumque
995 423 1111 493 gratim

77 503 157 563 cedit
170 501 330 577 precibusz
354 498 428 558 lacit
440 515 511 573 eos,
525 516 545 560 a
558 499 670 574 quibus
686 507 734 559 est
745 498 876 558 maxime
891 500 1041 562 ambitum
1056 505 1110 564 de-

76 587 176 661 nique,
193 586 282 644 etiam
298 583 325 642 si
338 581 460 656 iudicat,
481 600 542 642 non
563 584 682 642 delectu
697 580 799 655 aliquo
816 591 869 641 aut
886 582 1040 658 sapientia
1054 587 1111 648 du-

77 668 153 729 citur
172 666 436 737 adiudicandum,
457 667 512 725 sed
529 666 643 740 impetu
660 681 722 725 non
741 680 904 739 numquam
927 675 957 726 et
973 671 1110 742 quadam

1 796 2 799 η
77 750 167 811 etiam
184 751 362 809 temeritate.
405 748 471 807 Non
486 759 534 808 est
547 749 627 808 enim
642 746 800 808 consilium
816 748 848 806 in
863 750 964 822 vulgo,
981 766 1046 811 nou
1061 770 1109 813 ra·

75 833 133 907 tio,
149 849 210 892 non
229 832 408 903 discrimen,
422 847 484 891 non
501 830 672 906 diligentia:
690 846 873 905 semperque
887 831 1047 906 sapientes
1061 852 1113 907 ea,

77 932 155 991 quoe
166 918 300 992 populus
315 913 454 986 lecisset,
473 916 611 986 ferendo,
627 929 688 973 non
703 929 824 986 semper
839 914 995 976 laudanda
1010 919 1108 979 duxe-

78 1007 157 1060 runt.
202 998 267 1071 Oua
279 1015 314 1058 re
330 1014 423 1072 quum
434 1006 463 1056 te
475 996 602 1057 aedilem
617 997 684 1056 fieri
701 996 873 1072 oportuisse
889 997 981 1071 dicis,
999 1001 1109 1075 populi

77 1084 213 1157 cuipam,
236 1098 296 1141 non
319 1079 524 1155 competitoris
544 1095 684 1140 accusas.
735 1078 785 1139 10.
805 1079 845 1139 Ut
865 1081 959 1140 fueris
984 1083 1109 1156 dignior

78 1180 169 1242 quum
182 1163 336 1225 Plancium
355 1164 465 1237 dequo
481 1163 554 1237 ipso·
565 1170 663 1223 tecum
675 1162 717 1223 ita
728 1163 908 1222 contendam
918 1166 1012 1238 paulo
1023 1170 1107 1240 post,

75 1257 110 1309 ut
122 1262 304 1308 conservem
328 1245 502 1319 dignitatem
519 1252 614 1307 tuam:
638 1246 708 1317 sed,
721 1253 754 1304 ut
774 1245 867 1306 lucris
888 1245 1025 1321 dignior,
1044 1264 1108 1307 non

77 1332 263 1405 competitor,
277 1346 296 1390 a
310 1346 371 1403 quo
386 1345 420 1388 es
436 1328 549 1400 victus,
563 1329 619 1389 sed
635 1329 778 1403 populna,
794 1345 813 1387 a
830 1345 891 1402 quo
906 1345 941 1388 es
956 1331 1106 1404 praeteri-

75 1423 135 1485 tus,
149 1413 179 1472 in
197 1413 288 1486 culpa
305 1419 362 1471 est.
405 1413 438 1469 ln
454 1429 514 1486 quo
533 1411 660 1486 primum
677 1411 751 1471 illud
767 1412 862 1472 debes
874 1420 992 1486 putare,
1011 1413 1106 1475 comi-
1160 1452 1163 1457 -

75 1495 136 1569 tiis,
149 1494 328 1569 praesertim
339 1493 494 1566 aediliciis,
510 1495 642 1555 studium
653 1509 724 1554 esse
735 1495 848 1569 populi,
862 1510 924 1555 non
937 1492 1106 1557 iudicium:

76 1578 227 1639 eblandita
242 1579 308 1651 illa,
325 1594 385 1636 non
400 1578 556 1638 enucleata
574 1594 643 1638 esse
659 1576 816 1651 suffragia:
838 1593 904 1650 eos,
918 1577 970 1651 oui
987 1578 1106 1639 suffra·
1165 1622 1168 1628 .

75 1661 159 1737 gium
173 1663 283 1734 lerant,
308 1660 381 1737 quid
405 1661 514 1736 cuique
533 1661 593 1737 ipsi
607 1661 737 1722 debcant
757 1659 946 1721 considerare
970 1662 1105 1735 saepius

76 1760 166 1821 quam
183 1744 256 1822 quid
272 1742 383 1819 cuique
397 1761 416 1804 a
432 1760 465 1804 re
483 1745 604 1820 publica
625 1745 779 1804 debeatur.
823 1744 876 1803 Sin
890 1751 988 1805 autem
1001 1745 1104 1805 mavis

75 1828 152 1888 illud
166 1844 237 1889 esse
252 1827 405 1901 iudicium,
424 1843 485 1887 non
500 1828 553 1888 tibi
565 1828 597 1887 id
613 1826 849 1889 rescindendum
863 1833 919 1898 osb
934 1827 991 1887 sed
1005 1818 1105 1887 feren·

76 1913 157 1973 dum.
202 1909 252 1974 ll.
267 1911 346 1971 Male
360 1911 505 1972 iudicavit
518 1914 660 1987 populus.
683 1943 720 1954 -
745 1912 786 1970 At
799 1908 952 1970 iudicavit
971 1943 1014 1954 -
1037 1911 1105 1970 Non
1157 1914 1161 1947 ¹

74 1995 186 2056 debuit
210 2027 252 2039 ·-
273 1997 314 2054 At
329 1995 432 2069 potuit.
454 1995 576 2054 -Non
592 1997 666 2053 lero.
688 2028 731 2039 —-
748 1995 790 2054 At
802 1993 887 2054 multi
901 1991 1064 2054 clarissimi
1078 2002 1106 2054 et

75 2077 292 2153 sapientissimi
309 2078 392 2138 cives
407 2079 546 2138 tulerunt.
581 2078 636 2137 Est
650 2076 729 2136 enim
742 2076 821 2136 haec
839 2075 978 2136 condicio
993 2077 1105 2136 libero-

76 2178 141 2220 rum
157 2163 339 2236 populorum
354 2160 580 2235 praecipueque
594 2160 682 2221 huius
701 2159 849 2235 principis
871 2160 975 2233 populi
997 2168 1029 2219 et
1044 2176 1106 2220 om-

75 2245 155 2302 nium
170 2244 301 2316 gentium
318 2244 430 2303 domini
443 2252 534 2319 atque
547 2244 678 2320 victoris,
694 2259 789 2317 posse
801 2242 954 2316 suffragiis
970 2245 1020 2301 vel
1032 2243 1106 2301 darc

77 2328 124 2385 vel
136 2327 293 2386 detrahere
304 2329 389 2401 quod
402 2326 474 2387 velit
487 2326 612 2401 cuique:
630 2334 767 2386 nostrum
778 2334 825 2386 est
836 2334 943 2397 autem,
957 2334 1106 2397 nostrum,
1158 2374 1161 2383 .

76 2407 170 2483 quim
186 2409 242 2468 hoc
257 2418 434 2484 tempestate
449 2409 554 2485 populi
569 2409 713 2470 iactemur
727 2418 757 2470 et
772 2408 924 2481 fluctibus,
942 2409 1024 2468 ferre
1040 2425 1104 2468 mo·

75 2493 143 2552 dice
157 2493 263 2567 populi
281 2495 459 2565 voluntates
476 2493 606 2552 adlicere
620 2492 750 2563 alienaS,
764 2491 894 2552 retinere
908 2499 1026 2565 partaS,
1042 2493 1103 2566 pla-

75 2592 145 2636 care
164 2577 313 2636 turbatus:
339 2577 472 2635 honores
499 2577 524 2636 si
540 2576 639 2650 magni
655 2592 714 2636 non
732 2585 886 2649 putemus,
908 2590 970 2633 non
986 2574 1105 2634 servire
1160 2602 1162 2633 r

78 2661 207 2735 populo:
223 2660 270 2718 sin
287 2677 341 2720 eos
354 2668 540 2733 expetamus,
554 2677 615 2719 non
631 2659 788 2732 defetigari
804 2656 1022 2732 supplicando.

136 2745 171 2803 V.
187 2741 236 2803 12.
250 2743 347 2802 Venio
363 2742 475 2801 iamed
489 2742 586 2816 ipsius
604 2742 709 2817 populi
726 2751 839 2816 purleS,
853 2751 886 2801 ut
900 2739 982 2800 illius
999 2749 1106 2801 contm
1156 2778 1166 2803 ι

76 2834 105 2886 te
127 2826 263 2886 oratione
279 2825 380 2900 potius
400 2842 489 2899 quam
502 2843 568 2885 mea
584 2826 744 2900 disputem.
789 2825 842 2898 Qui
869 2825 895 2883 si
915 2832 1020 2883 tecum
1037 2841 1106 2885 con·
1158 2824 1166 2829 '

76 2910 229 2981 grediatur
248 2919 279 2969 ct
294 2911 319 2969 si
334 2925 394 2968 urta
408 2909 493 2984 loqui
513 2926 589 2969 voce
605 2910 716 2982 possit,
737 2909 814 2967 haec
834 2906 930 2966 dicat:
953 2907 1023 2980 Ego
1048 2906 1106 2977 libi,
1149 2888 1157 3049 ¹

76 2992 257 3065 Laterensis
273 2991 426 3052 Plancium
441 3009 501 3054 non
516 2992 687 3066 anteposui,
703 2993 758 3051 sed
774 3008 865 3066 quum
881 2989 994 3049 essetis
1007 3005 1108 3067 aeque

39 3112 43 3119 -
77 3072 148 3133 boni
162 3076 232 3148 viri,
255 3093 353 3136 meum
375 3076 552 3136 beneficium
567 3077 606 3134 ad
621 3093 688 3135 eum
703 3076 805 3149 potius
821 3073 928 3144 detuli,
952 3075 1009 3146 qui
1026 3091 1048 3133 a
1061 3089 1108 3133 me

77 3160 279 3230 contenderat,
296 3176 386 3234 quom
401 3161 528 3232 adeum,
544 3158 596 3232 qui
608 3158 678 3217 mihi
691 3174 751 3219 non
763 3156 851 3216 nimis
864 3156 1022 3216 submisse
1035 3173 1108 3231 sup·

77 3237 211 3313 plicaret.
252 3242 482 3316 Respondebis,
500 3243 608 3314 credo,
626 3250 654 3302 le
671 3241 836 3314 splendore
851 3249 880 3299 et
893 3247 1052 3299 vetustate
1067 3241 1110 3298 la·
1147 3206 1152 3293 l

76 3324 175 3383 miliae
193 3323 298 3382 fretum
314 3342 373 3385 non
388 3327 478 3384 valde
492 3325 682 3384 ambiendum
696 3330 831 3396 putasse.
867 3324 907 3382 At
922 3338 997 3382 vero
1014 3332 1047 3384 te
1061 3323 1111 3382 ille

71 3408 113 3467 ad
136 3423 195 3467 sua
223 3405 358 3467 instituta
388 3424 573 3485 suorumque
601 3406 746 3467 maiorum
769 3407 910 3481 exempla
928 3406 1112 3469 revocabitz

1155 1696 1168 1911 --,-..-.
