2332 3772
293 234 297 239 ,
377 162 783 229 oar.o-as.1a-ao..
876 161 883 169 '
988 124 1097 233 'eet

67 322 129 386 ret,
152 312 312 383 verborum
328 319 425 372 tamen
440 310 576 386 ipsorum
596 312 718 385 pondus
738 309 887 373 sustinere
903 328 964 373 non
982 324 1097 389 posset.

68 397 121 457 Ἡ.
139 392 238 455 Cessit
252 393 423 455 auctoritati
437 392 616 468 amplissimi
630 394 686 453 viri
701 394 749 453 vel
764 393 864 468 potius
879 397 987 469 paruit.
1030 397 1099 458 Una

68 486 118 538 est
139 477 296 551 proiectus
316 493 382 536 cum
403 476 454 548 iis,
479 493 605 551 quorum
621 484 686 536 erat
701 492 763 537 una
776 491 884 536 causat
907 477 1022 539 tardius
1042 479 1098 541 iter

68 562 155 620 lecit:
176 561 279 635 itaque
292 558 322 619 in
335 560 471 618 Africam
483 558 567 619 veuit
579 558 637 617 iam
654 566 842 632 occupatam.
876 559 955 619 Hinc
967 561 997 619 in
1011 561 1097 637 Liga-

67 643 147 702 rium
163 641 275 702 crimen
291 643 385 717 oritur
400 644 450 701 vel
472 641 517 701 ira
533 640 646 717 potius.
689 641 763 701 Nam
780 639 806 700 si
821 640 933 718 crimen
948 650 996 702 est
1005 644 1098 705 ullum

69 724 215 796 voluisse,
228 741 288 784 non
298 724 400 785 minus
410 740 551 798 magnum
562 731 609 784 est
621 739 678 783 vos
689 723 833 795 Africam,
845 739 946 783 arcem
964 724 1097 787 omnium

67 805 306 883 provinciarum,
318 816 417 866 natam
429 806 587 867 adbellum
599 815 704 866 contra
714 807 793 865 banc
804 805 909 865 urbem
921 809 1098 883 gerendum,

67 890 207 950 obtinere
222 890 358 950 voluisse
374 905 465 963 quam
478 889 608 964 aliquem
625 905 659 949 se
670 889 823 949 malmsse.
845 891 947 963 Atque
961 890 1098 951 istameu

68 973 182 1048 aliquis
197 971 337 1046 Ligarius
354 986 416 1031 non
439 970 502 1031 luit
546 973 645 1031 Varus
660 969 816 1046 imperium
837 987 872 1030 se
886 971 999 1031 babere
1017 973 1097 1033 dioe-

67 1056 136 1114 batz
155 1056 258 1114 fasces
277 1061 358 1114 certe
382 1053 522 1114 habebat
563 1052 615 1115 23.
636 1053 699 1113 Sed
720 1064 843 1129 quoquo
864 1054 955 1114 modo
977 1068 1011 1113 se
1024 1053 1098 1115 illud

66 1138 176 1208 habet,
195 1136 273 1195 haec
293 1138 417 1210 querela
440 1144 557 1207 vestra,
570 1137 703 1209 Tubero,
722 1135 795 1210 quid
808 1136 910 1195 valet?
924 1137 1051 1211 Recepti
1066 1137 1097 1197 iu

66 1217 260 1295 provinciam
279 1236 341 1279 non
364 1236 480 1279 sumus.
529 1218 622 1293 Quid,
644 1221 671 1278 si
693 1219 824 1279 essetis?
847 1218 1009 1279 Caesarine
1031 1236 1097 1279 eam

66 1300 205 1362 tradituri
228 1300 362 1362 fuissetis
382 1318 420 1361 an
448 1309 553 1362 eontra
567 1303 728 1361 Caesarem
745 1300 910 1363 retenturi?
922 1300 1001 1361 Vlll.
1017 1302 1097 1363 Vide

69 1381 142 1458 quid
164 1382 317 1456 licentiae,
335 1384 461 1456 caesar,
485 1384 575 1444 nobis
599 1392 650 1444 tua
670 1383 833 1444 liberalitas
854 1384 905 1445 det
929 1386 978 1444 vel
993 1385 1096 1459 potius

67 1465 224 1525 audaciae.
247 1465 280 1525 Si
295 1466 488 1543 responderit
501 1467 630 1538 Tubero,
643 1466 789 1540 Africam,
807 1483 868 1542 quo
884 1474 1009 1527 senatus
1027 1485 1095 1528 eom

69 1565 201 1622 sorsque
222 1548 358 1621 miserat,
381 1549 434 1609 tibi
456 1557 571 1625 patrem
592 1567 680 1611 suum
700 1549 878 1611 traditurum
901 1548 1013 1628 luisse,
1035 1568 1096 1611 nou

68 1631 212 1690 dubitabo
229 1632 313 1706 apud
325 1633 425 1705 ipsum
445 1640 489 1702 te,
512 1631 599 1691 cuius
620 1632 651 1690 id
674 1647 743 1691 eum
758 1630 1015 1704 tacereluterluit,
1029 1648 1095 1707 gra·

70 1712 203 1772 vissimis
218 1713 319 1772 verbis
335 1713 402 1772 eius
417 1712 577 1773 consilium
597 1712 831 1787 reprehendere.
873 1713 939 1772 Non
956 1715 1049 1786 enim,
1069 1713 1096 1774 si

67 1795 121 1854 tibi
137 1811 173 1854 ea
187 1808 240 1855 res
252 1800 336 1866 grata
352 1793 474 1863 luisset,
497 1802 580 1853 esset
601 1792 689 1855 etiam
712 1794 850 1866 probata.
890 1792 943 1855 et
960 1793 1025 1853 Sed
1036 1794 1095 1855 iam

56 1877 126 1937 'hoo
140 1884 236 1936 totum
252 1875 440 1948 autemnon
457 1882 516 1934 tam
537 1890 577 1935 ne
598 1874 752 1934 offendam
771 1883 839 1935 tuas
860 1873 1095 1951 patientissimas

66 1976 174 2029 aures,
204 1973 294 2031 quam
314 1972 354 2017 ne
373 1956 490 2017 Tubero
513 1957 594 2031 quod
614 1972 777 2031 numquam
798 1956 942 2030 cogitavit
961 1957 1095 2019 facturus

66 2041 164 2102 luisse
184 2039 333 2099 rideatur.
382 2038 558 2101 Veniebatis
579 2039 667 2113 igitur
681 2038 712 2098 in
733 2038 886 2113 Airieam,
908 2038 1095 2115 provinciam

64 2139 158 2186 uuam
182 2139 221 2182 ex
243 2121 382 2183 omnibus
403 2121 475 2183 hoio
500 2121 644 2182 victoriae
663 2121 794 2182 maxime
813 2120 971 2197 intestam,
988 2122 1019 2183 in
1035 2139 1096 2199 qua

66 2215 198 2267 eratrex
213 2203 452 2279 potentissimus,
466 2203 605 2265 inimicus
621 2203 692 2265 buia
708 2206 941 2275 causae,'aliena
955 2207 1094 2267 voluutas

65 2296 239 2349 conventus
253 2289 331 2347 firmi
346 2294 437 2362 atque
451 2285 561 2362 magni.
604 2286 736 2360 Quaero:
758 2287 831 2363 quid
853 2289 963 2351 lactari
975 2287 1096 2351 luistisl

68 2387 255 2446 quamquam
271 2371 346 2445 quid
362 2370 468 2431 tacturi
481 2370 597 2431 lueritis
612 2370 760 2440 dubitem,
780 2387 872 2445 quum
888 2371 1005 2433 rideam
1022 2371 1095 2445 quid

67 2453 222 2514 feceritis?
240 2451 384 2514 Prohibiti
404 2450 479 2513 estis
497 2451 527 2511 in
550 2452 706 2526 provincia
725 2460 825 2513 vestra
847 2454 956 2529 pedem
981 2468 1095 2527 ponere

67 2544 99 2596 et
115 2535 258 2610 prohibiti
271 2551 390 2601 suntme
410 2550 478 2595 cum
502 2533 620 2595 iniuria.
661 2533 712 2596 25.
730 2534 794 2607 Quo
812 2536 903 2595 modo
918 2536 949 2595 id
963 2534 1096 2597 tulistisa

67 2628 215 2693 acceptae
234 2617 363 2696 iniuriae
384 2618 538 2692 querelam
559 2618 599 2677 ad
618 2634 708 2692 quem
728 2616 900 2679 detulistist
920 2617 1037 2691 Nempe
1056 2618 1096 2693 ad

66 2717 151 2772 eum,
163 2700 248 2762 ouius
263 2699 469 2761 auctoritatem
484 2698 581 2760 secuti
604 2699 634 2759 in
655 2699 830 2761 societatem
851 2699 921 2760 bebi
938 2700 1096 2763 veneratis.

67 2782 158 2857 Quod
183 2784 210 2843 si
230 2783 368 2844 Caesaris
390 2797 484 2842 causa
503 2781 533 2841 in
554 2781 743 2878 provinciam
760 2781 944 2852 veniebatis,
967 2781 1008 2843 ad
1027 2797 1096 2842 eum

66 2865 207 2961 prolecto
228 2867 345 2941 exclusi
367 2864 525 2941 provincia
545 2864 718 2927 venissetis
762 2864 897 2925 Venistis
913 2864 952 2923 ad
969 2863 1096 2939 Pompe·

65 2948 142 3007 ium.
170 2947 254 3019 Quae
269 2957 316 3009 est
314 2964 404 3027 ergo
418 2947 502 3022 apud
517 2947 679 3009 Caesarem
693 2949 832 3022 querela,
852 2962 947 3023 quum
964 2961 1096 3009 eumac-

65 3029 200 3102 ousetis,
222 3045 242 3088 a
256 3048 320 3105 quo
339 3028 507 3105 queramini
527 3029 698 3105 probibitos
711 3046 782 3091 esse
795 3046 854 3091 vos
868 3037 977 3090 contra
987 3029 1096 3091 Caesa-

64 3130 133 3173 rem
149 3127 257 3186 gerere
282 3113 414 3174 bellumt
433 3112 564 3187 Atque
556 3131 591 3172 in
606 3113 666 3173 hoe
687 3112 809 3188 quidem
824 3113 873 3172 vel
894 3128 968 3173 cum
975 3113 1097 3173 menda·

65 3194 126 3265 cio,
145 3196 171 3254 si
186 3194 277 3255 vultis
285 3194 476 3271 ,gloriemini
493 3211 550 3270 per
563 3211 611 3256 rue
625 3197 710 3267 licet,
724 3212 784 3257 vos
799 3194 986 3271 provinciam
1001 3195 1097 3257 luisse

64 3277 192 3338 Caesari
212 3277 388 3339 tradituros.
429 3275 525 3339 Etiam
551 3278 578 3339 si
600 3295 622 3339 a
639 3280 723 3339 Varo
741 3286 809 3339 eta
829 3278 1010 3353 quibusdam
1031 3275 1098 3336 aliis

64 3358 213 3439 prohibiti
231 3359 320 3433 estis,
342 3376 401 3435 ego
422 3367 523 3421 tamen
548 3342 733 3425 οοιιιόιιιι
740 3361 862 3437 culpam
889 3376 960 3423 asse
979 3355 1099 3435 Ligarii,
