2340 3788
397 206 751 321 cnanuaar-a
1023 215 1086 283 245

60 360 137 419 dum,
149 358 204 419 mit
218 367 269 419 aut
282 373 338 434 pro
349 373 403 419 reo
414 358 638 434 disputandum,
652 367 752 419 tamen
763 360 922 443 adgrediar
934 363 973 423 ad
985 364 1086 426 dicen·

60 443 150 514 dum,
172 457 211 501 ne
230 444 303 500 mea'
314 441 516 516 propugnatio
534 441 561 500 ci
579 441 769 516 potissimum
787 426 922 504 deimsse
937 445 1084 522 videatur,
1138 516 1142 525 ἱ

59 541 119 600 per
134 538 223 599 quem
238 531 285 584 est
305 524 471 598 perlectum
487 539 525 582 ne
546 522 674 585 caeteris
689 523 806 583 civibus
821 525 953 586 deesset.
981 532 1083 606 Atque

60 622 119 682 ego
135 605 181 665 sic
195 614 303 678 statuo,
318 605 445 689 iudices,
461 621 539 671 arne
549 607 579 664 in
594 606 652 666 hac
665 622 758 666 eausa
768 614 861 682 atque
874 608 933 668 hoc
946 601 1094 672 exorno·
1115 611 1119 625 ¹
1143 608 1146 613 ’

60 687 183 748 dicendi
194 689 262 750 loco
278 684 396 764 pietatis
406 688 512 762 'potius
524 705 614 762 quam
627 689 824 762 defensionis
840 692 982 765 querelae
993 710 1083 767 quam

37 771 268 845 ¹eloquentiae,
295 769 410 831 doloris
437 787 527 846 quam
552 771 664 845 ingenii
689 779 789 846 partes
815 787 885 831 esse
910 783 1081 848 susceptas.

56 854 90 915 4.
112 855 217 927 itaque
237 853 264 914 si
284 860 335 913 aut
348 854 449 913 acrius
469 869 559 927 egero
574 860 626 913 aut
641 853 764 914 liberius
781 871 872 928 quam
887 853 938 928 qui
951 864 1021 915 ante
1033 872 1082 916 me

60 937 215 1010 dixerunt,
230 943 301 1011 peto
318 952 337 994 a
351 935 453 1008 vobis,
473 944 506 996 ut
520 944 633 996 tantum
650 935 778 996 orationi
794 952 882 997 meae
896 936 1080 1012 concedatis,

60 1027 206 1095 quantum
222 1026 252 1079 et
266 1019 317 1093 pio
332 1017 429 1077 dolori
443 1027 473 1078 et
487 1018 584 1078 iustae
595 1018 771 1079 iracundiae
784 1020 1011 1080 eoncedendum
1025 1036 1080 1095 pu·
1117 1036 1134 1051 ··

59 1102 139 1163 tetis.
167 1103 241 1162 Nam
252 1117 351 1174 neque
366 1100 472 1187 oldaia
483 1101 672 1162 coniunctior
687 1102 776 1162 dolor
789 1101 880 1161 ullius
896 1118 967 1162 esse
981 1110 1082 1177 potest

60 1200 153 1260 quam
174 1183 223 1244 bie
243 1199 329 1244 meus
347 1172 510 1258 sus'c'epms
529 1201 568 1242 ex
585 1183 715 1244 hominis
735 1185 774 1244 de
790 1200 839 1244 me
856 1185 967 1259 optime
985 1185 1081 1247 meriti

59 1263 194 1343 periculo
220 1282 320 1341 neque
346 1266 503 1326 iracundia
531 1266 627 1340 magis
652 1268 714 1327 ulla
741 1267 894 1327 laudanda
918 1284 1008 1343 quam
1032 1283 1080 1340 ea,

60 1364 140 1424 quae
155 1367 203 1409 me
217 1348 382 1410 inflammat
396 1365 501 1410 corum
518 1350 648 1421 scelere,
671 1349 723 1425 qui
743 1366 813 1410 cum
833 1351 972 1411 omnibus
994 1365 1081 1411 meae

59 1432 165 1493 solutis
180 1433 392 1500 defensoribus
405 1433 516 1510 bellurn
527 1449 598 1494 esse
612 1432 671 1493 sibi
684 1435 850 1507 gerendum
863 1432 1080 1494 iudicaverunt

57 1508 89 1574 5.
117 1515 179 1576 Sed
199 1516 342 1592 quoniam
362 1506 489 1607 siilg'iili's
507 1508 687 1576 'criminibus
714 1515 825 1576 caeteri
847 1518 1080 1592 responderunt,

58 1598 159 1658 dicam
176 1616 233 1674 ego
250 1592 488 1660 de¹¹omillstbtu
501 1598 532 1657 P.
548 1599 653 1670 Sesti,
673 1600 711 1657 dc
730 1599 949 1673 germanitas,
969 1601 1009 1659 dc
1028 1615 1081 1659 aa·

58 1692 140 1752 tura,
162 1683 201 1741 de
215 1682 364 1755 moribus
386 1682 425 1741 de
439 1681 607 1741 incredibili
621 1695 725 1740 amore
739 1681 769 1740 in
784 1682 899 1753 bonos,
924 1682 962 1741 de
979 1682 1080 1742 studio

32 1764 289 1824 ¹‘conservandae
311 1764 416 1824 salutis
436 1762 604 1841 communis
624 1770 715 1839 atque
736 1759 810 1841 ocii,
830 1763 1080 1841 contendamqua
1092 1802 1107 1841 q
1148 1792 1153 1801 ¹

57 1847 85 1905 si
99 1847 191 1907 modo
205 1845 238 1904 id
252 1845 399 1918 consequi
412 1852 529 1918 potero,
540 1848 577 1903 'ut
590 1844 618 1901 ln
631 1842 688 1902 hae
700 1835 927 1927 coniusaatque
939 1838 1097 1915 universa}

56 1926 239 1988 detonsione
253 1926 327 2003 nihil
346 1942 365 1985 a
383 1926 530 2000 mequod
549 1925 589 1984 ad
609 1933 742 1985 vestram
762 1922 1082 1999 quaestionem‚'nihil

58 2010 145 2086 quod
157 2011 196 2069 ad
210 2025 303 2084 reum,
319 2007 392 2069 nihil
407 2010 489 2084 quod
503 2008 614 2068 adrem
629 2007 938 2083 publicampertincut
948 2016 1081 2081 praeter·

57 2093 186 2179 missum
197 2109 268 2154 esse
280 2093 426 2153 videatur.
450 2093 488 2153 m
500 2092 641 2166 quoniam
652 2090 682 2152 in
693 2089 881 2167 gravissimis
894 2089 1081 2166 temporibus

59 2158 197 2236 ciuliatls'
209 2184 300 2250 atque
313 2174 344 2234 in
359 2176 455 2236 ruinis
470 2191 596 2236 eversae
615 2184 707 2250 atque
727 2173 868 2237 adflictae
882 2172 927 2234 rei
941 2172 1082 2249 publicae

57 2261 91 2318 P.
107 2258 198 2320 Sestii
212 2260 381 2320 tribunatus
396 2267 443 2319 cst
457 2275 475 2318 a
489 2259 610 2319 fortuna
622 2257 691 2332 ipsa
706 2245 882 2328 collocatus,
899 2273 958 2316 non
974 2242 1100 2331 adare-i

59 2343 126 2402 diar
141 2343 181 2401 ad
197 2341 248 2402 illa
261 2342 393 2403 maxima
411 2350 502 2417 atque
517 2340 704 2417 amplissima
717 2339 819 2415 prius,
841 2356 932 2434 quarn
947 2341 1081 2400 docuero

60 2425 170 2498 quibos
195 2425 286 2487 initiis
312 2441 348 2485 ac
373 2424 575 2486 fundamentis
596 2424 653 2483 bae
671 2431 770 2505 tantae
792 2416 918 2483 summis
938 2423 969 2483 in
988 2420 1082 2482 rebus

59 2508 167 2568 laudes
181 2509 331 2569 excitatae
347 2508 501 2567 sint.-=-·=··-‘
639 2522 642 2529 ’
897 2551 899 2554 >

140 2591 190 2650 Ill.
206 2591 237 2652 6.
256 2592 383 2651 Parente
396 2591 428 2649 P.
443 2589 562 2650 Sestius
578 2595 738 2661 natusest,
755 2587 881 2662 iudices,
901 2585 1033 2657 homine,
1049 2591 1084 2645 ut

59 2671 196 2749 plerique
218 2662 411 2745 meministis,
438 2680 469 2733 et
488 2674 625 2748 sapiente
648 2681 679 2733 et
700 2679 805 2732 sancto
827 2679 857 2730 et
877 2683 1001 2731 severo:
1030 2665 1083 2741 qui

60 2772 153 2830 quum
177 2756 315 2818 tribunus
343 2755 442 2831 plebis
469 2755 584 2830 primus
610 2755 688 2816 inter
712 2754 851 2816 homines
875 2748 1098 2815 nobilissimos*

59 2838 248 2912 temporibus
263 2838 384 2915 optimis
399 2841 496 2899 lactus
514 2846 605 2912 esset,
623 2838 748 2912 reliquis
764 2835 932 2898 honoribus
947 2840 1100 2924 nontamx

27 2916 30 2921 ’
58 2921 102 2980 uti
123 2922 217 2983 voluit
239 2939 329 2998 quam
350 2921 459 2997 dignus
480 2920 586 2981 videri.
614 2922 660 2980 Eo
682 2926 806 2981 auctore
828 2909 1089 2980 dunithonestis*1

60 3003 128 3062 simi
144 3012 174 3064 et
189 3002 404 3080 spectatissimi
421 3004 492 3077 viri,
515 3004 545 3064 0.
560 3003 677 3076 Albini,
700 3003 807 3074 liliam,
829 3017 868 3059 ex
888 3017 950 3077 qua¹
963 2998 1018 3081 :bic
1034 3004 1084 3089 gat

59 3103 136 3160 puer
153 3096 183 3149 et
196 3097 290 3164 nupta
302 3088 362 3171 iam
378 3089 449 3148 fllia.
480 3087 607 3148 Duobus
619 3087 668 3146 his
685 3083 883 3161 gravissimae
897 3078 1083 3157 antiquitads

59 3167 133 3229 viris
152 3171 198 3230 sic
211 3171 356 3246 probatus
370 3169 439 3243 luit,
463 3172 582 3244 utrique
596 3185 702 3230 eorum
715 3175 749 3229 ut
763 3174 793 3227 et
807 3182 896 3228 carus
910 3165 1039 3227 maxime
1053 3175 1084 3222 et

58 3252 209 3313 iucundus
232 3262 323 3314 esset
366 3253 488 3331 Ademit
505 3253 617 3314 Albino
638 3250 739 3321 soceri
760 3250 879 3311 nomen*
886 3265 972 3310 mors
991 3246 1082 3316 illine,

59 3335 116 3394 sed
130 3337 284 3396 caritatem
294 3335 375 3396 illius
389 3318 624 3397 necessitudinis
639 3326 923 3395 et'benevolenttam
938 3345 999 3392 non
1011 3328 1082 3387 ade-

58 3416 121 3478 mit.
154 3416 255 3481 ilodie
269 3416 315 3477 sic
330 3418 410 3479 huuc
425 3418 536 3493 diligit,
554 3426 588 3478 ut
602 3433 659 3479 vos
674 3415 813 3476 facillime
830 3414 958 3491 potestis
973 3427 1011 3479 ex
1025 3409 1083 3470 hoc
