2332 3772
104 190 167 254 104
302 190 353 250 nl:
366 186 521 249 IMPERIO
537 187 594 251 cll.
608 185 764 245 ΡΟΜΡΕΙΙ
778 182 928 246 ORATIO.
998 262 1001 267 .

105 349 205 403 autem
228 355 335 401 omnes
355 336 555 398 cunctantia
572 338 665 410 atque
680 334 807 395 Graecia
830 343 965 397 vestrum
981 335 1126 397 aurdlium

105 430 285 497 exspectare
306 429 433 497 propter
450 418 576 494 periculi
597 417 832 493 magnitudinem
846 425 1012 493 coguntum
1032 418 1128 500 impe·

104 514 234 565 ratorem
255 521 273 563 a
295 503 384 563 vobis
405 510 519 562 certum
542 503 726 575 deposcere,
752 516 844 574 quum
866 500 1047 575 praesertim
1069 518 1130 564 vos

104 588 197 648 alium
210 584 362 660 miseritis,
376 600 477 659 neque
490 586 603 644 audent
615 599 717 658 noque
731 598 766 643 ae
775 585 806 642 id
818 584 918 644 lacere
929 583 996 643 sine
1007 600 1127 647 summo

104 670 240 746 periculo
256 684 352 744 posse
365 667 554 729 arbitrantur.
583 666 631 728 la.
652 666 764 726 Vident
781 674 811 725 et
825 666 958 727 sentiunt
971 666 1036 726 boc·
1046 667 1129 727 idem

106 753 190 828 quod
208 768 397 825 vos„unum
413 751 509 809 vuum
524 765 609 821 esse,
631 748 660 808 in
676 766 738 824 quo
752 763 870 809 summa
883 749 944 810 sint
963 749 1080 824 omnia,
1098 756 1131 810 et

105 853 175 896 eum
189 843 315 910 propter
331 849 421 906 esse,
432 849 493 907 quo
510 833 599 892 etiam
616 839 719 893 carent
733 831 869 905 aegrius=
888 831 977 892 cuius
993 833 1129 892 adventu

105 918 176 993 ipso
196 925 288 993 atque
307 917 443 988 nondne,
462 914 581 974 tametsi
597 914 647 972 ille
661 916 701 973 ad
715 913 892 974 maritimum
909 915 1021 973 bellum
1037 930 1128 974 vene·

104 1002 158 1075 rit,
179 1009 278 1061 tamen
298 1000 429 1072 impetus
444 997 575 1057 hostium
587 1013 749 1070 repressos
763 1012 834 1056 esse
847 995 1016 1070 intelligunt
1029 1012 1067 1056 ac
1080 1013 1129 1057 ro-

104 1084 253 1144 tardatos,
281 1081 320 1140 Hi
336 1097 407 1154 vos,
431 1079 572 1154 quoniam
586 1079 679 1138 libere
696 1079 780 1153 loqui
794 1080 953 1152 nonlicet,
972 1079 1065 1139 tacite
1077 1096 1128 1140 ro·

106 1175 194 1240 gant,
216 1172 249 1223 ut
268 1178 458 1237 aequoque,
481 1161 560 1223 sicut
574 1169 758 1222 caeterarum
775 1160 997 1236 provinciarum
1012 1160 1126 1233 socios,

106 1249 215 1322 dignos
237 1244 429 1318 existimetis,
450 1261 577 1319 quorum
598 1246 723 1305 salutem
743 1244 794 1305 tali
819 1246 882 1304 viro
899 1245 1128 1316 commendetis,

106 1340 197 1405 atque
218 1328 276 1386 hoc
299 1327 387 1387 etiam
409 1327 521 1403 magis,
543 1329 627 1402 quod
647 1335 784 1388 caeteros
806 1326 837 1386 in
853 1326 1042 1401 provinciam
1059 1328 1128 1387 eius

105 1412 188 1472 modi
208 1408 345 1469 homines
367 1426 435 1471 cum
458 1410 584 1484 imperio
604 1410 760 1481 mittimus,
781 1418 815 1469 ut
837 1410 925 1470 etiam
946 1410 973 1470 si
985 1411 1025 1469 ab
1038 1410 1128 1469 hoste

106 1492 283 1565 defendant,
303 1500 403 1553 minen
423 1493 560 1568 ipsorum
580 1495 729 1553 adventus
746 1493 777 1552 in
790 1492 881 1552 urbes
896 1492 1049 1553 sociorum
1064 1508 1126 1551 non

105 1577 230 1649 multum
250 1574 288 1633 ab
308 1574 409 1635 hostili
433 1575 655 1650 expugnatione
675 1576 824 1637 differant
852 1576 940 1636 Hunc
963 1575 1128 1635 audiebant

105 1666 204 1730 antea,
218 1673 298 1718 nunc
312 1667 504 1732 praesentem
513 1658 618 1719 vident
631 1667 712 1719 tanta
725 1659 932 1734 temperantia,
946 1667 1030 1720 tanta
1042 1673 1127 1718 man·

106 1741 279 1813 suetudine,
294 1748 377 1801 tanta
390 1741 588 1816 humanitate,
608 1750 642 1802 ut
657 1741 678 1800 ii
692 1741 858 1802 beatissimi
873 1757 944 1802 esse
958 1741 1127 1813 videantur,

105 1825 188 1899 apud
203 1839 282 1897 quos
296 1825 346 1885 illc
360 1823 528 1886 diutissime
542 1833 750 1886 commoratur.

188 1908 239 1966 vl.
272 1904 321 1967 14.
351 1908 416 1981 Qua
436 1926 470 1970 re
491 1910 517 1969 si
536 1916 661 1984 propter
676 1907 778 1968 socios
792 1909 873 1966 nulla
887 1906 947 1981 ipsi
961 1904 1070 1966 iniuria
1084 1909 1126 1966 la-

105 1988 207 2050 cessiti
223 1990 352 2050 maiores
366 1993 461 2051 nostri
474 1982 545 2051 cum
557 1990 724 2062 Antiocho,
740 2005 809 2050 curn
822 1989 970 2063 Philippo,
985 2005 1055 2048 cum
1065 1991 1127 2051 Aa»

83 2132 86 2147 ,
104 2071 191 2144 tolis,
206 2089 273 2131 curn
287 2073 397 2133 Poenis
412 2075 492 2134 bella
504 2080 679 2147 gesserunt,
694 2082 806 2146 quanto
822 2088 878 2132 vos
894 2071 994 2133 studio
1011 2087 1127 2131 conve·

104 2154 148 2212 nit
167 2153 283 2213 iniuriis
306 2164 490 2227 provocatos
513 2154 666 2215 sociorum
688 2155 815 2215 salutem
837 2172 898 2215 una
922 2170 990 2214 cum
1006 2153 1127 2228 imperii

103 2233 199 2293 vestri
213 2234 355 2307 dignitate
370 2238 547 2309 defendere,
563 2234 742 2310 praesertim
757 2255 849 2312 quum
863 2238 902 2297 da
918 2236 1060 2297 maximis
1072 2232 1125 2297 ve·

104 2315 174 2375 stris
189 2316 386 2389 vectigalibus
403 2326 528 2395 agatur?
540 2319 614 2378 Nam
631 2327 818 2380 caeterarum
834 2320 1058 2396 provinciarum
1071 2335 1125 2378 ve

104 2397 237 2472 ctigalia,
261 2398 404 2471 Quirites,
425 2410 507 2462 tanta
527 2409 610 2472 sunt,
630 2410 663 2460 ut
682 2401 719 2462 iis
733 2406 773 2463 ad
787 2403 873 2479 ipsas
887 2402 1063 2479 provincias
1078 2410 1125 2462 tu—

102 2482 210 2541 tandas
225 2480 278 2541 vix
292 2483 424 2544 contenti
439 2499 509 2544 esse
525 2483 694 2557 possimus,
711 2486 786 2546 Asia
802 2503 873 2547 vero
889 2496 949 2547 tam
965 2485 1067 2560 opima
1079 2493 1128 2544 est

106 2580 142 2625 ac
165 2564 286 2638 lertilis,
305 2573 340 2625 ut
359 2575 390 2626 et
408 2567 545 2626 ubertate
564 2583 704 2641 agrorum
722 2578 753 2630 et
766 2569 910 2630 varietate
928 2571 1079 2629 fructuum
1095 2575 1129 2627 et

102 2646 307 2723 magnitudine
320 2647 469 2723 pastionis
484 2657 514 2709 et
528 2650 716 2712 multitudine
731 2668 833 2712 aarum
846 2669 961 2725 rerum,
979 2667 1058 2726 quae
1072 2666 1125 2710 ex-

101 2739 271 2804 portentur,
292 2730 380 2791 facile
402 2730 541 2793 omnibus
560 2733 647 2794 terris
663 2736 831 2795 antecellat.
859 2736 965 2808 ltaque
979 2735 1057 2793 baec
1072 2749 1125 2792 vo

100 2810 149 2872 bis
170 2814 341 2887 provincia,
362 2812 504 2889 Quirites,
528 2817 554 2875 si
577 2826 606 2876 et
624 2817 695 2877 belli
714 2816 869 2878 utilitatem
884 2826 914 2877 ct
927 2817 1013 2892 pacis
1028 2814 1126 2890 digni·

101 2901 192 2953 tatem
211 2896 339 2956 retinere
360 2897 465 2969 vultis,
489 2901 661 2979 nonmodo
681 2916 700 2958 a
721 2901 901 2973 calamitate,
923 2901 979 2959 sed
1002 2898 1092 2959 etiam
1107 2913 1128 2955 a

100 2983 182 3035 metu
200 2979 375 3038 calamitatis
390 2988 437 3039 est
451 2981 651 3042 defendenda.
682 2981 731 3043 15.
752 2983 827 3042 Nam
843 2983 873 3041 in
889 2982 1018 3043 caeteris
1031 2982 1127 3041 rebus

102 3073 193 3130 quum
208 3061 291 3120 venit
307 3061 477 3138 calamitas,
498 3073 561 3125 tum
575 3062 785 3126 detrimentum
800 3064 961 3138 accipitur:
983 3074 1015 3127 at
1028 3066 1058 3123 in
1075 3079 1127 3122 ve-

101 3138 258 3212 ctigalibus
279 3158 341 3202 non
362 3146 460 3206 solum
482 3148 631 3208 adventus
652 3149 738 3222 mali,
760 3148 817 3208 sed
838 3147 927 3208 etiam
943 3146 1127 3220 motusipse

100 3221 199 3282 adfert
217 3225 424 3303 calamitatem.
464 3231 539 3291 Nam
563 3248 655 3305 quum
675 3231 808 3292 hostium
829 3230 937 3305 copiae
957 3246 1019 3290 non
1034 3231 1128 3303 longe

35 3360 45 3371 .
99 3305 225 3381 absunt,
247 3307 335 3371 etiam
349 3313 376 3372 si
392 3311 518 3388 irruptio
533 3314 616 3377 nulla
628 3315 710 3374 lacta
722 3322 785 3388 est,
807 3323 907 3375 tamen
923 3329 1024 3387 pecua
1035 3313 1128 3371 talin

100 3398 245 3466 quantur,
268 3392 333 3468 agri
349 3397 465 3472 cultura
481 3397 647 3471 deseritur,
668 3405 869 3457 mercatorum
883 3395 1037 3471 navigatio
1053 3410 1128 3457 con·
