2340 3788
105 190 170 257 254
400 190 475 251 PRO
489 191 521 249 P
537 190 671 251 SESTIO
688 191 839 305 coarto

104 358 201 416 roque
213 341 373 401 coniuncta
384 349 476 415 atquo
486 341 672 415 communia
686 342 746 402 ltoc
758 358 849 402 unum
859 342 951 405 babet
961 360 1125 420 proprium

104 435 137 486 ιιι
151 442 190 484 ex
204 424 278 484 urbe
293 423 456 498 expulerit,
472 414 626 498 relegarit,
644 441 705 484 non
721 426 790 487 dico
804 424 937 499 equitem
947 428 1126 502 Romanum,

103 525 164 569 non
183 505 405 568 ornatissimum
421 514 512 583 atque
532 506 677 582 optimum
693 507 805 581 virum,
826 524 888 569 non
909 506 1126 572 amicissimum

21 606 26 615 “
102 592 147 651 rei
168 589 307 665 publicae
327 590 438 662 civem,
464 607 524 650 non
544 591 624 651 illo
616 606 685 664 rpso
701 600 837 666 tempore
853 607 1000 653 unacum
1019 604 1127 656 senatu

86 736 90 743 ,
104 682 212 735 etcum
224 672 313 733 bonis
324 673 464 733 omnibus
477 689 582 734 casum
594 673 682 734 amici
695 673 801 749 reique
812 675 953 749 publicae
963 676 1124 770 lugentem,

69 774 74 805 ··
104 758 159 817 sed
174 756 271 816 civem
281 758 451 827 Romanum
464 757 539 829 sine
544 758 606 817 ullo
617 756 730 817 iudicio
740 757 851 818 edicto
846 773 895 817 ex
909 757 1007 832 patria
1018 763 1127 821 consul

103 839 234 900 eiecerit
279 838 329 900 30.
350 838 427 898 ιιιιιιι
447 840 590 927 acerbius
606 839 692 931 socii,
703 847 734 900 et
739 841 843 923 Latini
860 842 939 900 ferre
959 842 1040 902 soliti
1055 852 1128 904 sunt

48 987 56 1011 Ι
103 940 194 999 quam
210 938 259 995 se,
282 923 314 981 ld
329 923 413 997 quod
431 908 572 1007 petalo
576 908 700 1003 ιιιιιιιι,
725 940 765 983 ex
784 924 862 984 urbe
880 923 965 984 exire
980 941 999 983 a
1016 940 1125 986 consu-

68 1064 71 1069 .
101 1006 181 1067 libus
200 1005 306 1066 iuberi
347 1007 449 1081 Atque
467 999 609 1067 illiserat
626 994 692 1067 trini
707 1006 848 1067 reditus
840 1022 871 1066 m
886 1023 960 1067 suas
977 1008 1124 1089 civitates,

59 1086 74 1163 ,’
102 1090 142 1151 ad
157 1089 336 1149 suosLores
349 1088 512 1188 familiares
527 1089 597 1151 etin
611 1089 663 1149 illo
677 1105 776 1149 comm
797 1107 829 1149 ιιι
820 1090 1032 1187 incommodo
1044 1084 1127 1151 nulla

101 1172 132 1234 in
153 1188 336 1247 quemquam
356 1104 512 1246 pfoW
500 1172 665 1247 ignominia
684 1106 864 1234 ιιοιιιιιιιιιιι
872 1162 1017 1237 'ctdebat
1058 1175 1141 1254 Hoc,

102 1271 176 1316 roro
199 1256 272 1330 quid
292 1262 362 1316 estt
386 1255 597 1317 exterminabit
619 1256 703 1316 cives
720 1257 877 1317 Romanos
895 1255 995 1317 edicto
1017 1257 1127 1319 consul

102 1356 121 1399 a
137 1339 202 1398 suis
216 1337 264 1397 dis
280 1338 461 1413 penatibust
475 1340 608 1413 expellet
617 1352 658 1399 ex
670 1341 787 1414 patriat
801 1318 923 1413 ιιιιιξιι
923 1356 1015 1414 quem
1024 1342 1140 1425 valeta.

102 1421 256 1482 damnabit
270 1430 362 1496 atque
375 1421 682 1483 eiicietnomioatimt
706 1422 778 1493 Hic,
795 1422 823 1483 si
835 1412 1128 1501 ιιιιιιιιιιιιιιιιιιιιιιιέ,Ι
1134 1437 1140 1443 ·

103 1505 156 1581 qui
170 1520 251 1565 nunc
266 1505 356 1576 estis,
377 1504 456 1564 inre
471 1505 593 1579 publico
605 1507 672 1565 lore
678 1514 839 1583 putasset,
863 1506 889 1566 si
904 1505 1058 1581 denique
1049 1520 1124 1564 rma-

89 1588 202 1665 -ginem
217 1550 397 1648 iudiciorum
411 1596 463 1648 aut
476 1588 667 1648 simulacrum
682 1586 806 1662 aliquod
821 1588 970 1650 loturum
962 1586 1126 1649 incivitate

101 1672 250 1747 reliquum
272 1671 466 1757 credidisset,
490 1688 633 1747 umquam
653 1688 748 1732 ausus
768 1681 852 1733 esset
874 1681 1012 1732 senatum
1032 1670 1125 1731 dere

102 1756 224 1853 publiea
242 1736 363 1827 tollere,
384 1755 522 1830 equitum
535 1756 740 1815 Romanorum
762 1772 871 1830 preces
887 1753 1061 1830 aspernari,
1083 1753 1125 1813 ci-

103 1838 184 1900 vium
205 1839 337 1913 denique
352 1839 483 1899 omnium
499 1838 589 1900 novis
608 1847 639 1899 et
658 1838 802 1899 inauditis
817 1837 947 1899 edictis
939 1855 989 1899 rus
1006 1836 1126 1903 liberta-

101 1931 223 1998 temque
234 1928 430 1998 perverteret
456 1921 506 1983 et.
521 1921 587 1983 Etsi
597 1939 646 1982 mo
656 1921 864 1983 attentissimis
876 1938 992 1995 animas,
1009 1908 1127 1981 sumina

103 2023 170 2066 cum
189 2006 372 2082 benignitate
392 2006 517 2076 auditis,
541 2005 672 2076 iudices,
696 2014 796 2066 tamen
810 2021 920 2064 vereor
937 2021 975 2063 ne
991 2003 1059 2078 quis
1074 2019 1126 2061 ve-

103 2098 196 2149 strum
212 2092 289 2149 torte
309 2091 432 2149 miretur
446 2088 520 2164 quid
535 2089 610 2148 haec
624 2105 691 2147 mea
706 2088 802 2149 oratio
819 2096 879 2148 tam
894 2090 986 2162 longa
1000 2095 1052 2146 aut
1067 2094 1126 2146 tom

102 2174 161 2231 alte
180 2174 308 2246 repetito
327 2172 399 2233 velit
418 2172 470 2232 aut
486 2173 559 2246 quid
579 2173 618 2231 od
632 2172 663 2230 P.
680 2171 771 2232 Sestii
786 2187 908 2231 causam
926 2186 1046 2242 eorum,
1074 2166 1128 2242 qui

102 2262 172 2313 ante
192 2255 280 2314 huius
300 2255 481 2316 tribunatum
497 2272 561 2314 rem
579 2255 729 2328 publicam
744 2262 908 2325 vexarunt,
932 2252 1042 2313 delicto
1059 2268 1125 2324 per-

101 2337 223 2400 tineant.
263 2337 337 2397 Mihi
355 2348 455 2400 autem
474 2339 540 2397 hoc.
554 2337 749 2413 propositum
759 2346 821 2411 est,
847 2337 1009 2397 ostendere
1024 2334 1125 2394 omnia

103 2420 229 2480 consilia
248 2421 279 2479 P.
298 2421 388 2482 Sestii
405 2422 598 2496 mentemque
617 2421 709 2481 totius
731 2420 899 2481 tribunatus
920 2420 998 2479 lianc
1022 2418 1126 2490 luisse,

103 2512 135 2565 ut
154 2504 294 2564 adflictae
314 2512 344 2564 et
366 2505 501 2581 perditae
521 2505 566 2564 rei
587 2505 725 2579 publicae
743 2513 885 2578 quantum
903 2511 1010 2577 posset
1024 2501 1125 2561 mede-

101 2597 192 2653 retur.
219 2592 265 2649 Ao
279 2588 306 2648 si
321 2588 351 2647 in
367 2588 558 2663 exponendis
574 2586 750 2648 vulneribus
765 2587 824 2648 illis
840 2589 878 2647 de
892 2603 941 2646 me
951 2586 1024 2659 ¹ipso
1040 2586 1128 2659 plura

102 2672 204 2732 dicere
217 2672 361 2745 videbor,
376 2672 572 2747 ignoscitote!
603 2672 677 2731 Nam
691 2680 721 2731 et
730 2671 811 2730 illam
826 2686 922 2730 meant
937 2668 1053 2730 cladem
1070 2683 1127 2726 vos

101 2764 131 2815 et
146 2774 251 2816 omnes
267 2755 339 2815 boni
355 2755 518 2815 maximum
531 2770 604 2815 esse
616 2754 661 2814 rei
676 2754 815 2829 publicae
841 2755 951 2814 vulnus
968 2749 1127 2811 iudicastis

102 2847 131 2898 et
143 2840 174 2898 P.
191 2840 308 2900 Sestius
327 2848 374 2899 est
389 2856 461 2898 reus
476 2856 536 2899 noo
552 2855 625 2911 suo,
649 2839 706 2898 scd
721 2855 790 2898 meo
806 2837 942 2911 nornine,
966 2833 1128 2909 quiquam

102 2939 220 2983 omnem
234 2923 294 2982 vim
316 2922 364 2981 sui
378 2922 546 2983 tribunatus
567 2922 598 2982 in
620 2937 687 2981 mea
702 2923 799 2981 salute
813 2916 1051 2994 consumpserit,
1074 2932 1127 2974 ne-

102 3020 191 3064 cesse
206 3015 253 3066 est
267 3023 365 3065 meum
382 3023 505 3065 causam
519 3003 673 3082 praeteriti
688 3004 833 3079 temporls
852 3021 919 3065 cum
934 3001 1024 3064 huius
1039 3015 1128 3074 prae-

103 3089 179 3146 senti
196 3089 374 3149 delensione
389 3106 460 3149 esse
477 3091 676 3150 coniunctam.
784 3161 787 3167 .

184 3169 261 3230 XlV.
277 3171 327 3232 32.
350 3174 421 3232 llrat
435 3173 524 3248 igitur
537 3172 567 3232 in
588 3174 671 3231 luctu
685 3179 825 3231 senatus:
847 3168 1006 3243 squalebat
1020 3166 1128 3227 civitas

100 3252 223 3327 publico
247 3256 373 3315 consilio
397 3265 481 3316 veste
506 3263 631 3316 mutatat
658 3255 772 3318 nullum
794 3262 858 3313 erat
877 3253 980 3313 Italiae
1003 3249 1129 3309 munici-

100 3338 198 3410 pium,
214 3337 296 3394 nulla
310 3340 444 3412 colonia,
460 3341 541 3399 nullo
556 3339 758 3412 praefectura,
773 3337 855 3396 nulla
865 3337 979 3395 Romae
994 3333 1129 3395 societas

99 3420 305 3495 vectigalium,
328 3423 441 3481 nullum
456 3421 615 3496 collegium
631 3428 683 3482 aut
697 3418 857 3481 concilium
872 3429 923 3480 aut
937 3417 1060 3480 omnino
1075 3414 1129 3474 all-
