2340 3788
109 192 173 259 246
406 188 480 251 PRO
494 189 527 248 P.
542 186 674 249 SESTIO
689 186 841 249 cantro.

109 346 159 406 vel
184 341 366 403 adsiduitate
390 338 457 399 eius
482 340 532 399 vel
554 336 757 399 sollicitudine
780 347 811 399 et
829 328 969 399 molestia
987 338 1133 403 iudicare

111 427 140 490 7
166 426 258 486 Duxit
277 439 404 485 uxorem
426 430 511 497 patre
529 421 601 481 vivo
610 420 732 505 :optimi
750 428 782 481 et
800 420 1068 507 calamitosissimi
1079 425 1134 485 viri

109 509 218 579 illum,
237 508 271 567 L.
290 505 453 581 Scipionis.
481 494 615 565 csa'r'a
588 521 618 563 rn
637 502 743 565 hoel).
757 502 849 564 Sestii
864 487 967 578 aaut
976 504 1135 568 ex's'tititet

110 591 250 655 omuibus
270 598 369 665 grata,
394 589 478 663 quod
498 596 529 648 et
541 586 706 647 Massiliam
728 585 827 647 statim
841 587 998 684 proiectus
1018 598 1082 661 est,
1103 601 1136 653 ut

109 690 252 737 socerum
275 672 378 733 videre
401 670 616 745 consolarique
625 678 747 751 posset
766 656 938 731 fluctibus
927 666 973 731 rei
980 674 1134 747 publicae

109 752 284 832 expulsum,
301 755 332 815 in
348 754 456 833 alienis
469 754 557 815 terris
571 744 735 826 iacentem,
749 769 840 826 quem
855 753 885 813 ιιι
899 754 1047 816 maiorum
1062 774 1133 819 suo

107 858 176 903 rum
191 837 327 913 vestigiis
341 824 422 898 strlie
436 838 611 912 oportebat,
628 838 711 897 etad
726 853 794 896 eum
810 837 941 897 filiam
916 854 982 898 erus
996 840 1132 913 adduxit,

108 930 143 985 ut
156 923 227 983 ille
219 931 374 996 insperato
388 929 517 995 aspectu
531 921 755 994 complexuque
770 920 798 980 si
813 937 873 980 non
888 937 1019 993 ornnem,
1034 933 1067 984 at
1081 925 1134 983 ali

96 1002 1135 1179 ,littcalamitati-⁶2¹1tttttzumtlttttr

107 1174 191 1235 tavit
221 1171 350 1232 Possum
366 1171 458 1231 multa
472 1170 573 1230 (licere
588 1169 627 1229 (19
640 1169 828 1242 liberalitate,
843 1171 882 1230 de
895 1170 1073 1233 domesticis
1088 1175 1133 1232 ot-

51 1328 54 1333 ·
107 1254 202 1324 liciis,
225 1255 264 1313 de
278 1253 431 1316 tribunatu
449 1251 582 1324 militari,
603 1252 643 1312 de
664 1252 842 1328 provinciali
857 1254 887 1313 in
903 1270 943 1314 eo
956 1256 1133 1328 magistratu

50 1342 53 1347 '
79 1356 83 1363 ·
108 1334 305 1399 abstinentia:
331 1338 388 1397 sed
409 1336 481 1397 mihi
504 1344 574 1396 ante
594 1337 701 1398 oculos
721 1337 901 1398 obversatur
922 1336 968 1397 rei
992 1339 1133 1411 publicae

109 1420 250 1495 dignitas,
267 1436 346 1494 quae
360 1420 457 1479 meod
472 1436 542 1479 sese
555 1418 644 1503 rapit,
660 1419 736 1479 bnee
749 1418 867 1479 minora
879 1420 1050 1494 relinquere
1061 1420 1131 1481 hor-

107 1510 195 1564 tatur.
226 1502 256 1565 8.
278 1503 427 1576 Quaestor
439 1501 488 1561 hic
503 1504 534 1563 C.
549 1500 681 1575 Antbnii,
697 1503 834 1576 collegae
847 1502 916 1575 mei,
933 1502 1058 1574 iudices,
1075 1503 1132 1564 suit

57 1608 60 1613 ·
109 1595 202 1657 sorte,
216 1586 273 1655 sed
287 1586 431 1646 societate
446 1585 641 1647 consiliorum
658 1602 754 1647 meus.
785 1585 937 1660 Impedior
947 1600 1007 1647 non
1018 1585 1131 1647 nullius

110 1666 218 1742 officii,
239 1676 272 1730 ut
292 1685 350 1743 ego
371 1668 567 1743 interpretor,
585 1667 749 1743 religione,
773 1686 834 1743 quo
856 1669 956 1729 miuus
977 1684 1131 1744 exponam

111 1768 201 1826 quam
216 1752 309 1811 multu
321 1753 353 1811 Ρ.
369 1750 501 1823 Sestius,
523 1767 615 1827 quum
634 1760 719 1812 esset
738 1767 807 1813 cum
822 1754 941 1826 collega
953 1768 1036 1824 meo,
1060 1769 1130 1812 sen-

110 1833 191 1907 serit,
207 1836 247 1895 ad
260 1851 308 1894 me
322 1834 468 1907 detulerit,
484 1842 596 1909 quanto
611 1843 681 1895 ante
697 1834 873 1910 providerit
901 1839 1002 1910 Atque
1017 1851 1074 1909 ego
1092 1837 1131 1896 de

43 1974 47 1981 .
106 1919 240 1980 Antonio
254 1918 326 1977 nihil
338 1918 408 1977 dico
422 1926 543 1992 praeter
556 1934 663 1979 unum=
678 1935 842 1993 numquam
853 1918 934 1980 illurn
945 1918 997 1979 illo
1011 1936 1129 1979 summo

108 2001 215 2063 timore
226 2017 261 2067 ac
273 2001 408 2075 periculo
420 1998 549 2062 civitatis
561 2016 661 2075 neque
672 2018 860 2063 communem
871 2010 982 2062 metum
998 2003 1132 2062 omnium

44 2154 47 2161 Ι
88 2100 164 2157 ¹neu
187 2080 342 2158 propriam
362 2100 423 2144 non
445 2086 595 2150 nullorum
617 2085 742 2159 (teipso
764 2085 971 2159 suspicionem
992 2093 1044 2146 aut
1063 2085 1130 2144 inii·

44 2164 47 2169 '
107 2166 210 2226 tiendo
225 2167 330 2227 tollere
347 2175 398 2228 aut
412 2166 630 2228 dissimulando
646 2168 755 2227 sedare
765 2168 911 2228 voluisse.
923 2234 927 2241 ,
941 2169 976 2227 In
992 2186 1053 2243 quo
1069 2171 1130 2228 col·

108 2249 177 2320 lega
187 2248 365 2310 sustinendo
378 2259 469 2325 atque
482 2252 669 2312 moderando
682 2251 708 2311 si
722 2267 819 2311 meam
834 2251 864 2310 in
875 2251 957 2311 illum
972 2246 1129 2324 indulgen-

12 2356 17 2367 ·
107 2329 178 2390 tiam
195 2330 385 2392 coniunctam
407 2350 475 2394 cum
498 2351 616 2393 summa
635 2333 773 2394 custodia
787 2333 832 2394 rei
848 2334 989 2409 publicae
1004 2335 1131 2393 laudare

107 2428 180 2472 vere
201 2415 360 2488 solebatis,
386 2433 441 2490 par
460 2433 557 2492 prope
576 2419 643 2476 laus
657 2417 688 2474 P.
705 2417 796 2478 Sesu'i
812 2434 882 2477 esse
897 2417 1001 2490 debet,
1023 2416 1074 2490 qui
1089 2417 1131 2475 ita

108 2514 195 2557 suum
212 2500 368 2558 consulem
381 2500 563 2572 observavit,
581 2507 612 2559 ut
627 2508 656 2559 et
669 2499 711 2558 illi
724 2509 869 2575 quaestor
883 2500 983 2561 bonus
997 2510 1027 2560 et
1041 2499 1129 2559 vobis

108 2580 247 2640 omnibus
266 2581 398 2656 optimus
413 2582 489 2641 civis
504 2582 665 2646 videretur.

188 2665 239 2724 IV.
254 2662 284 2723 9.
306 2665 404 2736 idom,
429 2682 519 2745 quum
535 2664 586 2725 illa
601 2664 767 2727 coniuratio
789 2682 828 2725 ex
841 2667 964 2726 latebris
981 2673 1073 2740 atque
1090 2683 1130 2725 ex

105 2747 238 2807 tenebris
249 2747 402 2823 erupisset
413 2750 573 2823 palamque
585 2757 698 2810 armma
708 2749 854 2821 volitaret,
868 2749 951 2809 venit
962 2765 1029 2809 cum
1041 2763 1129 2806 exer-

106 2829 166 2890 citu
182 2831 324 2927 Capuam,
342 2847 433 2925 quarn
447 2831 551 2891 urbem
569 2842 693 2908 propter
709 2832 852 2908 plurimas
867 2832 938 2892 belli
952 2830 1128 2905 opportuni-

105 2920 182 2972 tates
195 2916 232 2973 ab
249 2914 320 2974 illa
312 2913 404 2988 impia
414 2922 446 2974 et
460 2916 608 2975 scelerata
624 2933 714 2976 manu
729 2915 867 2990 temptari
882 2913 1128 2988 suspicabamur:

105 2997 165 3067 ιιι
176 2995 295 3057 mdeM
310 2998 469 3069 Aulanum,
480 2997 630 3058 tribunum
642 2999 766 3059 militum
777 2999 910 3071 Antonii,
928 3000 1037 3073 Capua
1041 3013 1129 3081 prae

106 3072 226 3169 9ιριι9ιιι
240 3080 343 3151 9ι991ι
365 3079 515 3140 hominem
531 3082 680 3155 perditura
697 3090 727 3141 et
746 3098 806 3141 non
822 3083 953 3142 obscure
965 3074 1083 3140 Pisauri
1100 3082 1137 3139 et

105 3156 136 3215 in
156 3158 223 3218 aliis
240 3164 304 3235 agri
325 3162 430 3223 Gallici
451 3164 615 3238 partibus
607 3183 638 3224 ιιι
657 3164 708 3224 illa
731 3163 939 3224 coniuratione
959 3172 1129 3223 versatum:

105 3241 248 3314 idemque
258 3244 290 3302 G.
301 3246 485 3320 Marcellum,
503 3264 595 3321 quum
609 3247 636 3307 is
652 3264 713 3306 non
727 3249 825 3308 solum
837 3246 970 3321 Capuam
984 3245 1130 3318 venisset,

104 3340 210 3384 verum
227 3324 316 3386 etiam
331 3345 365 3386 se
380 3329 470 3403 quasi
484 3347 636 3390 armorum
650 3329 752 3389 studio
765 3329 796 3388 in
812 3329 972 3391 maximam
987 3329 1131 3390 familiam

104 3406 301 3479 coniecisset,
330 3412 590 3473 exterminandum
610 3412 721 3473 axilla
740 3413 815 3472 urbe
837 3411 963 3479 amavit
1003 3410 1070 3486 Qua
1090 3413 1130 3471 ‹le
