2340 3788
336 183 418 245 CAP.
435 188 569 247 bb-db-
590 186 617 249 i·
630 188 763 247 89-95.
1005 183 1075 251 dil·

54 360 61 400 ι
77 345 114 398 ut
126 335 233 396 vivere
248 332 338 395 liceat
355 334 555 395 obsecrantes
570 330 662 395 eliam
678 330 790 392 odisse
800 333 951 409 solemus,
973 336 1072 399 lones

54 417 236 482 :animosos
254 425 284 477 el
302 431 338 477 se
358 415 469 477 acriter
483 415 571 490 ipsos
589 414 679 475 morli
699 413 863 476 offerentes
878 430 1002 480 servare
1017 436 1072 481 cu-

54 503 152 573 imuS,
169 515 337 574 eorumque
350 515 409 558 nos
423 499 520 571 magis
534 495 667 570 miseret,
680 498 734 570 cni
749 505 885 559 nostrum
898 500 1071 563 misericor-

54 585 116 645 iam
131 598 192 643 non
205 580 378 657 requirunt,
402 596 494 656 quam
508 578 561 655 qui
575 578 656 640 illam
671 577 855 655 eiilagilem,
881 592 994 657 quanto
1010 586 1071 647 hoc

54 665 134 741 legis
149 665 179 725 in
196 663 371 726 fortissimis
385 662 506 724 civibus
517 665 618 723 lacere
630 663 801 724 debemus?
812 662 864 726 ss
875 664 926 725 Me
938 666 1069 741 quidem,

54 749 168 822 udices,
191 746 365 809 exanimant
386 754 417 807 ei
436 743 610 811 interimunt
628 744 688 807 hue
711 762 807 808 voees
828 746 966 823 Milonis,
993 766 1072 824 quas

54 833 126 895 adio
144 831 273 893 adsidue
289 839 319 892 et
333 827 451 926 ambus
470 828 618 889 incensum
639 828 762 890 cotidie.
805 831 936 892 Valeant
941 831 1073 907 ‚,inqun

54 917 156 977 oleant
179 913 264 975 cives
281 914 356 974 men
377 911 438 973 sint
454 911 640 986 incolumes,
655 911 716 973 sint
729 912 886 986 florentes,
901 915 962 975 sint
974 913 1072 975 beati·

54 1007 95 1061 el
115 997 193 1058 haec
209 997 284 1058 urbs
307 997 467 1071 praeclara
485 996 620 1070 mihique
635 993 734 1070 patria
747 996 921 1072 carissima,
945 1013 1071 1095 quoquo

54 1071 128 1143 lodo
152 1078 210 1140 eril
234 1079 341 1140 merita
363 1078 403 1138 de
427 1093 489 1138 me=
518 1077 681 1153 tranquille
700 1078 876 1176 republica
896 1079 957 1143 mei
977 1079 1072 1152 cives,

54 1161 182 1237 uoniam
200 1160 272 1221 mihi
291 1177 361 1222 cum
375 1161 436 1222 illis
450 1176 513 1222 non
528 1162 613 1233 licet,
632 1161 698 1222 sine
712 1177 762 1222 me
776 1163 852 1238 ipsi,
872 1164 930 1224 sed
946 1172 1074 1239 propter

54 1264 83 1307 le
99 1253 200 1305 lamen
215 1245 422 1320 perfruantur.
437 1260 496 1320 ego
512 1245 619 1304 cedam
633 1252 726 1319 atque
740 1244 848 1307 abibas
862 1248 889 1307 si
903 1244 977 1307 mibi
990 1246 1074 1307 bona

54 1347 65 1391 e
82 1327 208 1403 publiea
225 1328 283 1389 lrui
299 1344 360 1390 ιιι
374 1326 501 1401 licuerit,
514 1334 545 1387 et
559 1327 670 1387 carebo
686 1329 775 1403 mala,
794 1337 825 1390 el
836 1346 930 1405 qnam
941 1329 1072 1406 primum

54 1412 163 1487 sigero
177 1411 257 1472 bene
272 1419 418 1473 moratam
433 1420 463 1471 et
483 1411 609 1471 liberam
630 1409 796 1487 civitatem,
818 1413 849 1472 in
870 1428 909 1474 ec
926 1412 1073 1489 conquie-

54 1511 129 1557 eam.
172 1492 224 1557 94.
239 1493 263 1555 0
280 1495 405 1566 frustra,
423 1493 536 1570 inquit,
556 1492 630 1554 mihi
644 1496 782 1571 suscepti
795 1496 934 1558 iuberes!
962 1512 1072 1572 ospes

54 1581 161 1641 illaces
183 1586 213 1640 el
236 1577 436 1653 cogitationes
459 1577 568 1638 inanes
589 1586 693 1638 mecei
734 1578 801 1654 ligo
823 1597 917 1654 quum
933 1581 1071 1642 tribunus

53 1661 136 1723 lebis
149 1677 183 1720 re
198 1661 321 1736 publice
336 1676 488 1737 oppressa
504 1677 553 1720 me
572 1660 692 1721 senatui
711 1660 888 1739 dedissem,
910 1678 1001 1739 quem
1018 1678 1072 1723 ex-

54 1745 179 1808 inetum
193 1760 390 1838 acceperam,
404 1741 569 1817 equitibus
571 1741 729 1815 Romanis,
745 1758 873 1818 quorum
887 1744 972 1805 vires
986 1752 1074 1806 erant

54 1827 164 1898 ebileS,
180 1826 270 1886 bonis
283 1824 370 1898 viris,
384 1823 439 1899 qui
452 1839 574 1884 omnem
587 1823 798 1885 auctoritatem
809 1825 967 1887 Clodianis
981 1827 1074 1889 armis

54 1910 223 1994 bieceranl,
235 1906 308 1966 milri
317 1921 465 1999 nmquam
472 1907 623 1967 bonorum
629 1906 823 2004 praesidium
834 1910 1007 1970 minimum
1019 1924 1075 1984 pu-

54 1986 156 2055 trem'i
169 2006 227 2064 ego
243 2006 337 2065 quum
353 1997 439 2049 te-
455 1976 578 2050 inecnm
588 1988 669 2049 enim
685 1988 869 2087 saepissime
883 1991 1019 2068 loquitur
1032 2024 1076 2037 -

55 2085 106 2137 an
108 2090 156 2134 ιιι
171 2072 376 2157 reddidissem
387 2071 461 2133 mihi
475 2081 613 2148 putarem
629 2072 659 2132 in
678 2072 778 2149 papia
797 2090 859 2135 non
879 2076 1011 2136 futurum
1031 2076 1076 2137 lo·

54 2164 131 2222 uml
145 2157 203 2218 Ubi
215 2151 296 2218 nnnc
307 2165 435 2218 senatus
449 2164 513 2232 est,
528 2172 619 2233 quem
630 2150 729 2218 secuti
744 2165 873 2219 sumus?
885 2158 940 2220 ubi
953 2156 1075 2233 equites

54 2240 170 2305 ‚omani
183 2238 241 2313 illi,
256 2239 314 2315 illi,
332 2239 444 2315 inquit,
464 2241 530 2301 ιιιιι
549 2240 602 2303 ubi
623 2240 725 2302 studia
749 2241 1004 2319 municipiorum?
1022 2242 1076 2303 nbi

54 2324 145 2388 aliae
159 2330 278 2384 voces?
299 2322 353 2384 ubi
379 2320 512 2399 derliqne
526 2331 580 2385 tua
595 2323 662 2397 illa,
688 2324 729 2383 Μ.
741 2322 827 2399 Tulli,
842 2341 924 2401 quae
936 2324 1076 2403 plurimis

54 2411 95 2472 ιιι
110 2405 241 2481 auxilio,
256 2423 321 2466 vox
335 2413 429 2481 atque
443 2407 605 2468 dolensisc
623 2405 738 2468 mihine
757 2422 797 2468 eo
810 2408 884 2483 soli,
904 2409 957 2486 qui
973 2425 1030 2484 pro
1044 2417 1076 2468 ιι

54 2490 153 2555 >tiens
167 2488 257 2551 morli
273 2505 323 2550 me
338 2489 442 2562 obtuli,
457 2490 531 2551 nihil
545 2498 648 2566 potest
662 2489 826 2566 opitularis

102 2574 223 2633 XXXV.
242 2570 294 2634 95.
313 2572 377 2633 Nec
394 2573 574 2648 veronese,
594 2572 729 2647 iudices,
749 2582 969 2649 diagonum,
985 2573 1076 2651 ilens,

53 2657 100 2719 ed
121 2657 181 2716 hoc
200 2656 310 2718 eodem
326 2655 460 2733 loquitur
477 2658 562 2719 vullu
579 2674 641 2733 qno
661 2657 782 2719 videtis.
824 2658 922 2733 Negat
934 2657 1016 2718 enim
1031 2672 1075 2730 se,

57 2747 134 2812 egal
153 2738 277 2813 ingratis
298 2738 417 2800 civibus
436 2739 550 2800 iecisse
569 2756 649 2816 quae
660 2740 780 2813 lecerit,
805 2738 915 2802 limidis
933 2740 1078 2801 elomnia

59 2819 181 2885 ericula
200 2819 515 2898 circumspicientibus
535 2839 596 2885 non
613 2832 713 2900 negat.
755 2824 879 2885 Plebem
893 2831 924 2885 el
943 2823 1077 2884 infimo'm

54 2902 278 2980 rulliludinem,
304 2906 430 2983 quaeP.
448 2905 554 2968 Clodio
573 2907 652 2968 duce
671 2908 802 2969 fortunis
817 2906 928 2969 vestris
941 2907 1077 2968 immine·

54 2997 110 3061 al,
122 3002 202 3061 eam,
222 3006 284 3064 quc
298 2990 390 3052 ιιιιιιι
404 2998 495 3051 esset
501 2998 605 3051 vestra
618 2989 694 3063 viis,
717 3006 752 3053 se
767 2990 880 3052 iecisse
895 3005 1077 3052 commemo·

54 3082 89 3137 ιι
105 3080 139 3132 ιιι
152 3088 214 3134 non
230 3074 322 3136 modo
338 3074 449 3135 virente
463 3072 609 3150 ilecterel,
624 3068 784 3135 sedetiam
795 3073 892 3136 uibus
907 3074 971 3135 suis
986 3073 1078 3155 palri-

54 3154 156 3221 scniis
171 3156 327 3232 deleniret,
341 3164 400 3218 nec
412 3157 498 3218 timet
511 3173 560 3231 ne,
578 3173 671 3255 quum
687 3158 808 3233 plebem
823 3158 998 3219 muneribus
1013 3159 1078 3233 pla·

55 3238 134 3315 erit,
156 3256 216 3303 vos
236 3256 299 3303 non
314 3239 482 3302 conciliarit
494 3240 609 3302 meritis
623 3239 656 3300 in
675 3240 906 3321 rempublicam
921 3237 1079 3317 singulari-

54 3340 113 3388 us.
157 3323 289 3387 Senatus
309 3338 383 3400 ergo
405 3340 441 3384 so
456 3323 700 3386 benevolentiam
720 3316 909 3399 temporibus
930 3323 1010 3385 his
1000 3321 1079 3397 ipsis

55 3423 141 3483 aepe
156 3424 227 3519 esse
240 3415 451 3487 perspectam,
472 3414 593 3469 vestras
609 3423 684 3469 vero
706 3416 735 3469 et
752 3415 922 3549 veslrfflm
941 3404 1080 3468 ordinum
