2340 3788
7 115 9 123 ’
92 150 155 215 tea
357 148 396 207 m
412 148 446 207 n.
463 145 675 206 cnmnrrnu
690 143 832 205 canno
848 146 870 204 r.

95 303 185 365 etiam
201 297 292 361 bonis
309 297 494 361 ociosorum.
517 296 620 357 Habes
633 296 686 357 ubi
700 303 837 357 ostentes
848 303 931 357 tumn
945 295 1030 357 fflam
1040 312 1132 372 prae·

96 388 208 447 claram
225 381 401 459 patientiam
415 379 521 455 lamis,
551 379 690 454 frigoris,
716 380 841 455 inopiae
861 394 965 441 rerum
985 379 1131 457 omnium,

97 468 209 545 quibus
230 475 260 526 te
279 464 367 527 brevi
381 473 519 539 tempore
533 465 706 524 conlectum
720 478 794 523 esse
811 462 936 524 senties.
966 461 1020 526 at.
1050 464 1130 527 'lan-

94 560 158 614 tum
172 549 290 626 proieci
304 557 379 621 tum,
399 563 492 621 quum
505 554 536 607 te
551 562 570 604 a
585 547 748 606 consulatu
762 545 899 621 reppuli,
919 553 954 607 ut
968 548 1061 608 exsul
1075 564 1131 625 pc

94 635 156 697 tius
170 640 319 707 temptare
331 646 422 707 quam
439 630 548 690 consul
562 645 676 689 vexare
690 645 755 689 rem
769 629 925 702 publicam
942 645 1070 706 posses,
1084 640 1130 693 at-

97 732 158 793 que
172 724 205 776 ut
220 716 260 788 id,
278 714 363 791 quod
372 720 449 773 esta
460 721 490 773 te
505 713 653 773 scelerate
665 721 853 787 susceptum,
867 711 1060 775 latrocinium
1074 730 1134 791 po-

95 799 156 861 tius
174 815 264 873 quam
279 799 391 858 bellum
405 794 620 857 nominaretur.

179 881 230 940 XI.
255 883 350 954 Nunc,
364 887 399 939 ut
415 894 511 951 ame,
525 887 630 952 patres
647 877 828 954 conscripti,
850 879 1014 954 quamdam
1030 896 1131 956 prope

96 965 207 1028 iustam
223 964 340 1040 patriae
356 960 575 1037 querimoniam
589 963 724 1023 detester
737 978 774 1022 ac
789 962 953 1037 deprecer,
970 961 1131 1038 percipite,

98 1064 232 1124 quaeso,
255 1046 414 1121 diligenter
437 1060 516 1121 quae
532 1043 631 1104 dicam
652 1053 683 1104 et
701 1061 739 1104 ea
756 1044 876 1121 penitus
892 1043 1002 1105 animis
1019 1047 1132 1107 vestris

96 1131 311 1203 mentibusque
326 1129 476 1189 mandate.
508 1127 626 1189 Etenim
647 1127 675 1189 si
687 1144 807 1189 mecum
820 1126 934 1203 patria,
956 1143 1037 1202 quae
1056 1128 1131 1189 milri

95 1215 159 1274 vita
175 1229 244 1273 mea
256 1214 350 1273 multo
366 1220 415 1273 est
428 1211 543 1285 carior,
557 1212 585 1271 si
599 1219 708 1272 cuncta
722 1210 822 1284 ltulia,
845 1210 872 1271 si
889 1209 988 1272 omnis
1005 1228 1057 1271 res
1074 1228 1130 1288 pu-

96 1296 178 1357 blica
191 1296 347 1371 loquatur:
362 1294 403 1354 M.
421 1295 513 1368 Tulli,
530 1295 603 1371 quid
618 1293 709 1370 agist
733 1295 818 1355 Tune
833 1310 919 1367 eum,
949 1311 1042 1369 quem
1056 1310 1131 1356 esse

95 1380 216 1439 hostem
233 1377 424 1453 comperisti,
446 1393 536 1452 quem
551 1378 659 1439 ducem
673 1377 746 1438 belli
765 1378 897 1439 futurum
911 1375 1017 1450 vides,
1039 1394 1132 1454 quem

98 1461 271 1535 exspectari
291 1460 505 1535 imperatorem
521 1459 553 1519 in
573 1462 682 1522 castris
696 1460 830 1523 hostium
847 1459 958 1534 seniis,
973 1468 1131 1522 auctorem

97 1542 241 1616 sceleris,
267 1543 435 1619 principem
450 1543 684 1619 coniurationis,
710 1552 904 1605 evocatorem
924 1560 1086 1605 servorum
1100 1552 1131 1604 et

97 1624 209 1686 civium
223 1619 527 1702 perditorum,'exire
544 1626 678 1703 patiere,
694 1635 729 1689 ut
747 1628 803 1688 abs
818 1635 848 1687 te
863 1643 924 1688 non
940 1626 1074 1688 emissus
1088 1643 1132 1687 ex

97 1708 182 1781 urbe,
198 1710 255 1770 sed
275 1708 431 1771 immissus
451 1709 482 1770 in
505 1712 612 1771 urbem
628 1727 700 1772 esse
719 1709 878 1772 videaturt
918 1711 987 1772 Non
1000 1710 1083 1771 hunc
1097 1709 1130 1769 in

98 1791 220 1854 vincula
234 1792 316 1867 duci,
331 1810 391 1854 non
407 1794 447 1852 ad
458 1801 585 1855 mortem
600 1793 676 1870 rapi,
691 1810 753 1854 non
765 1810 884 1855 summo
896 1792 1050 1869 supplicio
1064 1809 1129 1853 ma-

97 1877 171 1937 ctari
187 1877 375 1952 imperabist
403 1875 455 1939 te.
473 1876 551 1952 Quid
565 1878 688 1938 tandem
701 1885 733 1938 te
747 1876 893 1952 impedita
910 1877 1021 1939 illosne
1033 1875 1129 1961 maio·

95 1967 184 2021 rumt
213 1962 255 2022 At
267 1977 419 2037 persaepe
434 1960 524 2021 etiam
537 1960 649 2036 privati
662 1960 694 2020 in
711 1960 769 2020 huc
788 1976 823 2020 re
840 1960 963 2037 publicu
977 1958 1129 2036 pernicio·

97 2059 151 2103 sos
169 2042 254 2105 cives
268 2052 366 2105 morte
385 2045 615 2105 mulctaverunt.
658 2046 707 2102 An
729 2045 829 2118 leges,
854 2060 933 2119 quae
954 2044 994 2105 do
1015 2036 1130 2104 civium

95 2126 302 2187 Romanorum
323 2127 474 2202 supplicio
494 2136 620 2202 rogatae
642 2134 734 2187 suntt
774 2129 816 2188 At
838 2142 1002 2201 numquam
1022 2125 1054 2186 iu
1069 2127 1130 2186 hac

95 2207 172 2267 urbe
188 2207 320 2282 quiere
335 2209 459 2284 publica
475 2210 653 2270 deiecerunt
667 2208 779 2275 obium
792 2211 859 2271 iura
878 2218 1047 2271 tenuerunt.
1079 2213 1129 2268 An

94 2288 241 2349 invidiam
263 2292 448 2365 posteritatis
474 2292 584 2354 times?
625 2291 815 2353 Praeclaram
840 2310 913 2355 vero
935 2295 1051 2368 populo
1064 2294 1127 2353 Ro-

95 2387 186 2431 mano
202 2374 299 2432 relers
314 2375 457 2449 gratiam,
473 2375 526 2451 qui
541 2384 570 2436 te
582 2374 737 2436 hominem
748 2393 806 2453 per
818 2385 849 2437 te
865 2376 1030 2452 cognitum,
1043 2377 1128 2437 nulla

96 2455 360 2518 commendatione
374 2458 535 2532 maiorum,
555 2467 616 2520 tam
627 2467 743 2521 mature
755 2461 795 2521 ad
805 2476 956 2521 summum
967 2458 1128 2534 imperium

90 2555 152 2614 per
167 2554 274 2600 omnes
289 2539 439 2601 honorum
454 2543 567 2617 gradum
583 2543 705 2617 extulit,
725 2543 753 2604 si
771 2551 896 2619 propter
915 2542 1060 2604 invidiam
1074 2550 1128 2603 aut

94 2621 223 2683 alicuius
240 2622 369 2697 periculi
384 2634 495 2685 metum
510 2628 639 2686 salutem
653 2625 764 2687 civium
779 2635 900 2687 tuorum
914 2622 1054 2702 negligis.
1074 2614 1135 2687 29?

94 2703 157 2766 Sed
171 2703 198 2764 si
213 2705 283 2781 quis
298 2713 347 2767 est
362 2705 495 2768 invidiae
511 2717 620 2784 metus,
639 2727 712 2771 num
726 2718 775 2771 est
784 2709 996 2772 vehementius
1009 2708 1126 2772 severi-

94 2786 163 2848 tatis
178 2804 215 2849 ac
231 2788 415 2851 fortitudinis
432 2789 548 2852 invidia
563 2808 653 2868 quam
670 2792 797 2854 inertiae
812 2809 850 2853 ac
864 2792 1019 2869 nequitiae
1035 2792 1124 2868 perti-

93 2874 279 2932 mesoendat
304 2876 354 2935 An
370 2891 463 2951 quum
476 2875 558 2937 bello
575 2876 743 2937 vastabitur
755 2876 854 2948 ltalia,
870 2877 1064 2937 vexabuntur
1075 2892 1126 2936 ur·

93 2951 165 3023 bes,
180 2961 259 3016 tecta
272 2958 435 3029 ardebunt,
452 2967 515 3020 tum
529 2967 559 3020 te
573 2975 635 3021 non
651 2960 808 3035 existimas
825 2958 959 3020 invidiae
982 2959 1127 3021 incendio

93 3033 371 3127 conflagraturumt
398 3042 462 3101 llll.
480 3040 539 3103 His
555 3059 614 3117 ego
629 3042 832 3104 sanctissimis
846 3042 891 3103 rei
914 3042 1056 3119 publicae
1070 3058 1130 3103 vo-

92 3115 181 3175 cibus
198 3126 346 3183 eteorum
362 3123 535 3198 hominum,
559 3124 612 3201 qui
626 3124 686 3187 hoe
699 3125 780 3187 idem
802 3126 950 3200 sentiunt,
971 3123 1128 3187 mentibus

91 3213 193 3273 pauca
206 3206 411 3276 respondebo.
454 3209 535 3282 Ego,
557 3206 585 3268 si
605 3208 665 3270 hoc
686 3209 832 3284 optimum
847 3211 929 3270 lactu
947 3205 1128 3283 iudiearem,

7 3312 13 3321 ν
91 3290 193 3355 patres
209 3286 388 3362 conscripti,
413 3291 569 3351 Catilinam
588 3300 686 3353 morte
706 3292 859 3366 mulctari,
887 3291 979 3355 unius
999 3308 1131 3355 usuram

91 3365 185 3427 horae
202 3367 362 3442 gladiatori
375 3372 426 3433 isti
439 3374 479 3435 ad
494 3374 658 3454 vivendum
678 3392 740 3438 non
754 3377 919 3438 dedissem.
931 3382 935 3409 ²
963 3376 1085 3442 Etenim
1099 3374 1129 3437 si
