2332 3772
362 104 444 165 CAP.
459 110 590 169 tt-ec.
612 111 639 173 §-
653 114 803 171 tto-102

91 258 230 329 mlieres,
245 272 311 317 rem
328 255 369 316 ad
382 254 578 331 magistratus
596 272 670 317 suos
685 257 834 320 deterunt.
858 259 1004 323 Omnibus
1019 278 1105 325 acer·

10 359 18 401 r
47 350 52 361 ’
88 338 331 415 baraindignuna
347 341 521 400 luctuosum
533 340 667 415 denique
681 338 851 403 videbatur.
875 344 947 406 100.
961 345 1105 407 Tumiste

32 434 36 441 ·
75 430 228 509 ,gamatus
246 422 300 482 iiia
315 421 472 483 atrocitate
493 422 631 497 negocii,
653 431 687 483 ut
705 423 743 482 ab
762 439 796 483 se
811 428 938 488 sceleris
955 428 1036 491 iltius
1052 446 1101 490 su·

10 530 28 576 u
80 506 167 584 micio
179 506 405 580 demoveretur,
420 506 473 565 dat
484 505 600 581 hospiti
616 523 673 567 sao
686 506 806 566 cuidam
822 510 990 584 negocium,
1006 521 1039 573 ut
1049 513 1102 573 ali-

77 606 159 667 mem
178 590 345 667 reperiret,
375 605 465 665 quem
490 589 564 649 iilud
590 589 702 649 iecisse
724 589 927 665 insimularet,
954 594 1104 670 daretque

10 732 16 745 ,
71 688 208 751 operam,
224 682 260 734 ut
274 674 302 734 is
318 688 355 733 eo
371 671 496 732 crimine
512 673 719 746 damnaretur,
738 690 776 732 ne
797 674 865 748 ipse
888 676 973 735 esset
992 678 1023 735 in
1045 677 1104 737 cri·

13 748 20 763 '
72 758 156 819 nine.
185 758 253 817 Res
268 772 331 817 non
346 756 595 831 procrastinetur.
621 757 696 816 Nam
717 774 809 832 quum
833 757 891 817 iste
906 757 1010 817 Catina
1031 776 1102 833 pro-

10 854 16 863 ·
71 840 280 914 accusasset,
299 838 382 900 servi
396 839 556 899 cuiusdam
571 856 680 900 nomen
701 841 844 913 defertur.
872 842 903 900 Is
922 851 1103 902 accusatur:

69 924 123 997 ¹leti
138 932 241 985 testes
255 923 286 983 in
303 940 372 983 eum
387 922 505 983 dantur.
530 924 605 983 Rern
620 932 748 984 cunctus
761 931 886 995 senatus
898 923 1103 985 Catinensium

10 1026 12 1033 ·
67 1008 183 1087 kgibus
198 1006 364 1099 iudicabp.
395 1005 579 1067 Sacerdotes
593 1016 758 1068 vocantur=
775 1025 815 1068 ex
828 1008 866 1068 iis
882 1007 1037 1084 quaeritur
1052 1024 1102 1068 se

68 1098 146 1153 creto
156 1090 193 1151 in
205 1089 292 1151 curia
304 1089 378 1165 quid
386 1091 576 1151 esseiactum
587 1091 812 1165 arbitrarentur,
825 1109 914 1167 quem
926 1092 1102 1153 admodum

66 1174 185 1251 mum
201 1181 289 1234 esset
303 1175 443 1233 ablatum.
467 1173 668 1248 Respondent
678 1173 757 1249 iliae,
772 1176 923 1250 praetoris
934 1174 965 1235 in
977 1192 1015 1236 eo
1030 1172 1115 1235 ioco·

66 1274 173 1321 servos
190 1270 264 1319 esse
279 1256 375 1317 visos.
405 1258 483 1328 ReS,
500 1272 579 1332 quae
595 1265 679 1318 esset
698 1257 757 1317 iam
774 1266 864 1319 antea
881 1275 943 1319 non
958 1259 1102 1331 obseura,

66 1342 261 1407 acardotum
277 1340 452 1400 testimonio
467 1338 633 1414 perspicua
648 1357 719 1401 esse
735 1343 846 1417 coepit.
874 1344 937 1402 itur
952 1341 982 1401 in
998 1341 1101 1402 consi-

65 1424 150 1489 tim:
165 1440 284 1485 servus
297 1423 348 1483 iiie
358 1423 507 1484 innocens
522 1422 661 1485 omnibus
674 1425 832 1486 sententiis
844 1424 1021 1499 absolvitur,
1038 1442 1100 1501 quo

66 1500 184 1569 hodius
208 1522 268 1567 vos
293 1506 375 1567 hunc
400 1506 541 1566 omnibus
563 1507 720 1568 sententiis
741 1509 945 1568 condemnare
962 1508 1100 1583 possitis.

66 1588 132 1653 tot.
159 1589 242 1665 Quid
254 1588 334 1649 enim
350 1591 500 1665 postulas
512 1591 649 1650 Verres?
663 1590 737 1665 quid
752 1598 883 1666 sperast
897 1590 972 1666 quid
989 1607 1101 1667 exspe-

67 1680 146 1741 ωσι
161 1690 258 1751 quem
269 1671 323 1733 tibi
334 1673 483 1733 autdeum
495 1681 547 1732 aut
557 1672 709 1733 bominem
724 1673 838 1733 auxilio
850 1674 1101 1748 iuturumputast

66 1756 146 1821 bone
157 1766 192 1819 tu
205 1772 319 1819 servos
331 1756 371 1815 ad
384 1755 578 1831 spoliandum
590 1756 691 1814 lanum
703 1755 861 1815 immittere
873 1772 968 1816 ausus
980 1772 1024 1828 es,
1036 1772 1099 1831 quo

66 1838 178 1905 iberos
190 1838 280 1901 adire
295 1855 334 1899 ne
351 1840 459 1898 orandi
481 1838 604 1913 quidem
627 1853 721 1896 causa
736 1839 782 1898 ias
797 1844 884 1898 erati
910 1836 991 1897 iisne
1005 1839 1099 1897 rebus

66 1940 171 1989 manus
187 1923 312 1988 adierre
327 1938 388 1982 non
403 1920 556 1993 dubitasti,
572 1937 590 1979 a
606 1919 717 1996 quibus
729 1920 819 1981 etiam
834 1922 942 1981 oculos
954 1918 1099 1981 cohibere

66 2016 93 2069 te
103 2007 290 2085 religionum
306 2005 374 2066 iura
389 2005 561 2080 cogebant
585 2004 716 2065 Tametsi
740 2021 779 2064 ne
795 2004 891 2066 ocurlis
910 2003 1033 2080 quidem
1049 2020 1098 2063 ca-

65 2098 131 2167 ptus
148 2092 182 2151 in
196 2090 280 2151 hanc
295 2089 432 2149 baudern
446 2097 507 2149 tam
522 2090 702 2149 sceleratam
722 2104 760 2148 ac
779 2097 841 2149 tarn
855 2086 999 2147 nefariam
1017 2087 1095 2148 deci·

66 2172 147 2237 tietb
162 2190 237 2235 nam
251 2171 284 2233 id
296 2171 476 2247 concupisti,
492 2174 574 2246 quod
587 2188 751 2247 numquam
762 2172 900 2232 videras:
912 2170 952 2245 id,
963 2171 1098 2247 inquam,

66 2257 223 2331 adamasti,
241 2256 326 2332 quod
340 2263 430 2315 antea
445 2270 505 2316 non
520 2272 698 2329 aspexeras.
718 2255 853 2317 Auribus
871 2263 903 2317 tu
918 2263 1030 2317 tantam
1046 2271 1100 2316 cu-

65 2340 222 2415 piditatem
234 2338 413 2413 concepisti,
426 2347 460 2400 ut
472 2353 538 2398 eam
553 2355 614 2398 non
629 2348 736 2413 metus,
749 2356 809 2400 non
821 2337 938 2413 religio,
949 2356 1011 2400 non
1025 2340 1099 2398 deo-

65 2438 133 2485 tum:
147 2422 218 2499 vis,
241 2439 305 2482 non
326 2421 480 2483 hominum
504 2420 685 2483 existimatio
707 2422 884 2484 contineret.
916 2421 986 2483 102.
1003 2422 1042 2480 Αι
1057 2435 1100 2480 ex

56 2504 142 2591 'bono
159 2506 240 2581 viro,
255 2505 357 2576 credo,
374 2505 515 2566 audieras
528 2511 557 2563 et
568 2505 648 2565 bono
663 2514 797 2566 auctore.
821 2505 877 2579 Qui
888 2503 920 2565 id
930 2512 1029 2580 potes,
1044 2503 1098 2577 qui

64 2606 100 2657 te
109 2606 153 2653 ex
163 2590 234 2651 viro
247 2588 371 2665 quidem
381 2588 487 2650 audire
498 2586 658 2663 potuerist
672 2588 793 2649 Audisti
804 2587 893 2662 igitur
907 2602 946 2645 ex
957 2585 1098 2644 muliare:

21 2722 24 2739 .
65 2672 211 2753 quoniam
224 2672 257 2733 id
274 2670 332 2731 viri
353 2687 410 2732 nec
427 2672 544 2732 vidisse
564 2686 664 2745 neque
680 2688 774 2732 nosse
791 2677 941 2745 poterant.
972 2668 1096 2741 Qualem

25 2756 28 2761 '
64 2772 154 2833 porro
168 2755 258 2817 iilam
270 2756 412 2816 laminam
430 2754 526 2816 inisse
540 2752 662 2829 putatis,
678 2753 818 2814 iudices?
838 2768 929 2827 quarn
943 2750 1095 2828 pudicam,

10 2912 12 2919 ¹
64 2856 230 2919 quaecum
243 2838 342 2899 Verre
357 2839 552 2914 loqueretur?
572 2853 663 2911 quarn
679 2836 863 2911 religiosam,
879 2850 957 2909 quoe
972 2836 1096 2896 sacrarii

10 2994 13 3005 ¹
63 2922 219 3001 spoliandi
225 2920 374 2984 rationem
385 2922 580 2983 ostenderet?
592 2928 640 2980 An
652 2918 773 2980 minime
784 2918 901 2990 mirum,
915 2936 993 2995 quae
1008 2935 1097 2981 sacra

63 3020 117 3083 per
131 3022 285 3085 summam
298 3005 505 3066 castimoniam
524 3004 657 3065 virorum
670 3020 706 3064 ac
717 3001 875 3063 mulierum
889 3003 972 3079 fiant,
987 3005 1097 3071 eadem

10 3146 13 3171 ;
62 3102 116 3169 per
131 3088 224 3151 istium
243 3097 380 3164 stuprum
395 3106 433 3150 ac
446 3087 593 3164 flagitium
611 3104 682 3149 esse
696 3086 830 3147 violatae

10 3228 15 3253 ,
144 3172 252 3233 ΧΙΝΙ.
267 3171 345 3247 Quid
360 3180 455 3247 ergo?
468 3172 527 3234 boc
540 3174 637 3232 sotum
654 3169 807 3232 auditione
823 3179 967 3248 expetere
983 3168 1094 3245 coepit,

10 3298 15 3337 ÷
66 3272 160 3331 quum
179 3254 213 3316 id
233 3254 304 3331 ipse
324 3272 386 3316 non
400 3255 551 3316 vidisset?
574 3256 667 3317 Immo
684 3269 756 3314 vero
773 3252 831 3314 alia
849 3252 1030 3331 compluria=
1054 3266 1096 3311 ax

68 3338 179 3415 quibus
204 3338 314 3412 eligam
341 3337 553 3414 spoliationem
573 3336 753 3401 nobilissimi
777 3346 868 3415 atque
888 3333 1097 3484 antiquissimi

121 3434 179 3481 erc.
197 3436 289 3483 onnr.
