2340 3788
383 183 464 244 cAP.
478 189 568 246 e-t.
590 188 617 250 s.
633 191 762 246 tl—tt.
1025 185 1089 254 207

58 337 121 398 bus
138 348 198 408 ego
211 333 313 408 rebus,
327 332 454 407 iudices,
470 331 511 393 ita
525 332 671 394 flectebar
684 334 785 394 animo
805 340 897 410 atque
917 337 1087 411 frangebar,

56 427 93 480 ut
106 417 167 477 iam
181 430 221 476 ex
234 417 379 478 memoria
393 433 470 492 quas
490 415 562 476 mihi
584 415 644 491 ipsi
666 418 781 476 fecerat
801 415 926 480 insidias
954 420 1088 496 depone-

58 516 135 572 rem,
152 497 261 560 utiam
274 498 442 561 immissum
463 514 534 560 esse
557 499 595 560 ab
610 514 647 559 eo
664 498 696 558 C.
713 498 897 573 cornelium,
919 501 972 578 qui
994 519 1043 563 me
1057 503 1088 563 in

57 582 138 646 meis
153 579 291 655 aedibus,
305 582 337 642 in
354 591 522 658 conspectu
536 581 640 642 uxoris
656 597 691 642 ac
705 580 867 642 liberomm
880 600 1015 645 meorum
1027 593 1088 647 tru-

59 666 187 736 cidaret,
199 663 406 729 obliviscerer.
429 665 512 739 Quae
527 663 554 723 si
565 665 604 724 de
617 680 678 725 uno
689 678 738 724 me
753 663 927 739 cogitasset,
940 683 1000 740 qua
1013 670 1088 729 mol-

63 749 128 811 litia
142 763 211 809 sum
228 746 319 808 animi
334 765 372 809 ac
385 749 516 821 lenitate,
537 763 700 821 numquam
713 745 886 808 mehercule
907 746 987 808 illius
1001 750 1087 809 lacri-

60 831 120 893 mis
139 846 177 890 ac
201 829 346 905 precibus
368 830 563 892 restitissem=
599 828 647 891 ta.
671 830 728 891 se'd
747 846 839 904 quum
864 828 940 915 mihi
963 833 1101 905 patriae„

60 930 155 991 quum
169 912 573 989 vestrorum‘periculorum,
589 930 683 988 quum
698 911 788 974 huius
803 911 897 984 urbis,
917 928 1009 988 quum
1022 912 1088 974 ilio-

58 1012 126 1059 rum
137 997 331 1057 delubrorum
341 1004 433 1072 atque
442 997 630 1071 templorum,
642 1013 735 1072 quum
748 1011 911 1071 pueramm
922 994 1089 1069 infantium,

60 1097 154 1157 quum
168 1088 371 1140 matronarum
386 1095 422 1139 ac
433 1079 582 1155 virginum
596 1079 736 1155 veniebat
752 1078 783 1139 in
797 1086 937 1154 mentem,
953 1086 983 1139 et
997 1095 1089 1153 quum

58 1162 131 1224 illae
143 1162 272 1223 infestae
285 1178 322 1222 ac
339 1163 477 1224 funestae
493 1165 577 1223 laces
588 1162 826 1239 universumque
839 1160 932 1223 totius
946 1159 1029 1222 urbis
1044 1158 1088 1220 in-

60 1245 209 1318 cendium,
226 1262 319 1321 quum
330 1248 398 1320 tela,
414 1262 507 1323 quum
519 1246 639 1319 caedes,
655 1262 748 1322 quum
760 1244 870 1307 civium
883 1261 982 1316 cruor,
996 1260 1089 1319 quum

60 1327 137 1390 cinis
155 1327 271 1403 patriae
287 1331 402 1390 versari
416 1331 607 1391 anteoculos
624 1337 716 1404 atque
738 1329 867 1390 animum
883 1327 1028 1389 memoria
1040 1342 1087 1387 re-

59 1411 169 1473 lricare
189 1420 349 1488 coeperat,
372 1422 434 1475 tum
452 1412 585 1489 denique
605 1411 634 1472 ei
648 1410 844 1486 resistebam,
866 1426 967 1487 neque
989 1413 1088 1472 solum

58 1493 100 1555 illi
116 1493 198 1555 hosti
213 1511 249 1556 ac
262 1495 442 1571 parricidae,
460 1496 515 1558 sed
536 1495 583 1556 his
600 1495 689 1556 etiam
704 1495 886 1572 propinquis
902 1495 993 1567 illius,
1009 1494 1087 1554 Mar-

59 1576 153 1650 cellis,
171 1578 249 1652 patri
265 1586 295 1639 et
310 1577 388 1651 filio,
410 1595 540 1654 quorum
554 1581 630 1639 alter
643 1580 726 1654 apud
742 1594 791 1638 me
805 1577 943 1654 parentis
957 1576 1088 1652 gravita-

58 1668 127 1732 tem,
143 1660 219 1720 alter
229 1660 282 1720 filii
294 1661 474 1723 suavitatem
485 1659 654 1721 obtinebam
669 1676 771 1736 neque
782 1676 831 1736 me
842 1660 1010 1720 arbitrabar
1020 1658 1089 1720 sine
1140 1656 1146 1667 '

58 1758 176 1803 summo
194 1743 311 1802 scelere
326 1758 429 1816 posse,
448 1743 532 1816 quod
545 1741 726 1802 maleficium
742 1743 773 1802 in
790 1740 858 1801 aliis
869 1740 1085 1812 vindicassem,
1151 1748 1154 1755 '

56 1824 140 1886 idem
154 1823 185 1882 in
196 1824 315 1882 illorum
328 1823 424 1894 socio,
440 1839 534 1897 quum
548 1822 672 1893 scirem,
694 1823 869 1883 defendere.
913 1821 964 1884 20.
986 1823 1089 1895 Atque

55 1905 140 1969 idem
157 1921 223 1978 ego·
239 1919 340 1978 neque
353 1903 385 1963 P.
400 1903 513 1965 Sullam
537 1902 707 1980 supplicem
734 1906 814 1965 terre
837 1919 938 1978 neque
963 1904 1088 1964 eosdem

54 1987 219 2049 Marcellos
244 2002 299 2061 pro
324 1985 415 2048 huius
439 1984 583 2062 periculis
607 1984 799 2049 lacrimantes
823 1986 962 2060 aspicere
986 2000 1090 2060 neque

54 2071 148 2132 huius
169 2069 209 2128 Μ.
232 2069 411 2144 Messallae,
435 2066 565 2131 bominis
587 2069 772 2146 necessarii,
803 2085 912 2144 preces
936 2066 1088 2130 sustinere

55 2151 157 2230 potui=
180 2151 377 2228 nequeenim
397 2161 445 2215 est
462 2169 556 2214 causa
574 2154 736 2214 adversata
750 2161 892 2225 naturae,
917 2168 975 2212 nec
995 2151 1087 2213 homo

56 2253 115 2297 nec
132 2251 183 2296 res
204 2234 431 2297 misericordiae
451 2253 538 2297 meae
558 2236 765 2312 repugnavit
790 2237 948 2310 Nusquam
965 2251 1086 2309 nomen,

55 2334 209 2394 nusquam
221 2317 381 2408 vestigium
398 2321 509 2382 luerat=
528 2322 642 2381 nullum
660 2319 783 2393 crimen,
801 2319 914 2399 nullum
932 2318 1085 2389 indicium,

55 2403 140 2463 nulla
155 2400 302 2476 suspicio.
346 2401 475 2478 Suscepi
491 2420 622 2476 causam,
640 2402 800 2479 Torquate,
824 2403 958 2478 suscepi,
984 2410 1014 2463 et
1028 2400 1087 2462 leci

56 2484 186 2546 libenter
199 2492 232 2546 ut
245 2501 309 2559 me,
326 2501 417 2559 quem
428 2484 501 2546 boni
516 2493 714 2560 constantem,
727 2493 761 2547 ut
775 2502 877 2562 spero,
892 2499 1087 2560 sempcrex-

55 2566 251 2640 istimassent,
270 2570 410 2630 eumdem
424 2585 462 2629 ne
477 2568 605 2645 improbi
622 2570 744 2646 quidem
764 2569 919 2630 crudelem
939 2566 1084 2626 dicerent.

138 2652 205 2711 vll.
225 2649 276 2712 21.
295 2651 353 2713 Hic
367 2652 408 2712 ait
420 2651 523 2724 seille,
536 2651 801 2728 iudices,.regnum
813 2667 914 2713 meum
929 2652 1009 2709 lerre
1025 2663 1086 2707 non

55 2750 162 2810 posse.
184 2734 271 2808 Quod
286 2735 415 2808 tandem,
427 2733 586 2810 Torquate,
602 2742 751 2812 regnumt
774 2735 966 2801 Consulatus,
983 2730 1084 2803 credo,

54 2819 130 2877 mei:
144 2819 175 2877 in
191 2832 251 2893 quo
266 2833 324 2892 ego
338 2816 487 2893 imperavi
497 2818 570 2878 nihil
590 2826 621 2879 et
631 2827 736 2880 contra
749 2817 886 2895 patribus
902 2812 1088 2888 conscriptis

55 2908 86 2962 et
99 2899 189 2960 bonis
204 2900 344 2963 omnibus
355 2900 459 2977 parui=
476 2917 537 2977 quo
548 2902 578 2960 in
590 2902 767 2977 magistratu
783 2916 845 2960 non
861 2897 1028 2958 institutum
1038 2903 1085 2958 est

54 2983 227 3045 videliceta
242 3001 290 3045 me
306 3001 441 3060 regnum,
460 2987 516 3045 sed
530 3000 715 3059 repressum.
751 2987 800 3043 An
814 2991 878 3043 tum
888 2981 919 3040 in
933 2988 1015 3042 tanto
1029 2981 1083 3041 im-

54 3065 141 3142 perio
152 3075 296 3142 tantaque
306 3076 457 3143 potestate
471 3084 531 3128 non
546 3066 624 3128 dicis
635 3084 683 3128 me
695 3066 790 3128 luisse
801 3081 914 3140 regem,
928 3080 1009 3125 nunc
1024 3063 1084 3140 pri-

55 3157 159 3210 vatum
174 3164 302 3224 regnare
314 3150 413 3212 dicist
429 3168 489 3226 quo
501 3152 623 3212 tandem
638 3149 781 3211 nominet
802 3149 890 3223 Quod
903 3148 935 3209 in
949 3142 1028 3223 quo's
1040 3157 1082 3207 te-

54 3232 569 3310 stimoniadixisli,inquit,damnati
579 3244 664 3295 sunt:
683 3250 772 3308 quem
781 3230 921 3292 delendis
934 3237 1036 3306 sperat
1048 3243 1083 3288 se

53 3315 227 3376 absolutum
243 3315 288 3378 iri.
308 3316 364 3376 Hic
382 3311 1081 3392 tibiegodetestimoniismeishocrespondco=

53 3398 81 3459 si
93 3399 204 3459 falsum
219 3398 356 3474 dixerim,
369 3408 399 3462 te
414 3399 445 3461 in
457 3401 582 3462 eosdem
597 3400 728 3461 dixisse:
744 3399 789 3459 sin
807 3413 919 3472 verum,
934 3409 995 3454 non
1011 3405 1083 3452 esse
