2340 3788
115 159 177 226 112
314 159 533 221 emimentem
550 158 606 217 cit.
621 156 772 216 Pomrdtt
786 156 938 217 ORATIO.

112 326 281 387 agnoscere
300 307 464 368 videamini
484 307 536 382 qui
552 307 631 375 baec
649 305 789 383 iecerintr
808 320 867 380 ego
886 314 989 366 autem
1009 306 1129 367 nomino

114 393 277 454 neminemr
299 409 359 466 qua
373 408 406 450 re
423 390 513 450 irasci
528 388 599 449 milri
612 404 700 450 nemo
716 388 840 463 poterit,
860 387 919 467 nisi
941 386 995 463 qui
1009 398 1080 449 ante
1094 391 1129 450 de

113 494 148 537 se
165 474 293 535 voluerit
314 473 458 533 confiteri.
494 473 599 546 ltaque
618 479 744 546 propter
764 472 842 530 banc
861 470 1018 531 avaritiam
1040 473 1129 548 impe

113 566 244 619 reiorum
260 566 387 631 quantas
403 555 601 626 calamitatem
619 568 813 628 quocumque
829 561 951 614 ventum
967 552 1024 626 sit,
1038 555 1130 615 nosbi

58 620 264 741 ſsxercitus
287 641 385 699 ierant
405 638 474 712 quis
495 637 633 710 ignorata
665 634 716 697 38.
737 636 846 696 lunera
867 651 947 708 quae
961 652 1020 710 per
1038 636 1129 698 hosce

113 740 210 784 annos
231 722 261 782 in
276 721 361 781 ltalia
377 738 432 796 per
451 735 541 794 agros
559 727 650 793 atque
670 717 784 793 oppida
801 716 911 777 civium
926 719 1130 780 Romanorum

113 805 209 866 nostri
233 805 431 878 imperatores
457 801 582 862 iecerint
602 799 818 862 recordamini:
843 807 906 860 turn
930 800 1053 883 lucilius
1073 810 1129 862 sta-

113 888 202 949 tuetis
224 887 298 963 quid
312 886 395 961 apud
411 893 528 945 exteros
550 883 688 944 nationes
708 882 774 943 lieri
795 881 982 942 existimetis.
1028 883 1130 944 Utrum

114 972 217 1046 plures
232 967 413 1029 arbitramini
428 984 483 1041 per
493 966 588 1026 hosce
602 983 700 1027 annos
714 964 838 1025 militum
854 973 1026 1025 vestrorum
1042 965 1129 1026 armis

86 1094 89 1099 -
113 1053 246 1114 bostium
259 1051 351 1110 urbes
365 1067 405 1109 an
425 1048 558 1108 hibernis
577 1051 729 1110 sociorum
745 1047 881 1107 eivimtes
901 1063 973 1107 esse
996 1049 1131 1109 deletust

113 1136 219 1210 Neque
232 1133 312 1192 enirn
328 1140 430 1207 potest
446 1130 610 1191 exercitum
624 1129 651 1191 is
668 1131 822 1191 continere
837 1130 1016 1204 imperator,
1032 1130 1085 1207 qui
1098 1145 1131 1191 se

114 1218 183 1293 ipse
193 1232 254 1276 non
265 1215 407 1286 continet,
423 1229 659 1289 nequeseverus
670 1229 741 1273 esse
753 1213 784 1272 in
799 1212 972 1285 iudicando,
987 1214 1043 1288 qui
1056 1212 1130 1273 alios

113 1299 145 1359 in
160 1314 194 1358 se
211 1313 336 1357 severos
351 1312 421 1356 esse
436 1296 553 1357 iudices
569 1312 628 1356 non
644 1298 718 1356 volt.
750 1294 800 1359 eu.
821 1295 877 1354 Hic
893 1295 1038 1356 miramur
1054 1294 1131 1356 bunc

113 1379 265 1440 hominem
290 1387 403 1439 tantum
424 1379 573 1438 excellere
595 1379 738 1450 caeteris,
763 1376 850 1438 cuius
873 1376 1013 1451 legiones
1035 1377 1130 1439 sicin

114 1464 218 1522 Asiam
233 1463 438 1534 pervenerint,
454 1469 486 1520 nt
501 1477 561 1520 non
576 1462 666 1520 modo
683 1477 789 1521 manus
803 1461 875 1521 tanti
890 1460 1059 1532 exercitus,
1075 1460 1131 1521 sed

115 1561 152 1603 ue
167 1543 326 1618 vestigium
343 1542 464 1617 quidem
480 1541 619 1616 cuiquam
635 1550 742 1616 pacato
758 1543 901 1603 nocuisse
911 1542 1050 1604 dicatur?
1069 1543 1131 1603 Iam

114 1643 188 1687 vero
205 1642 293 1700 quem
309 1625 486 1685 admodum
501 1624 609 1684 milites
625 1625 783 1686 hibernent
797 1625 907 1686 cotidie
922 1641 1081 1687 sermones
1094 1641 1131 1684 ae

115 1700 230 1769 litterae
241 1710 445 1783 perferuntur:
463 1724 522 1767 non
538 1708 628 1767 modo
643 1715 676 1768 ut
689 1717 841 1784 sumptum
858 1707 947 1767 sociat
965 1709 994 1768 in
1009 1707 1130 1769 militem

114 1791 225 1852 nemini
235 1791 283 1851 vis
297 1793 439 1863 adtemur,
455 1791 510 1850 sed
524 1806 563 1850 ne
576 1790 706 1865 cupienti
720 1792 842 1867 quidem
855 1789 1130 1867 cuiquam-permit·

28 1890 31 1895 '
114 1876 194 1936 titur.
228 1874 343 1935 Hiemis
357 1874 451 1943 enim,
474 1890 534 1934 non
550 1874 693 1933 avaritiae
707 1873 876 1948 perfugium
889 1873 1023 1935 maiores
1035 1871 1130 1935 nostri

114 1958 144 2018 in
160 1956 312 2019 sociorum
328 1964 419 2031 atque
433 1956 595 2016 amicorum
608 1956 695 2016 tectis
706 1973 777 2016 esse
787 1958 956 2015 voluerunt.
983 1955 1064 2015 XIV.
1080 1954 1129 2016 to.

102 2044 182 2114 *Age
201 2056 274 2099 vero
299 2041 423 2100 caeteris
446 2038 476 2098 in
497 2040 588 2098 rebus
610 2037 689 2112 quali
711 2038 750 2098 sit
771 2038 969 2113 temperantia
991 2038 1129 2099 conside

114 2129 187 2181 rete.
216 2122 304 2180 Unde
318 2122 398 2180 illam
411 2129 521 2181 tanum
538 2119 716 2180 celeritatem
729 2129 759 2180 et
772 2129 832 2181 tem
845 2120 1053 2181 incredibilem
1065 2137 1130 2180 cur·

86 2248 90 2255 .
116 2220 183 2263 sum
196 2201 350 2263 inventum
364 2204 498 2278 putatis?
523 2203 589 2262 Non
605 2203 683 2261 enim
699 2204 781 2263 illum
798 2203 907 2263 eximia
921 2204 968 2263 vis
984 2204 1129 2277 remigum

116 2292 167 2344 aut
186 2301 235 2343 ars
257 2286 389 2347 inaudita
411 2285 559 2361 quaedam
575 2285 762 2359 gubernandi
782 2296 833 2346 aut
847 2285 928 2346 venti
948 2285 1043 2361 aliqui
1060 2284 1129 2346 nori

115 2376 175 2428 tem
191 2366 328 2426 celeriter
337 2369 367 2427 in
384 2369 501 2428 ultimas
513 2377 608 2427 terras
624 2369 817 2442 pertulerunt,
834 2369 890 2429 sed
904 2385 960 2428 eae
974 2384 1036 2442 res,
1051 2382 1129 2443 quae

115 2458 252 2510 caeteros
267 2451 412 2510 remorari
430 2452 542 2523 solent,
562 2468 623 2510 non
639 2452 841 2511 retardarunt:
867 2468 927 2511 non
946 2451 1075 2511 avaritia
1091 2450 1129 2509 ab

113 2534 247 2594 instituto
262 2549 353 2592 cursu
366 2535 406 2595 ad
422 2534 563 2607 praedam
579 2533 710 2607 aliquam
725 2534 892 2606 devocavit,
908 2551 968 2594 nort
982 2534 1077 2594 libido
1090 2532 1130 2592 ad

114 2618 314 2691 voluptatem,
335 2632 395 2676 non
412 2615 578 2675 amoenitas
593 2617 633 2675 ad
649 2616 893 2687 delectationem,
913 2633 974 2676 non
988 2615 1129 2677 nobilitas

114 2700 198 2760 urbis
215 2699 255 2758 ad
269 2697 486 2772 cognitionem,
508 2715 568 2757 non
587 2698 719 2774 denique
740 2699 826 2759 labor
841 2699 910 2773 ipse
925 2700 965 2758 ad
982 2698 1129 2773 quietem:

115 2792 267 2856 postremo
284 2782 370 2857 signa
384 2789 414 2840 et
427 2781 544 2840 tabulas
561 2789 740 2857 caeteraque
756 2788 930 2842 ornamenta
946 2781 1130 2841 Graecorum

115 2867 311 2939 oppidorum,
334 2880 411 2939 quoe
433 2864 541 2923 caeteri
555 2865 688 2925 tollenda
710 2880 780 2924 esse
801 2865 993 2937 arbitrantur,
1017 2880 1056 2924 ea
1073 2860 1131 2922 sibi

114 2945 164 3005 ille
177 2965 216 3007 ne
231 2948 358 3009 visenda
373 2947 495 3023 quidem
510 2946 700 3007 existimavit.
736 2946 785 3010 41.
805 2949 910 3021 Itaque
928 2962 1036 3006 omnes
1052 2959 1131 3005 nunc

42 3037 45 3045 '
114 3028 144 3084 ln
164 3028 210 3086 his
231 3031 306 3092 locis
325 3032 376 3091 Cn.
396 3030 570 3104 Pompeium
592 3031 670 3089 sicut
691 3029 821 3104 aliquem
837 3047 897 3090 oon
919 3046 960 3088 ex
978 3030 1037 3088 bec
1057 3028 1131 3089 urbe

115 3107 255 3181 missum,
281 3114 396 3173 sedda
420 3115 503 3173 eaelo
526 3113 683 3186 delapsum
703 3112 869 3174 intuentur:
896 3129 975 3172 nunc
998 3112 1132 3186 denique

114 3189 260 3265 incipiunt
270 3197 394 3256 eredere
408 3195 502 3256 luisse
513 3194 650 3255 homines
661 3197 814 3256 Romanos
825 3197 881 3255 bec
893 3195 1049 3268 quondam
1060 3210 1131 3255 con·

114 3273 252 3345 tinentia,
279 3278 441 3350 quodiam
466 3278 636 3338 nationibus
659 3280 769 3338 exteris
797 3277 973 3338 incredibile
993 3294 1031 3340 ac
1054 3280 1131 3338 falso

114 3355 278 3419 memoriae
292 3359 443 3433 proditum
456 3362 628 3422 videbatur:
647 3377 726 3422 nune
743 3361 861 3437 imperii
876 3360 970 3423 vestri
985 3363 1132 3437 splendor
