2340 3788
74 216 183 283 2156
259 298 264 304 .
369 209 454 272 tut.
470 208 680 271 cnrtutnnn
695 208 836 270 ortano
852 210 905 270 tv.

49 362 52 367 ’
120 367 165 430 qui
178 370 257 415 morte
272 362 432 412 mulctandos
448 361 506 411 illos
521 358 653 420 censebat,
669 359 793 410 altered.
810 358 941 420 Οιιιιιὶι,
966 360 1011 423 qut
1023 359 1082 412 illos
1091 374 1144 428 pu·

120 433 218 484 blicatis
228 433 301 481 bonis
314 445 361 496 per
375 431 514 495 mumolpls
519 428 607 479 ltaliae
621 428 809 481 dlstribuendos
823 443 854 478 se
868 427 978 479 vinculis
984 431 1146 495 sempiternis

119 501 241 553 tenendos
246 501 413 550 existimabat
431 498 513 558 Quum
527 506 611 549 ιιιιιιιι
625 496 713 562 plures
727 503 856 548 senatores
867 495 934 551 auc.
943 491 1059 548 Camari·
1072 514 1147 562 qnam

121 568 199 619 adD
218 567 296 618 Silani
310 568 461 619 sententiam
476 566 595 616 inclinare
612 566 769 628 viderentur,
784 565 818 614 M.
835 562 920 614 Cieero
935 579 978 624 ea,
1000 580 1066 630 quae
1082 568 1147 619 inim

120 637 223 702 legitur,
240 637 353 686 oratione
370 635 448 689 Silani
465 636 615 685 seutentiam
629 601 805 684 command'nro
819 633 923 682 studuit.

203 768 226 825 Ι.
249 765 278 826 1.
298 734 417 840 Video,
437 774 541 843 patres
562 761 743 840 conscripti,
758 763 790 823 in
803 780 852 824 nte
866 765 998 825 omnium
1012 776 1147 829 vestrum

121 868 176 912 ora
192 859 222 911 at
224 867 283 926 que
302 853 409 912 oculos
429 865 500 910 esse
519 864 703 912 conversos=
724 845 816 907 video
836 863 893 906 vos
909 863 972 908 non
992 852 1094 911 solum
1108 852 1146 929 de

121 941 224 994 vestro
241 936 336 994 aerei
350 932 504 1013 publicae,
527 949 633 992 verum
648 932 752 1003 etiarn,
773 946 800 990 st
791 928 846 989 id
860 930 1023 1027 depulsum
1037 933 1092 1007 sit,
1108 921 1146 994 de

120 1034 189 1085 meo
205 1017 340 1092 periculo
355 1031 427 1076 esse
441 1014 600 1075 sollicitos·
640 1015 695 1075 Est
709 975 781 1072 mi’tn
800 1012 963 1074 iucunda
954 1031 985 1073 tn
1006 1015 1095 1077 malis
1116 1027 1146 1078 et

121 1110 206 1178 grata
219 1099 250 1159 in
266 1100 372 1159 dolore
385 1106 486 1159 vestra
500 1114 573 1172 erga
585 1114 634 1158 nne
648 1098 804 1168 voluntas,
826 1096 882 1157 sed
896 1112 978 1170 eam,
998 1100 1056 1172 per
1069 1099 1146 1160 deos

120 1182 321 1255 immortales,
342 1181 486 1256 deponite
508 1189 600 1257 atque
617 1179 701 1241 obliti
718 1179 825 1240 salutis
844 1195 931 1240 meae
948 1181 988 1240 de
1003 1180 1093 1242 vobis
1109 1198 1146 1242 aa

84 1285 87 1293 ¹
120 1268 160 1327 de
174 1264 285 1325 vestris
298 1263 401 1324 liberis
417 1263 556 1340 cogitate.
590 1263 663 1322 Mihi
678 1261 705 1322 si
720 1262 795 1322 haee
811 1261 950 1323 condicio
966 1266 1145 1326 consulatus

121 1349 192 1408 data
204 1355 260 1418 est,
278 1355 311 1408 ut
326 1363 432 1406 omnes
447 1346 643 1420 acerbitateS,
661 1362 767 1408 omnes
786 1346 909 1406 dolores
929 1346 1146 1424 cruciatusque

119 1432 300 1506 perferrem,
330 1431 424 1490 leram
437 1446 498 1490 non
514 1432 612 1499 solum
625 1429 756 1503 fortiter,
782 1445 888 1489 verum
903 1429 994 1491 etiam
1007 1429 1145 1506 libenter,

120 1514 193 1573 dum
216 1513 308 1573 modo
329 1513 404 1572 meis
424 1512 580 1574 laboribus
592 1512 682 1573 vobis
702 1514 880 1587 populoque
893 1513 1033 1574 Romano
1045 1513 1145 1589 digni-

118 1604 167 1657 tas
181 1596 326 1672 salusque
340 1596 484 1671 pariatur.
525 1595 554 1657 2.
581 1597 646 1671 Ego
662 1612 729 1657 sutn
743 1597 793 1656 ille
807 1596 931 1669 consid,
951 1605 1054 1671 patres
1068 1613 1145 1658 oon-

119 1678 234 1754 soripti,
251 1678 299 1740 oui
313 1696 375 1740 non
391 1681 499 1755 iorum,
513 1677 544 1739 in
557 1697 618 1756 quo
631 1679 728 1740 omnis
740 1679 878 1754 aequitas
888 1678 1066 1753 continetur,
1082 1697 1145 1761 nun

122 1779 248 1838 campus
263 1763 475 1825 consularibus
490 1762 638 1839 auspiciis
652 1771 858 1836 consecratus,
876 1779 937 1824 non
950 1763 1043 1836 ouria,
1060 1781 1144 1825 sum·

119 1862 201 1907 mum
217 1847 362 1907 auxilium
378 1848 510 1908 omnium
526 1846 667 1922 gentium,
683 1863 743 1906 non
761 1846 880 1920 domus,
899 1862 1057 1907 commune
1071 1862 1143 1922 per-

119 1930 250 2004 fugium,
271 1946 332 1990 non
343 1932 441 1991 lectus
457 1931 497 1990 ad
515 1932 647 2007 quietern
661 1930 764 2002 datus,
779 1946 840 1990 non
854 1929 987 2007 denique
999 1930 1076 1990 haee
1094 1947 1143 1992 se·

103 2012 176 2073 'des
196 2013 321 2075 honoris
345 2014 432 2092 [sella
456 2013 580 2092 eurulis]
601 2031 745 2088 umquam
762 2029 860 2074 vacua
880 2013 986 2074 mortis
1005 2012 1144 2088 periculo

119 2103 211 2168 atque
223 2095 344 2156 insidiis
359 2096 422 2158 luit.
443 2098 508 2171 ugo
520 2100 613 2157 multa
623 2096 713 2170 tacui,
726 2098 818 2156 multa
832 2095 949 2172 pertuli,
963 2098 1057 2158 mulla
1071 2114 1145 2159 eon·

120 2178 216 2251 cessi,
245 2181 338 2239 multa
353 2196 422 2240 meo
443 2180 575 2254 quodam
597 2181 703 2240 dolore
724 2179 756 2239 in
776 2188 878 2240 vestro
893 2180 1000 2241 timore
1025 2181 1144 2240 sanavi.

118 2259 204 2318 Nune
220 2262 246 2320 si
259 2261 340 2321 hune
355 2263 468 2324 exitum
483 2264 659 2325 consulatus
674 2263 733 2322 mei
749 2262 781 2323 di
800 2263 984 2324 immortales
999 2278 1071 2324 esse
1088 2281 1144 2324 vo-

118 2342 252 2415 luerunt,
267 2352 300 2404 ut
315 2362 372 2405 vos
393 2348 601 2422 populumque
615 2347 784 2422 Romanum
800 2364 839 2406 ex
856 2348 950 2406 caede
963 2344 1143 2419 miserrima,

66 2439 73 2446 ·
119 2425 266 2501 coniuges
285 2427 461 2505 liberosque
479 2438 601 2491 vestros
622 2429 816 2504 virginesque
837 2431 976 2491 Vestales
990 2444 1031 2488 ex
1056 2445 1144 2489 acer-

116 2508 244 2570 bissima
257 2511 428 2586 vexatione,
443 2514 555 2588 templa
568 2521 661 2588 atque
674 2514 809 2588 delubra,
820 2513 900 2573 hano
911 2510 1145 2588 pulcherrimam

117 2592 244 2667 patriam
260 2594 392 2654 omnium
408 2605 544 2658 nostrum
561 2613 601 2656 ex
616 2596 794 2657 foedissima
811 2596 947 2668 flamma,
970 2604 1065 2657 totam
1085 2597 1143 2656 lta·

116 2676 188 2737 liarn
203 2692 243 2740 ex
257 2678 338 2738 bello
358 2687 389 2738 et
410 2679 549 2741 vastitate
569 2680 732 2755 eriperem,
762 2677 1068 2756 quoecumquemihi
1091 2677 1145 2738 uni

116 2769 305 2835 proponetur
319 2762 452 2836 fortuna,
475 2763 628 2824 subeatur.
663 2763 780 2824 Etenim
799 2763 826 2824 si
844 2763 876 2822 P.
893 2763 1038 2824 Lentulus
1055 2779 1143 2823 suum

116 2859 227 2903 nomen
251 2845 392 2907 inductus
413 2863 431 2905 a
448 2846 566 2906 vatibus
588 2846 679 2907 totale
701 2847 741 2906 ad
756 2846 921 2922 perniciem
941 2844 987 2906 rei
1002 2845 1143 2921 publicae

117 2923 182 2984 iore
202 2929 333 3003 putavit,
359 2945 412 2989 eur
425 2945 483 3004 ego
498 2945 559 2990 non
574 2932 669 2990 laeter
686 2946 785 2990 meum
803 2930 995 2991 consulatum
1011 2929 1051 2988 ad
1063 2929 1143 2987 salu·

117 3013 176 3064 tem
193 3013 299 3085 populi
312 3013 441 3073 Romani
459 3029 555 3087 prope
570 3014 692 3073 fatalem
707 3014 884 3074 exstitisset
923 3011 961 3070 ll.
975 3011 1005 3074 3.
1022 3010 1144 3084 Quare,

116 3096 219 3162 patres
234 3096 408 3192 conscripti,
423 3095 573 3157 consulite
588 3095 685 3169 vobis,
701 3095 868 3172 prospicue
879 3091 1004 3170 patriae
1020 3110 1144 3155 eonser

115 3178 186 3230 vate
202 3189 258 3233 vos
266 3178 452 3254 o,oniuges,
465 3177 579 3240 liberos
594 3179 794 3255 fortunasque
811 3187 931 3239 vestras
938 3178 1069 3253 ,populi
1084 3177 1145 3236 Ro

115 3254 196 3314 mani
212 3272 322 3316 nomen
346 3264 535 3337 salutemque
553 3261 721 3322 defendite:
742 3260 815 3321 mihi
836 3277 965 3336 parcere
980 3276 1018 3321 ae
1039 3261 1081 3320 de
1098 3275 1146 3319 me

115 3337 249 3412 cogitare
264 3339 403 3402 desinite.
428 3345 503 3404 Nam
521 3345 650 3420 primum
666 3345 765 3404 debeo
786 3360 911 3418 sperare
930 3359 1038 3405 omnes
1056 3343 1145 3414 deos,

116 3421 169 3494 qui
185 3421 255 3482 huic
269 3422 335 3484 urbi
350 3428 540 3501 praesident,
562 3443 619 3502 pro
641 3443 679 3487 eo
701 3426 773 3488 mibi
794 3442 830 3488 aa
848 3443 969 3488 mereor
989 3427 1144 3486 relaturos
