2340 3788
373 191 454 252 cnr.
467 199 512 253 oo.
523 198 566 253 ιι
581 195 607 258 s
624 198 776 254 ιιι-ιιι
857 259 859 263 .
1046 187 1089 254 ιιι

62 340 235 405 onerariam
248 301 407 420 maximam
421 341 551 416 publice,
566 356 657 415 quam
670 340 757 402 Verri
772 342 939 403 dederunt?
968 343 1084 417 Negare

61 441 127 486 non
152 432 317 498 poterunt.-
343 422 540 485 Frumentum
556 422 626 482 ab
617 421 655 481 ris
682 424 881 499 sumpseritne
909 425 940 485 C
961 427 1083 500 Verres,

63 506 149 584 quod
162 507 278 581 populo
291 506 428 566 Romano
441 504 583 578 mitteret,
601 503 690 564 sicuti
702 506 898 579 superiores?
917 507 1083 583 Negabunt.

63 589 144 665 Quid
156 588 283 649 militum
299 597 351 648 aut
364 597 521 648 nautarum
535 603 591 662 per
609 585 768 647 triennium
784 588 940 649 dederintt
965 591 1084 651 Nullum

62 674 169 733 datum
182 670 292 731 dicent.
320 670 427 732 Fuisse
441 671 614 731 Messanam
629 669 762 730 omniurn
777 670 864 731 istius
885 673 1035 734 furtorum
1048 690 1083 733 ac

61 754 245 852 praedarum
258 753 455 828 receptricem
473 767 585 827 negare
595 769 656 812 non
671 760 827 828 poterunt:
848 756 996 827 permulta
1009 757 1086 816 mul-

61 838 102 899 tis
122 835 252 897 navibus
266 836 348 896 illinc
363 843 535 911 exportata:
556 834 634 895 hanc
649 851 755 895 navem
776 833 908 909 denique
924 837 1084 897 maximam

60 917 287 982 aldamertinis
304 919 419 991 ἀιιιιι,
444 926 583 978 onustam
602 934 671 979 eum
685 914 744 978 isto
761 918 929 993 prolectam
950 918 1084 980 latebun-

58 1012 120 1064 tur.
151 999 221 1085 151.
250 1001 345 1074 Quam
370 1001 492 1061 obrem
512 999 565 1062 tibi
585 1002 662 1062 habe
682 1017 755 1061 sane
775 1000 863 1062 istam
884 1000 1085 1063 laudationem

59 1083 323 1144 Mamertinorum:
345 1083 568 1160 Syracusanam
591 1083 713 1164 quidem
735 1082 901 1156 civitatem,
927 1091 961 1144 ut
980 1085 1036 1145 abs
1056 1093 1085 1145 te

61 1168 184 1228 adlecta
203 1175 264 1239 est,
291 1166 333 1227 ita
351 1165 382 1225 in
401 1175 430 1226 te
449 1183 519 1227 esse
539 1165 698 1227 animatam
722 1165 874 1227 videmus:
902 1168 985 1242 apud
1007 1183 1085 1242 quos

62 1248 153 1311 etiam
168 1249 276 1308 Verria
288 1248 340 1309 illa
352 1248 503 1324 flagitiosa
515 1251 632 1310 sublata
643 1259 721 1310 sunt.
751 1248 868 1318 Etenim
881 1248 1002 1310 minime
1014 1265 1085 1310 con·

62 1331 220 1407 veniebat,
235 1331 262 1391 el
277 1334 402 1393 deornm
416 1333 549 1392 honores
564 1331 683 1406 haberi,
706 1331 757 1407 qui
777 1331 938 1393 simulacra
959 1335 1084 1394 deorum

61 1413 248 1476 abstulisset.
279 1413 376 1476 Etiam
395 1414 516 1475 hercule
539 1414 640 1476 illud
632 1431 663 1474 ιιι
678 1414 882 1492 Syracusanis
907 1415 1013 1477 merito
1037 1433 1084 1475 ιι-

60 1496 309 1573 prehenderetur,
327 1497 362 1572 si,
380 1501 472 1574 quum
488 1497 568 1558 diem
582 1500 692 1558 festum
706 1498 845 1560 ludorum
863 1497 932 1559 del
918 1498 1004 1560 lastis
1020 1485 1085 1559 suis

61 1579 258 1641 sustulissent
270 1581 498 1641 celeberrimum
513 1589 543 1640 et
553 1581 785 1653 sanctissimum,
803 1580 886 1657 quod
900 1597 937 1642 eo
952 1583 1020 1656 ipso
1036 1582 1086 1642 die

61 1661 237 1737 Syracusae
250 1679 269 1722 a
282 1662 551 1737 Marcellocaptae
572 1680 642 1723 esse
663 1663 816 1738 dicuntur,
837 1664 928 1723 iidem
948 1662 1085 1724 diemle·

59 1751 142 1804 stum
156 1744 263 1804 Verris
277 1744 398 1823 nomine
412 1753 550 1818 agerent,
568 1762 661 1819 quum
674 1745 732 1805 iste
744 1762 763 1804 a
777 1742 989 1822 Syracusanis,
1005 1762 1085 1820 quae

57 1825 111 1886 ille
128 1824 323 1886 calamitosus
338 1825 405 1885 dies
419 1825 588 1899 reliquerit,
603 1826 776 1897 ademisset.
807 1829 849 1887 Αι
866 1827 968 1886 videte
990 1828 1085 1887 horni-

55 1907 108 1983 ¹rtis
125 1906 341 1980 impudentiam
358 1915 450 1981 atque
464 1906 683 1980 adrogantiam,
697 1907 814 1968 iudices
822 1907 897 1982 ,qni
912 1923 972 1966 non
989 1910 1086 1968 solum

56 1976 174 2050 ¹terrie
184 1987 259 2046 haec
273 1987 372 2084 turpia
389 2005 426 2049 ac
441 1989 567 2049 ridicula
582 2005 622 2049 ex
632 1988 763 2049 Heraclii
777 1989 907 2064 pecnnia
924 1988 1086 2054 constitue

54 2073 110 2144 rit,
138 2069 348 2131 verumetiam
361 2072 515 2132 Marcellia
529 2072 592 2132 tolli
605 2070 773 2168 imperarit,
797 2081 831 2132 ιι
849 2071 877 2132 ei
898 2084 985 2132 sacra
991 2073 1086 2152 ιιιι

55 2162 128 2215 rent
148 2153 325 2249 quotannis,
348 2153 435 2216 cuius
456 2171 550 2230 opera
564 2154 696 2216 omnium
716 2172 864 2217 annorum
888 2170 975 2216 sacra
995 2155 1086 2217 deos-

59 2251 123 2312 que
136 2235 253 2311 patrios
270 2236 447 2298 amiserant:
465 2237 534 2299 eins
556 2248 668 2301 autem·
665 2237 803 2300 familiae
826 2237 892 2299 dies
913 2239 1007 2300 lestos
1030 2239 1086 2301 tol-

57 2319 172 2393 lerent,
188 2336 243 2395 per
261 2337 352 2396 quarn
367 2330 504 2383 caeteros
521 2335 645 2397 quoque
666 2323 725 2383 lest
713 2330 762 2382 tos
778 2321 843 2383 dies
860 2330 1086 2396 recuperarent.

474 2584 677 2598 Ω--η
