2340 3788
99 188 163 253 304
371 185 445 245 PRO
462 186 518 247 GN.
533 186 693 247 PLANCIO
709 185 867 247 ORATIO..

102 353 232 401 necesse
247 344 294 396 est
307 335 434 410 gradus:
457 337 546 398 cedat
562 335 714 397 consulari
728 339 832 411 generi
848 335 1050 413 praetorium,
1072 357 1132 402 nee

101 421 266 485 contendat
285 435 352 479 cum
372 419 524 493 praetorio
549 419 670 481 nomine
693 427 837 494 equester
860 423 957 481 iocus.
1003 421 1134 486 Sublata

102 512 173 567 sunt
190 502 304 575 studia,
323 501 490 562 exstinctae
506 502 753 577 suffragationes,
780 504 881 563 multae
906 505 1131 581 contentiones,

102 589 184 649 nulia
203 586 325 646 libertas
341 583 445 659 populi
469 585 500 646 in
522 586 699 647 mandandis
713 585 950 660 magistratibus,
976 589 1063 648 nulia
1080 605 1134 649 ex·

102 669 249 747 spectatio
266 667 494 742 suffragiorum:
519 669 607 741 nihil,
628 678 661 729 ut
675 671 850 743 plerumque
865 669 981 743 evenit,
1008 682 1134 745 praeter

103 751 277 829 opinionem
302 752 541 813 accidetz'nulie
564 753 620 812 erit
641 751 767 826 posthac
782 751 912 812 varietas
929 753 1133 815 comitiorum.

103 837 156 899 Sin
173 835 233 896 hoe
248 851 398 910 persaepe
412 833 539 908 accidit,
565 842 597 894 ut
612 843 642 895 et
658 835 755 894 iactos
770 830 889 908 aliquos
903 841 934 893 et
953 851 1017 895 non
1034 837 1133 898 iactos

102 935 174 981 esse
187 917 343 992 miremur,
369 917 395 977 si
409 933 534 993 campus
557 925 648 992 atque
669 918 737 977 iliae
757 918 856 977 undae
871 917 1079 994 comitiorum,
1102 929 1135 980 ut

103 1018 186 1063 mure
202 1003 394 1079 ‚profundum
419 1009 448 1061 et
471 1000 665 1072 immensum,
698 998 743 1058 sic
768 999 972 1060 effervescunt
997 1004 1134 1076 quodam

105 1084 194 1161 qnasi
208 1093 309 1155 aestu,
327 1092 361 1143 nt
381 1083 420 1143 ad
442 1084 519 1144 aiios
539 1084 700 1154 accedant,
725 1082 763 1141 ab
777 1082 844 1142 aliis
863 1090 963 1142 autem
977 1087 1132 1158 recedant,

102 1177 186 1229 tanto
202 1167 389 1241 ncs'impetu
404 1167 572 1227 studiorum
592 1176 622 1227 ει
641 1174 725 1226 motu
741 1164 916 1226 temeritatis
938 1167 1063 1228 modum
1077 1168 1132 1227 eli-

105 1266 194 1327 quem
211 1258 242 1310 et
258 1247 416 1309 consilium
431 1257 461 1309 et
474 1248 620 1310 rationem
632 1246 844 1322 requiremus?
879 1247 929 1309 16.
941 1248 1008 1321 Qua
1020 1268 1054 1311 re
1068 1250 1134 1311 noli

104 1331 207 1394 moad
224 1330 447 1392 contentionem
461 1339 596 1391 vestrum
614 1347 732 1404 vocare,
745 1330 926 1393 Laterensis.
944 1354 947 1361 ·
969 1332 1089 1392 Etenim
1108 1333 1135 1391 si

104 1416 220 1491 populo
235 1421 320 1488 grata
335 1421 383 1473 est
406 1413 530 1483 tabella,
542 1430 620 1488 quac
635 1415 749 1473 frontes
761 1413 858 1488 aperit
872 1413 1033 1488 hominum,
1045 1433 1135 1474 men-

104 1505 152 1558 tes
169 1496 243 1570 tcgit
256 1497 370 1570 datque
386 1513 453 1555 eam
471 1495 650 1569 libertatem,
665 1503 697 1555 ut
712 1497 796 1570 quod
813 1496 904 1556 veiint
917 1497 1041 1569 iaciant,
1057 1514 1135 1571 pro·

105 1579 221 1641 mittant
236 1586 337 1639 autem
353 1580 436 1653 quod
448 1588 606 1653 rogentur,
622 1595 675 1638 cur
689 1587 721 1639 tu
740 1578 771 1638 id
789 1579 819 1638 in
834 1577 942 1640 iudicio
958 1585 991 1638 nt
1005 1579 1059 1638 fiat
1076 1597 1135 1639 ex·

106 1661 218 1738 primis,
236 1663 320 1737 quod
333 1678 395 1721 non
409 1662 443 1722 iit
456 1662 484 1721 in
501 1669 630 1737 campet
672 1662 727 1720 Hic
743 1679 832 1735 quam
846 1664 896 1722 iiie
911 1659 1041 1735 digniorr
1060 1678 1135 1736 per-

107 1762 197 1822 quam
213 1760 305 1819 grave
322 1753 369 1805 est
383 1745 472 1806 dictu.
515 1745 579 1818 Quo
599 1746 690 1806 modo
715 1743 806 1819 igitur
828 1753 875 1805 est
891 1744 1036 1818 aequiust
1081 1744 1137 1804 Sic

106 1828 213 1889 ereum
231 1829 315 1903 qncd
329 1827 434 1902 agitur,
450 1828 534 1903 qnod
549 1828 623 1890 satis
638 1835 686 1888 est
699 1827 805 1887 iudici:
820 1827 869 1886 hic
885 1829 981 1887 iactus
995 1835 1051 1887 est.
1076 1829 1138 1888 Cur

105 1911 164 1973 iste
178 1913 280 1986 potius
299 1927 389 1986 quom
406 1918 485 1985 egoi
513 1913 569 1971 Vei
585 1910 689 1970 nescio
707 1911 753 1968 vei
768 1927 829 1970 non
845 1911 913 1972 dico
928 1911 977 1969 vei
991 1907 1136 1984 denique,

107 1994 189 2069 quod
210 1993 282 2054 mihi
296 1993 508 2068 gravissimum
523 2003 613 2067 esset,
626 1994 652 2052 si
667 1993 807 2066 dicerem,
823 1994 878 2053 sed
894 1994 1016 2068 impune
1033 2000 1136 2052 tamen

106 2078 247 2137 deberem
261 2078 378 2137 dicere:
399 2077 465 2136 Non
486 2084 577 2136 recte.
618 2078 692 2134 Nam
719 2076 792 2149 quid
813 2078 1015 2150 adsequerer,
1034 2075 1062 2134 si
1083 2078 1136 2134 iiia

106 2167 239 2220 extrema
254 2159 431 2220 defensione
447 2170 560 2232 uterer,
583 2161 728 2234 populum
750 2159 832 2233 quod
848 2158 995 2218 voluisset
1012 2159 1137 2231 iecisse,

108 2258 168 2303 non
188 2244 271 2315 quod
288 2242 464 2303 debuisset?

191 2325 255 2383 Vll.
278 2321 328 2385 17.
351 2324 449 2398 Quint
471 2326 496 2384 si
513 2325 618 2400 populi
632 2341 755 2398 quoque
767 2325 876 2383 iactum
889 2325 1032 2397 defendo,
1050 2323 1140 2384 Late·

107 2407 223 2480 rensis,
240 2416 271 2467 ει
287 2407 384 2467 doceo
402 2408 452 2468 Cn.
468 2407 620 2467 Piancinm
645 2424 706 2467 non
730 2407 904 2480 obrepsisse
925 2409 964 2467 ad
980 2408 1139 2479 honorem,

108 2489 165 2551 sed
181 2506 218 2550 εο
235 2490 358 2550 venisse
382 2507 487 2563 cursu,
514 2490 565 2565 qui
586 2507 707 2564 semper
725 2490 855 2565 patuerit
873 2489 1047 2550 hominibus
1064 2491 1139 2550 ortis

107 2573 168 2634 hcc
183 2579 289 2634 nostro
308 2576 440 2648 equestri
463 2576 547 2646 ioco,
573 2570 882 2648 possumne'eripere
910 2573 1040 2633 orationi
1070 2583 1140 2633 tuae

108 2656 332 2717 contentionem
346 2665 495 2728 vestrum,
528 2673 606 2731 quae
631 2656 752 2716 tractari
779 2656 844 2715 sine
870 2655 1054 2717 contumelia
1080 2674 1141 2715 uon

108 2749 218 2815 potest,
233 2748 262 2800 et
273 2749 303 2800 te
317 2739 356 2799 ad
372 2755 495 2800 causam
512 2739 677 2814 aliquando
693 2738 869 2814 crimenque
886 2740 1062 2799 deducere?
1101 2739 1142 2811 Si,

108 2824 192 2896 quod
207 2823 317 2897 equitis
336 2822 464 2881 Romani
481 2822 561 2882 filius
575 2831 638 2895 est,
663 2821 787 2882 interior
803 2823 1005 2896 esse‘debuit,
1032 2838 1143 2882 omnes

107 2914 207 2966 tecum
235 2905 369 2980 equitum
390 2907 594 2966 Romanorum
615 2905 667 2964 filii
693 2905 877 2980 petiveruntr
905 2905 978 2964 nihii
993 2903 1066 2965 dico
1083 2923 1143 2965 am·

109 2988 203 3061 plius:
225 2989 283 3048 hoc
304 2998 402 3050 tamen
418 2990 525 3061 miror,
548 3006 601 3048 eur
621 2988 690 3048 huic
709 2988 898 3063 potissimum
913 2989 1068 3059 irascare,
1095 2987 1144 3064 qui

109 3069 285 3141 longissime
303 3090 320 3131 a
337 3082 366 3133 te
382 3073 463 3133 afuit.
496 3073 660 3146 Equidem,
679 3072 705 3132 si
723 3073 862 3146 quando,
885 3081 917 3132 ut
932 3073 978 3143 iit,
1000 3071 1102 3133 iactor
1115 3073 1144 3130 in

108 3150 210 3222 turba,
226 3170 285 3213 non
301 3155 382 3215 iilum
401 3173 531 3228 accuso,
555 3155 607 3229 qui
622 3162 668 3214 est
683 3155 711 3214 in
727 3171 843 3214 summa
859 3172 947 3214 saera
962 3154 1029 3229 via,
1051 3172 1143 3231 quum

109 3251 167 3310 ego
185 3234 223 3292 ad
237 3235 361 3296 Fabium
380 3239 523 3299 fornicem
539 3238 686 3312 impellor,
704 3240 757 3298 sed
777 3256 853 3310 eum,
873 3237 966 3313 quiin
979 3256 1028 3297 me
1042 3241 1145 3314 ipsum

107 3316 235 3378 incurrit
250 3327 340 3391 atque
356 3321 468 3381 incidit.
500 3324 544 3380 Tu
559 3337 658 3396 neque
671 3322 704 3393 Q.
719 3321 822 3394 Pe'din,
838 3323 907 3381 forti
924 3321 997 3392 viro,
1013 3339 1145 3382 suscen-

106 3417 161 3461 ses
175 3417 277 3477 neque
290 3402 361 3462 huic
376 3406 411 3465 A.
427 3404 540 3477 Plotio,
553 3404 744 3465 ornatissimo
761 3404 889 3479 homini,
912 3404 1054 3466 familiari
1069 3421 1146 3470 meo.
