2340 3788
98 182 163 251 aaa
345 247 348 257 ,
398 156 471 241 nno
486 180 518 239 r.
534 179 666 241 snsrto
681 179 831 242 anano.

98 333 286 411 potuissent,
300 329 332 389 hi
351 329 460 390 summi
479 329 597 406 imperii
615 329 737 391 nomine
756 329 861 390 armati
889 347 953 392 rem
972 332 1124 407 publicam

1 450 15 479 n
100 414 353 478 contrucidarunt.
387 413 509 474 Foedus
526 414 662 474 iecerunt
680 429 749 474 cum
763 414 882 473 tribuno
899 415 997 489 plebis
1014 419 1124 494 palam,

75 498 184 587 ¹„ulam
199 512 236 556 eo
252 494 426 571 provincias
442 495 615 571 acciperent
634 514 676 571 qu
730 498 737 509 '
761 497 788 555 si
801 498 947 589 pallanta„
976 499 1123 581 xqrcitqm

99 589 130 642 et
153 578 310 655 p'eeup'am
326 580 596 720 quantamyaqlent
611 588 654 645 ca
673 582 701 639 le
722 595 754 650 e,
765 562 883 653 'iiipsi
900 598 921 655 p
938 579 945 594 ‘
1002 562 1124 661 t'riliuito

98 662 198 740 plebis
219 597 428 722 aidldtmn'et'
444 654 520 722 cons'
533 655 641 722 rictain'
655 661 892 751 'rempublicam
911 663 1124 727 tradidissent:

16 752 23 817 j
94 746 131 806 id
145 753 244 804 autern
260 744 369 805 loedus
386 759 453 804 meo
470 744 618 819 sanguine
631 744 722 816 ictum
738 740 848 805 sanciri
863 748 957 819 posse
972 742 1124 810 drdebant

97 830 148 890 25.
171 828 284 901 Quare
299 827 450 902 patefacta
462 862 505 874 —
519 827 713 903 nequeenim
730 827 913 905 dissimulari
929 837 1042 889 tantum
1056 848 1125 892 sce·

21 934 24 945 ·
97 914 147 973 lus
163 919 280 986 poterat
294 926 352 970 nec
367 912 460 970 latere
473 943 529 984 —,
548 900 775 986 promulgantur
788 891 1037 988 dnd'eodcmque
1050 921 1125 974 tem·

98 1011 174 1071 pore
187 992 360 1068 rogationes
375 993 414 1052 ab
428 992 536 1054 eodem
548 992 667 1055 tribuno
681 994 722 1054 de
733 1009 800 1054 mea
811 993 946 1068 pernicia
958 995 1041 1056 etde
1053 1013 1124 1072 pro·

96 1076 206 1139 vinciis
224 1077 382 1136 consulum
398 1075 582 1136 nominatim.

181 1160 230 1218 XI.
252 1158 308 1218 Hic
328 1166 390 1219 turn
412 1168 535 1220 senatus
557 1157 719 1231 sollicitus,
749 1175 821 1233 vos,
848 1157 966 1233 equitas
984 1160 1123 1234 Romani,

99 1241 235 1313 excitati,
258 1240 343 1302 ltalia
357 1250 465 1302 cuncta
482 1250 633 1327 permota,
655 1241 907 1323 omnesdenique
921 1243 1056 1302 omnium
1071 1259 1124 1318 ge·

97 1343 204 1387 nerum
215 1333 307 1399 atque
319 1325 457 1385 ordinum
468 1325 552 1385 cives
563 1318 697 1385 summae
707 1324 752 1383 rei
764 1325 903 1399 publicae
914 1341 933 1383 a
945 1327 1123 1386 consulibus

97 1418 190 1485 atque
205 1424 223 1467 a
238 1422 355 1468 summo
369 1407 496 1483 imperio
516 1407 679 1483 petendum
693 1423 764 1467 esse
781 1406 924 1471 auxilium
937 1408 1122 1468 arbitraban-

97 1502 159 1564 tur,
185 1488 276 1566 qutlni
295 1490 337 1549 illi
359 1490 417 1552 soli
436 1499 541 1552 essent
560 1500 680 1566 praeter
700 1490 846 1550 luriosum
867 1486 951 1550 illum
969 1490 1124 1551 tribunum

98 1576 160 1635 duo
171 1573 215 1634 rei
227 1574 365 1648 publicae
376 1574 525 1644 turbines,
545 1575 595 1648 qui
610 1590 671 1634 non
685 1574 776 1633 modo
788 1573 993 1648 praecipitanti
1004 1573 1123 1649 patriae

98 1675 159 1717 non
173 1656 382 1730 subvenirent,
398 1657 455 1717 sed
465 1672 532 1717 eam
543 1658 665 1717 nimium
675 1655 761 1717 tarde
771 1653 933 1715 concidere
944 1666 1122 1717 maererent.

97 1739 300 1813 Flagitnbatur
313 1740 358 1799 'ab
376 1739 416 1801 iis
436 1739 546 1800 cotidie
561 1756 654 1815 quum
671 1739 804 1814 querelis
823 1739 971 1798 bonorum
987 1739 1123 1799 omnium

96 1830 160 1884 tum
180 1823 269 1883 etiam
290 1822 432 1898 precibus
452 1832 590 1897 senatus,
612 1832 762 1891 ulmeam
783 1838 906 1893 eausam
921 1821 1121 1896 susciperent,

98 1915 230 1982 agerent,
245 1905 358 1982 aliquid
385 1905 517 1981 denique
532 1907 571 1966 ad
586 1914 724 1966 senatum
737 1907 899 1966 referrent:
916 1903 937 1964 ii
953 1922 1014 1965 non
1028 1903 1128 1965 modo'

97 1991 255 2065 negando,
279 1988 334 2049 sed
357 1989 447 2049 etiam
466 1989 620 2050 irridendo
637 1986 855 2063 amplissimum
871 2002 1023 2063 quemque
1040 1987 1122 2047 illius

50 2104 59 2121 ·-
99 2072 213 2133 ordinis
234 2072 480 2147 insequebantur.
516 2071 567 2132 26.
589 2072 644 2132 Hic
667 2073 766 2161 subito
783 2087 877 2159 quum
891 2069 1076 2130 incredibilis
1090 2070 1123 2130 in

98 2155 276 2228 capitolium
291 2155 448 2216 multitudo
463 2171 503 2214 ex
516 2162 579 2216 tota
593 2156 667 2214 urbe
682 2145 851 2231 eurietaqr'tq¹
863 2153 948 2237 ltalia
960 2153 1122 2213 convenis·

98 2244 160 2307 set,
185 2246 300 2296 vestem
322 2239 493 2298 mutandam
515 2254 621 2298 omnes
643 2253 752 2312 meque
776 2236 865 2297 etiam
890 2236 972 2296 omni
995 2238 1123 2308 ratione,

98 2320 216 2394 privato
232 2319 375 2392 consilio,
395 2322 536 2395 quoniam
552 2320 683 2395 publicis
697 2320 825 2380 ducibus
836 2336 887 2379 res
898 2319 1021 2394 publiea
1038 2334 1123 2379 eare-

95 2410 158 2474 ret,
180 2402 403 2462 defendendum
424 2413 576 2480 putarunt.
619 2403 692 2463 Erat
711 2404 819 2463 eodem
840 2410 976 2479 tempore
997 2410 1123 2473 senatus

8 2528 11 2533 ·
97 2484 128 2546 in
149 2485 226 2544 aede
248 2484 449 2559 Concordiae,
478 2488 560 2560 quod
583 2486 684 2561 ipsum
708 2488 851 2560 temptum
874 2476 1127 2560 repraesentabat

97 2568 272 2629 memoriam
290 2571 465 2631 consulatus
486 2571 560 2642 mei,
585 2587 678 2644 quum
692 2569 771 2629 llcns
792 2569 954 2629 universus
969 2569 1045 2628 ordo
1061 2566 1123 2626 cin-

97 2651 249 2713 cinnatum
264 2654 420 2712 consulem
434 2654 552 2712 orabat=
569 2669 637 2712 nam
652 2655 727 2712 alter
737 2653 789 2713 ille¹
797 2651 939 2725 horridus
954 2658 984 2710 et
996 2665 1123 2709 severus

97 2738 237 2796 consulto
254 2752 289 2794 se
303 2734 385 2794 domi
397 2736 577 2795 continebat.
607 2736 671 2808 Qua
682 2730 898 2809 tumsuperbia
910 2749 1035 2794 coenum
1047 2731 1124 2790 illud

59 2888 62 2893 ¹
97 2834 133 2879 ac
154 2821 240 2879 labes
253 2817 432 2892 amplissimi
450 2818 563 2878 ordinis
580 2834 689 2893 preces
711 2827 741 2878 et
756 2816 998 2903 clarissimorum·
1007 2812 1123 2895 pivium

12 2906 15 2911 “
97 2900 237 2961 lacrimas
250 2899 435 2976 repudiavit!
462 2916 510 2959 me
526 2900 627 2974 ipsum
643 2909 675 2961 ut
689 2901 870 2975 contempsit
882 2901 973 2971 belqc
991 2895 1122 2974 patriae!

98 2998 167 3041 nam
180 2985 253 3058 quid
265 3001 322 3059 ego
335 2982 506 3058 patrimonii
518 2984 631 3055 dicam,
648 2982 807 3058 quoditie,
825 3000 918 3059 quum
930 2982 1018 3058 quasi
1030 2997 1123 3055 quae·

98 3072 176 3123 stum
197 3068 324 3140 laceret,
353 3065 473 3126 amisita
513 3068 595 3138 Vos,
620 3065 760 3140 inquam,
785 3066 905 3143 equites
925 3062 1079 3136 Romani,
1095 3071 1126 3123 et

99 3161 204 3206 omnes
217 3147 290 3207 boni
308 3158 393 3211 veste
407 3158 521 3209 mutata
534 3165 590 3208 vos
604 3165 661 3223 pro
680 3165 748 3209 meo
765 3150 864 3223 cupite
880 3150 920 3208 ad
931 3147 1029 3222 pedes
1040 3148 1124 3205 leno·

98 3229 146 3291 nis
172 3228 368 3303 impurissimi
391 3231 577 3306 proiecistis:
611 3247 678 3290 cum
694 3226 818 3291 'restris
846 3231 989 3304 precibus
1015 3230 1054 3288 ab
1082 3229 1124 3286 la-

96 3323 183 3374 trone
205 3312 256 3372 illo
277 3313 427 3388 repudiati
443 3314 527 3375 estis.
555 3313 610 3373 Vir
632 3312 801 3373 incredibili
817 3313 894 3385 lide,
917 3310 1126 3388 magnitudine

97 3397 203 3469 animi,
232 3396 416 3470 constantia,
443 3398 475 3457 L.
496 3396 638 3469 Ninnius,
665 3395 705 3456 ad
725 3403 864 3458 senatum
887 3396 926 3455 de
946 3392 1127 3469 republica
