2340 3788
247 261 251 266 ⁵
354 140 777 238 GAP.15.-18.i·t⁵-ttt.
864 249 869 256 ,
1033 170 1073 241 57

62 341 105 386 us
116 328 169 394 os,
191 317 340 399 Apollinis
356 320 475 395 signum
490 321 622 381 ablatum
636 330 716 382 certe
730 339 798 387 non
816 320 957 399 oportuit
985 322 1076 385 Dices
1100 374 1103 379 ,

62 424 84 468 e
99 405 224 473 emisse.
249 404 344 464 Scio·
371 402 422 462 HS
443 405 499 466 clo.
531 405 575 464 lta
596 403 714 478 opinor
744 404 828 479 Scio,
849 406 985 481 inquamr
1004 424 1075 481 pro-

62 491 152 549 teram
166 480 295 548 litteras
310 494 408 557 tamen
424 486 485 546 idi
471 488 582 547 actum
593 502 654 545 non
666 488 817 562 oportuit
828 489 981 566 Apuprilo
989 488 1076 562 Hero

62 570 152 632 nuic.
167 569 328 639 Marcellus
346 577 426 630 tutor
441 577 502 642 est,
520 587 540 628 a
554 587 615 645 quo
627 570 788 643 pecuniam
802 571 944 644 grandem
958 573 1076 648 eripue-

62 670 123 725 ιιι,
146 652 354 726 scaphiorum
371 652 558 712 emblematis
572 651 708 729 Lilybaei
723 661 821 712 utrum
835 660 935 727 empta
948 669 1019 715 esse
1032 655 1076 713 di-

61 735 107 796 cis
119 750 157 794 an
172 734 327 795 confiteris
345 741 470 810 erepta?

139 815 192 879 38.
223 815 286 876 Sed
301 816 374 891 quid
389 833 446 892 ego
461 817 548 878 istius
564 816 676 879 ineius
693 818 775 878 modi
794 817 886 877 rebus
909 816 1078 878 mediocres

61 899 185 960 iniurias
204 898 329 974 colligo,
344 907 551 974 quaerentum
565 902 656 962 modo
670 900 701 959 in
717 898 803 960 furtis
817 899 906 960 istius
920 907 951 959 et
961 899 1079 960 demnis

63 998 181 1052 eorum,
198 998 217 1039 a
233 982 343 1056 quibus
358 982 525 1057 auferebat,
550 991 671 1045 versata·
690 998 761 1043 esse
781 981 960 1042 videantur?
990 980 1075 1042 Acci·

63 1064 137 1139 pite,
152 1064 181 1124 si
196 1063 301 1137 vultis,
317 1063 449 1136 iudices,
464 1082 527 1125 rem
541 1066 607 1127 eius
621 1066 711 1139 modi,
730 1073 763 1126 ut
774 1064 934 1125 >amentiam
948 1063 1078 1138 singula—

63 1163 124 1207 rem
136 1155 169 1208 et
185 1147 316 1206 furorem
335 1147 408 1220 iam,
423 1165 482 1210 non
500 1149 692 1225 cupiditatem
706 1150 771 1209 eius
784 1148 961 1223 perspicere
977 1145 1079 1222 possi·
1134 1196 1136 1201 .

63 1229 108 1290 lis.
130 1227 248 1290 ‘XVlll
275 1228 441 1290 Melitensis
452 1230 604 1292 Diodorus
620 1241 676 1306 est,
692 1230 743 1305 qui
756 1232 840 1305 apud
854 1247 910 1291 vos
929 1238 1019 1289 antea
1035 1237 1079 1289 te-
1096 1260 1104 1271 ι

64 1311 235 1373 stimonium
251 1311 334 1373 dixit.
356 1312 385 1373 ls
395 1312 533 1390 Lilybaei
541 1316 651 1376 multos
667 1316 727 1373 iam
741 1330 837 1373 annos
852 1313 973 1387 habitat,
987 1312 1078 1371 bomo

64 1392 186 1456 etdomi
200 1394 311 1454 nobilis
327 1402 358 1455 et
373 1397 455 1471 apud
471 1413 525 1457 eos
532 1400 619 1473 ,quo
640 1413 674 1457 se
690 1397 827 1468 contulit,
846 1404 971 1471 propter
986 1394 1078 1453 virtu·

63 1484 122 1537 tem
138 1477 318 1552 splendidus
334 1484 365 1538 et
383 1478 545 1552 gratiosus
575 1482 619 1540 De
639 1480 698 1540 hoc
713 1479 801 1539 Verri
824 1479 946 1550 dicitur,
967 1477 1079 1537 habere

64 1574 130 1618 eum
141 1561 284 1654 perbona
296 1568 477 1621 toreumata
492 1563 522 1621 in
537 1561 584 1622 his
602 1564 712 1636 pocula
727 1563 890 1651 quaedam,
913 1575 991 1635 quae
1003 1558 1079 1619 lbe-

62 1640 146 1702 riclia
179 1641 384 1716 nominantur,
404 1643 550 1702 Mentoris
574 1661 663 1703 manu
688 1661 803 1704 summo
835 1641 962 1704 artificio
991 1642 1079 1701 iacta.

65 1722 173 1796 Quod
163 1733 223 1784 rste
235 1726 288 1785 ubi
299 1724 422 1795 audivit
441 1723 486 1782 sic
501 1724 663 1797 cupiditate
677 1725 878 1786 inflammatus
893 1731 1015 1783 estnon
1030 1739 1080 1784 so-

64 1806 122 1866 lum
138 1804 340 1880 inspiciendi,
356 1821 463 1864 verum
479 1803 568 1863 etiam
582 1806 753 1876 auferendi,
768 1814 801 1865 ut
813 1806 979 1865 Diodorum
991 1792 1031 1862 ad
1047 1819 1081 1862 se

63 1895 191 1949 vocaret
205 1902 241 1944 ac
255 1893 406 1962 posceret.
434 1885 504 1958 lllc,
528 1883 579 1959 qui
600 1885 652 1944 illa
665 1902 726 1944 non
740 1885 851 1946 invitus
872 1885 1013 1956 haberet,
1035 1899 1080 1943 re

66 1968 192 2047 spondit
212 1967 279 2046 Inly
280 1967 348 2048 ιιοιι
372 1983 406 2027 se
431 1982 491 2025 non
519 1967 645 2027 habere.
676 1967 800 2032 Melitae
822 1967 904 2042 apud
924 1966 1082 2061 quemdam

65 2052 270 2127 propinquum
284 2041 372 2125 'suum
385 2045 557 2124 reliquisse
586 2048 823 2111 39.uum1sre
838 2050 981 2110 continuo
996 2047 1086 2108 mittit

65 2134 204 2195 homines
219 2140 319 2195 certos
335 2133 482 2193 Melitam
505 2132 609 2193 scribit
623 2134 663 2192 ad
678 2134 827 2207 quosdam
844 2122 1034 2204 Melitenses,
1050 2138 1083 2192 ιιι

65 2231 188 2277 aavasa
198 2216 388 2290 perquirant
403 2223 490 2290 rogat
499 2214 673 2288 Diodorum
686 2223 719 2277 ut
732 2217 772 2275 ad
784 2216 866 2276 illum
877 2230 1081 2290 propinquum

65 2314 151 2359 suurn
165 2298 222 2370 ,det
234 2298 363 2359 litterasr
379 2296 451 2357 nihil
466 2297 494 2356 ei
509 2298 628 2372 longius
643 2261 802 2359 videbatur
816 2315 906 2374 quam
923 2299 993 2357 dum
1007 2296 1082 2359 illud

65 2380 182 2441 videret
207 2389 370 2456 argentum.
406 2380 573 2454 Diodorus,
599 2383 690 2442 homo
714 2383 792 2456 frugi
810 2398 846 2442 ac
867 2380 1010 2455 diligens,
1030 2378 1082 2455 qui

66 2479 120 2525 sua
133 2479 260 2525 servare
272 2465 377 2537 vellet,
396 2463 437 2523 ad
450 2462 654 2538 propinquum
670 2481 757 2524 suum
773 2464 890 2536 scribit,
913 2473 945 2525 ut
956 2464 1009 2535 iis,
1031 2461 1083 2535 qui

65 2548 186 2606 averte
201 2546 366 2619 venissent,
380 2544 581 2618 responderet
594 2545 666 2605 illud
679 2555 834 2621 argentum
851 2562 885 2606 se
899 2545 1006 2620 paucis
1022 2542 1082 2601 illis

67 2628 175 2689 diebus
198 2628 319 2688 misisse
332 2628 518 2705 Lilybaeum.
553 2627 625 2701 lpse
645 2627 760 2690 interea
779 2628 910 2689 recedit=
934 2629 1083 2686 abessee

66 2711 154 2772 domo
171 2710 338 2785 paullisper
351 2709 454 2770 maluit
469 2723 560 2783 quam
581 2725 728 2784 praesens
743 2713 816 2771 illud
838 2709 951 2784 optime
972 2709 1083 2766 factum

66 2801 223 2870 argentum
243 2793 387 2853 amittere.
423 2792 510 2865 Quod
532 2791 583 2850 ubi
598 2793 655 2850 iste
675 2793 803 2866 audivit,
828 2808 929 2865 usque
950 2806 987 2850 eo
1003 2804 1083 2850 com·

66 2886 164 2939 notus
181 2883 242 2948 est,
261 2884 294 2936 ut
309 2876 374 2935 sine
389 2876 450 2934 ulla
469 2874 655 2934 dubitatione
669 2875 802 2935 insanire
818 2872 958 2934 omnibus
980 2888 1017 2932 ac
1038 2874 1083 2934 iu-

65 2974 128 3020 rcre
155 2957 319 3018 videretur.
353 2958 427 3030 Quia
452 2973 513 3016 non
532 2965 673 3032 potuerat
693 2957 809 3031 eripere
835 2963 990 3028 argentum
1016 2954 1083 3031 ipsc

63 3041 209 3114 Diodoro,
225 3036 329 3115 erepta
342 3040 399 3100 sibi
418 3057 491 3100 vasa
509 3041 620 3114 optime
640 3041 719 3099 lacta
735 3040 868 3098 dicebat:
890 3037 1016 3099 minitari
1031 3040 1083 3099 ab·

63 3126 140 3187 senti
153 3123 309 3184 Diodoro:
323 3123 484 3183 vociferari
504 3125 618 3198 palam:
638 3122 777 3182 lacrimas
796 3122 945 3182 interdum
966 3123 1021 3180 vix'
1038 3131 1083 3181 te-

63 3223 142 3269 nere.
180 3204 356 3282 Eriphylam
381 3205 555 3280 accepImus
580 3205 611 3263 in
631 3204 740 3264 sabulis
769 3222 806 3264 ea
837 3205 1014 3280 cupiditate,
1040 3211 1082 3272 ut,
1116 3216 1118 3220 ·

63 3308 156 3366 quum
172 3288 302 3349 vidisset
317 3289 442 3361 monile,
463 3296 496 3347 ut
516 3286 637 3362 opinor,
664 3304 703 3347 ex
718 3304 790 3348 auro
807 3297 837 3348 et
851 3287 992 3362 gemmiS,
1018 3284 1084 3359 pul-

63 3370 214 3435 critudine
229 3366 295 3431 eins
315 3370 441 3437 incensa
460 3370 586 3432 salutem
602 3370 658 3429 viri
677 3371 828 3446 proderet.
867 3369 978 3430 Similis
998 3366 1087 3425 istius
