2340 3788
362 174 593 240 erna-n.
614 181 789 243 ιιι-ιι.
857 127 860 135 ’
1026 178 1088 248 ιιι

52 320 187 400 furoris,
207 327 286 401 ocpii
300 326 441 399 sceleris,
464 340 565 387 sermo
580 327 792 400 adrogantiae,
808 325 853 388 sic
867 335 901 390 ut
914 328 943 390 ei
960 327 1020 390 inm
1034 347 1087 391 ex-

53 415 197 490 ploratus
218 416 249 470 et
268 408 352 470 domi
372 408 514 470 conditus
538 409 716 469 consulatus
733 408 895 472 videretur.
931 413 1088 473 Murenam

54 493 286 559 contemnebam
309 491 476 567 Sulpicium
491 500 701 552 accusatorem
716 508 805 551 suum
820 496 1010 568 numerabat,
1027 513 1087 558 non

55 575 303 652 competitorem:
328 573 432 635 civim
450 573 667 647 denunciabat,
688 573 733 634 rei
748 574 888 649 pubtioao
909 578 1087 640 minabatur.

53 660 149 723 XXV.
166 657 217 719 50.
234 657 348 732 Quibus
361 658 454 717 rebus
471 656 524 732 qui
541 658 630 717 timor
644 656 733 717 bonis
749 657 889 719 omnibus
907 660 1034 722 iniectus
1049 663 1089 724 sit

55 750 236 821 quantaque
251 739 427 816 desperatio
441 739 487 800 rei
498 740 653 815 publicae,
670 741 697 800 si
711 741 761 799 ilie
773 740 872 802 iactus
889 750 981 816 esset,
995 745 1090 806 nolite

54 844 75 888 a
94 842 145 886 me
165 824 351 886 commoneri
367 824 462 883 velie
486 821 684 897 vosmet‘ipsi
699 823 860 884 vobiscum
875 825 1088 886 recordamini

53 894 238 970 Meministis
259 906 356 980 enim,
378 922 472 981 quum
494 905 574 966 iilius
590 905 697 966 nefarii
717 905 896 982 gtadiatoris
909 921 1007 968 voces
1021 924 1089 982 per

54 990 265 1063 crebuissent,
281 1005 357 1064 quas
372 987 540 1049 habuisse
532 1006 562 1048 ιιι
577 987 720 1049 contione
737 988 907 1051 domestica
921 988 1088 1062 dicebatur,

55 1080 151 1172 quum
165 1072 345 1134 miserorum
358 1071 478 1132 fidetem
490 1072 683 1132 defensorem
691 1081 836 1147 negasset
847 1071 975 1133 inveniri
984 1088 1090 1148 posse,

54 1158 116 1220 nisi
131 1173 215 1228 eum,
213 1155 293 1244 qui
312 1154 381 1231 ipse
395 1154 489 1215 miser
508 1162 592 1215 esset
600 1153 808 1231 ,integrorum
823 1162 854 1217 et
867 1157 1089 1217 fortunatorum

55 1228 221 1338 promissis
241 1238 365 1300 saucios
386 1245 416 1299 ct
435 1238 565 1300 miseros
580 1239 705 1300 credere
719 1256 781 1300 non
795 1248 954 1315 oportere=
979 1255 1041 1314 qua
1054 1254 1090 1298 re

56 1324 110 1399 qui
131 1330 314 1398 consumpta
331 1324 465 1398 replere,
495 1329 600 1398 erepta
619 1337 803 1399 recuperare
821 1324 948 1396 veilent,
969 1329 1088 1397 specte-

54 1415 125 1468 rent
144 1405 239 1481 quid'
232 1421 300 1481 lpse
319 1406 459 1479 deberet,
483 1405 558 1480 quid
573 1406 761 1482 possideret,
785 1405 860 1482 quid
874 1407 1017 1467 auderet=
1034 1406 1088 1464 mi-

55 1489 138 1550 nime
153 1489 289 1551 timidum
306 1497 337 1550 et
351 1490 440 1550 vaide
457 1489 667 1551 calamitosum
684 1506 755 1551 esse
771 1497 915 1565 oportere
932 1504 1017 1563 eum,
1036 1489 1088 1563 qui

56 1581 142 1634 esset
156 1575 274 1634 iuturus
290 1573 352 1632 dux
367 1579 398 1632 et
412 1572 802 1647 signifercaiamitosorum.
836 1571 885 1634 51.
904 1574 977 1633 Tum
988 1571 1086 1648 igitur,

56 1656 106 1717 his
130 1657 223 1716 rebus
242 1654 369 1727 auditis,
390 1653 568 1715 meministis
590 1654 656 1715 fieri
677 1664 802 1716 senatus
817 1658 990 1717 consultum
1009 1657 1087 1715 reie-

55 1745 143 1799 rente
162 1755 229 1808 ma,
251 1753 291 1796 ne
308 1743 433 1812 postero
449 1734 499 1795 die
513 1735 635 1796 comitia
651 1736 848 1810 haberentur,
871 1746 905 1799 ut
920 1739 960 1798 de
974 1737 1023 1798 his
1040 1753 1087 1796 re-

54 1822 116 1883 bus
139 1820 172 1883 tn
193 1825 302 1878 senatu
319 1832 411 1890 agere
431 1831 604 1890 possemus.
644 1820 752 1893 ltaque
769 1818 918 1895 postridie
937 1819 1089 1892 frequenti

54 1910 170 1966 senatu
190 1899 347 1958 Catilinam
367 1897 498 1958 excitavi
519 1905 611 1973 atque
632 1915 702 1959 eum
722 1902 761 1960 de
780 1900 830 1958 his
851 1900 973 1961 rebus
965 1900 1042 1959 russi
1062 1901 1088 1959 si

54 1983 135 2064 quid
149 1983 253 2056 veliet,
276 1997 357 2056 quae
371 1981 411 2040 ad
431 1996 480 2040 me
494 1981 613 2041 adlatae
627 1990 747 2057 essent,
761 1981 874 2042 dicere.
914 1985 1016 2055 Atque
1028 1981 1088 2052 itte,

53 2078 89 2130 ut
107 2064 304 2140 temperarit
324 2063 550 2139 apertissimus,
574 2080 636 2124 non
652 2081 687 2126 se
702 2064 858 2142 purgavit,
874 2066 931 2125 sed
945 2063 1089 2124 indicavit

55 2160 150 2225 atque
167 2147 273 2209 induit
301 2148 375 2208 Tum
389 2147 469 2209 enim
484 2147 560 2208 dixit
571 2149 633 2208 duo
650 2165 780 2224 corpora
794 2165 866 2209 esse
879 2149 923 2209 rei
938 2147 1090 2224 publicae,

14 2252 16 2257 ’
54 2249 152 2296 unum
172 2232 285 2302 debile,
311 2230 431 2293 infirmo
451 2230 564 2307 capitas
593 2234 720 2294 alterum
734 2233 866 2305 tinnum,
891 2231 958 2293 sine
973 2229 1089 2307 capite=

54 2315 145 2390 huic,
167 2332 260 2392 quum
280 2314 322 2376 ita
335 2316 374 2375 de
389 2331 424 2376 se
441 2314 579 2376 meritum
594 2325 693 2390 esset,
717 2323 809 2391 caput
824 2332 859 2376 se
876 2315 946 2377 vivo
960 2331 1021 2376 non
1035 2315 1088 2373 de-

56 2400 200 2461 futurum.
244 2397 423 2474 congemuit
443 2407 568 2459 senatus
597 2399 741 2475 frequens
767 2414 868 2475 neque
889 2407 988 2460 amen
1012 2397 1090 2458 satis

57 2496 168 2545 severe
191 2497 246 2557 pro
264 2481 310 2542 rei
328 2480 506 2556 indignitate
526 2482 675 2543 decrevit=
699 2499 768 2542 nam
784 2482 892 2557 partim
906 2482 977 2542 ideo
992 2481 1089 2540 fortes

55 2564 88 2626 in
109 2566 303 2625 decernendo
318 2580 379 2624 non
392 2571 495 2637 amnt,
522 2563 593 2638 qnia
609 2565 683 2624 nihii
697 2566 855 2639 timebant,
876 2564 1000 2641 partim,
1017 2561 1090 2635 quia

57 2648 218 2709 timebantz
241 2664 334 2722 quum
354 2644 454 2721 erupit
473 2655 627 2721 esenatu,
651 2648 837 2722 triumphans
852 2645 979 2721 gaudio,
998 2658 1089 2719 quem

57 2728 182 2792 omnino
200 2729 302 2790 vivum
317 2728 400 2789 illinc
414 2728 498 2789 exire
514 2745 576 2789 non
594 2738 782 2806 oportuerat=
800 2728 979 2805 praesertim
994 2742 1088 2800 quum

56 2814 138 2875 idem
159 2814 209 2873 ilie
223 2813 253 2873 in
269 2813 378 2874 eodem
395 2812 502 2872 ordine
518 2812 623 2887 paucis
640 2812 749 2873 diebus
764 2820 834 2872 ante
850 2809 971 2881 Catoni,
988 2807 1089 2869 fortis-

57 2897 137 2957 simo
159 2895 242 2966 viro,
265 2894 409 2968 iudicium
429 2894 577 2956 minitanti
599 2912 636 2955 ac
650 2893 846 2955 denuntianti
865 2891 1087 2967 respondisset,

57 2979 187 3054 siquod
210 2987 293 3039 esset
314 2978 344 3037 in
366 2995 439 3038 suas
458 2979 594 3038 iortnnas
615 2977 790 3039 incendium
806 2976 984 3049 excitatum,
1006 2975 1038 3035 id
1053 2991 1089 3035 se

56 3079 119 3123 non
142 3076 237 3136 aqua,
263 3062 319 3122 sed
338 3061 426 3121 ruina
442 3062 663 3121 restincturum:
704 3061 808 3119 xxvi.
825 3058 875 3119 52.
893 3057 948 3121 iiis
961 3064 1024 3119 tum
1040 3074 1086 3117 re-

55 3145 117 3206 bus
138 3152 322 3216 commotus,
342 3152 372 3204 et
394 3144 477 3218 quod
497 3143 636 3204 homines
657 3142 716 3202 iam
739 3152 802 3204 tum
824 3140 999 3202 coniuratos
1019 3158 1087 3201 cum

44 3226 167 3308 ¹gladiis
188 3226 219 3286 in
240 3242 380 3303 campum
403 3225 514 3287 deduci
537 3225 696 3286 acatilina
717 3225 867 3298 sciebam,
895 3223 1042 3285 descendi
1056 3222 1086 3282 in

56 3326 200 3385 campum
216 3325 284 3370 cum
302 3309 476 3370 iirmissimo
492 3308 645 3383 praesidio
664 3307 898 3370 fortissimorum
907 3307 1043 3367 virorum
1058 3313 1088 3364 et

56 3409 127 3454 cum
143 3392 194 3453 iiia
213 3395 274 3454 iata
287 3391 462 3468 insignique
482 3391 591 3466 lorica,
614 3406 675 3450 non
693 3407 773 3467 quae
791 3404 841 3451 me
860 3397 1026 3465 tegeret-
1043 3394 1088 3448 et-
