2340 3788
126 186 192 259 tta
355 194 432 258 nno
446 196 483 256 n
494 194 612 257 namo
622 162 770 261 maone
786 194 952 261 enarro.
1045 144 1051 155 ’

124 343 232 408 rabilia
242 318 362 407 luerunt
371 345 438 407 illae
452 344 485 406 Ρ.
496 342 593 407 clodii
607 354 735 409 mortem
748 328 1068 423 nomoaepdoutdraso
1086 389 1088 393 >
1125 348 1166 419 nu

124 434 237 505 potest
278 427 375 503 Luget
394 436 536 503 senatus,
555 436 671 489 maeret
692 434 839 525 epumter
855 430 960 507 ordo,
978 434 1043 499 ton

125 511 267 572 conlecta
282 510 369 573 senio
387 520 443 585 ast,
457 511 600 587 squdant
612 509 787 587 municipia,
796 508 1006 577 adflictantur
1018 514 1070 579 eol
1086 512 1092 527 '

24 642 27 647 .
124 590 190 670 agri
209 592 343 669 deniquo
355 592 416 671 ipsi
433 592 692 666 tambenedonm‚
720 593 987 673 musalnlaram,
1009 606 1066 660 tan
1135 618 1166 664 sn

70 728 79 757 ,
125 685 245 739 auctum
265 675 363 738 nivern
384 674 568 737 desiderant
609 672 660 739 21.
681 675 749 737 Non
764 673 876 763 luitea
892 692 1018 757 -eanaa,
1138 702 1166 761 qt

124 760 264 836 prolecto
285 775 347 823 non
370 760 426 821 mn
445 774 500 820 cur
518 754 578 819 sibi
597 766 737 820 censeret
755 756 930 835 Pompeius
950 780 1010 841 qn
1075 799 1084 815 ,Ν

79 840 82 847 “
124 843 295 916 larandon,
317 842 375 903 sed
399 842 491 903 homo
513 841 638 916 sapiens
657 848 751 919 alque
770 842 832 903 altu
848 848 882 903 et
899 842 1016 919 divina
1044 877 1064 899 ‚l
1140 866 1166 912 m

22 954 32 965 -
124 932 225 987 mente
242 924 398 1001 praeditus
417 924 511 986 mnnita
531 924 621 984 ridle
642 925 738 985 misae
758 922 843 985 illum
860 922 926 987 sibi
940 926 1093 1003 inimicam
1144 950 1166 994 st

124 1007 270 1069 milinrenr
279 1002 480 1069 didonemein
491 1004 643 1069 communi
654 1006 786 1069 omnium
800 1004 931 1089 laetitia,
948 1010 981 1073 si
994 1011 1078 1075 edan
1146 1023 1166 1077 n

123 1091 286 1166 gauderet,
314 1090 412 1151 timuit
429 1105 469 1151 ne
487 1088 642 1152 videretur
660 1087 808 1187 infirmior
830 1088 917 1165 ddes
929 1102 1074 1161 mecon
1136 1099 1166 1167 ‘p

124 1170 918 1249 gratimrmultaetiamaliavidit.seddludmaxinne,
933 1178 1076 1253 quamvis
1155 1194 1166 1238 ι

125 1256 200 1316 eiter
218 1255 287 1330 ipse
308 1255 443 1331 tullsset,
470 1271 526 1315 vos
549 1260 649 1315 tamen
668 1252 785 1317 tordter
798 1253 1018 1323 indicaturos»
1053 1264 1057 1269 '
1078 1293 1082 1304 ›

42 1369 45 1374 ·
124 1336 237 1411 delegit
255 1352 274 1396 e
292 1334 517 1398 florentissimis
539 1336 696 1398 ordinibus
716 1339 786 1413 ipsa
802 1336 940 1415 lumina,
965 1360 1069 1423 nequa
1085 1371 1098 1390 υ
1162 1365 1166 1405 t

125 1420 208 1497 quod
218 1434 281 1478 non
292 1417 365 1479 nulli
376 1417 520 1491 dictitant,
531 1420 663 1480 secrevit
673 1421 704 1480 in
717 1418 870 1483 indicibus
885 1422 1043 1499 le'gandln
1060 1445 1070 1478 κ,
1090 1424 1098 1441 ·
1163 1460 1166 1477 t

23 1570 29 1582 ,
123 1514 220 1560 meos.
262 1501 369 1576 Nonne
388 1500 468 1563 enim
483 1502 542 1562 laon
558 1501 702 1577 eoelum
716 1502 764 1563 vir‘
776 1501 998 1585 iustissimus,
1017 1526 1102 1589 m„
1164 1538 1166 1547 .

122 1580 213 1643 bonis
225 1580 297 1644 viris
315 1576 452 1660 legendis
466 1584 499 1646 id
513 1584 643 1665 adsequi
657 1586 820 1662 potuisset,
840 1586 942 1651 etlam
968 1590 1001 1653 si
1049 1620 1078 1645 a·

122 1664 283 1736 llonenirn
292 1682 360 1729 mea
370 1666 726 1744 gratialnntiliaritatibus
738 1668 922 1744 continetur,-
942 1679 1094 1753 quantae
1116 1685 1119 1720 1

125 1756 188 1812 tero
203 1764 265 1810 non
282 1760 426 1827 possunt,
446 1758 609 1829 propterea
623 1753 706 1828 quod
717 1752 973 1819 consuetudines
991 1758 1087 1823 vietus

122 1840 254 1909 possunt
267 1848 339 1895 esse
353 1850 421 1896 cnm
438 1835 554 1898 multis=
570 1836 636 1910 sed
649 1835 679 1896 si
693 1834 766 1911 quid
780 1850 972 1917 possumus,
987 1859 1030 1904 ex
1043 1834 1097 1905 en*

124 1932 241 1991 sumus,
253 1917 338 1993 qnod
352 1934 402 1978 rea
416 1919 538 1994 publica
551 1934 608 1979 nos
620 1917 777 1979 coniunxit
790 1934 858 1979 cum
868 1920 994 1985 bonine
1005 1940 1049 1991 ex

122 1997 173 2060 ille
185 2016 277 2075 quum
292 1998 423 2075 optimos
431 2001 515 2062 viros
532 2002 646 2076 legeret
660 2001 753 2077 idque
766 2000 899 2064 maxime
914 2006 962 2066 ad
973 2008 1071 2087 lldctn
1082 2052 1086 2059 -
1098 2034 1110 2058 >2
1125 2037 1126 2046 ¹

122 2084 272 2155 pertinere
286 2082 494 2158 arbitraretur,
513 2100 574 2143 non
596 2084 692 2159 poluit
712 2085 813 2158 legere
832 2101 897 2144 non
916 2091 1085 2154 studiosos

122 2160 173 2224 22.
188 2164 275 2236 Quod
287 2178 360 2227 vero
371 2175 410 2239 te,
424 2167 457 2227 L.
468 2166 587 2239 Domiti,
598 2167 668 2227 huic
681 2167 852 2241 quaestioni
862 2183 1030 2242 praeesse
1040 2173 1112 2237 mat
1128 2199 1131 2212 ι

123 2245 232 2316 voluit,
248 2246 321 2307 nihil
335 2248 486 2323 quaesivit
499 2251 582 2309 aliud
599 2249 657 2309 nisi
675 2250 826 2324 iustitiam,
843 2252 1084 2333 gravitateml
1104 2288 1117 2299 ν

123 2325 262 2400 nitatem,
282 2329 383 2390 fidem.
425 2333 503 2393 Tulit
517 2340 550 2392 ut
568 2335 759 2395 consularem
774 2349 906 2395 neccsse
929 2349 1044 2403 esset:
1066 2338 1132 2405 aad

123 2408 209 2487 qnod
236 2411 406 2489 principum
429 2432 539 2476 munus
565 2430 637 2476 csse
662 2416 793 2478 ducebat
819 2414 975 2480 resistere
1000 2432 1036 2487 et
1055 2414 1133 2486 lenti

94 2532 99 2537 -
122 2492 321 2555 multitudinis
342 2505 372 2558 et
393 2498 580 2573 perditorum
609 2500 776 2560 temeritati.
824 2500 870 2559 Ex
888 2494 1134 2570 consularibnst

122 2577 239 2641 meavit
254 2578 460 2654 potissimum:
478 2580 608 2642 dederas
624 2582 704 2643 enim
722 2599 811 2664 quam
825 2589 1056 2653 contemneres
1072 2600 1134 2669 popl

120 2660 204 2725 lares
218 2659 353 2722 insanias
367 2663 427 2722 inm
441 2663 480 2724 ab
495 2662 703 2725 adolescentia
723 2666 906 2726 documenta
920 2666 1076 2735 maxima.
1108 2665 1134 2729 tl

120 2742 173 2811 Ἃ.
189 2744 284 2820 Quam
301 2745 432 2819 obrem,
449 2744 582 2818 indices,
603 2755 637 2807 ut
653 2746 816 2823 aliquando
832 2748 871 2809 ad
887 2763 1027 2815 causam
1043 2756 1134 2817 crine

127 2826 186 2921 ltine
203 2827 374 2902 veniamus,
398 2827 424 2889 si
445 2842 546 2905 neque
561 2830 659 2891 omnis
676 2831 831 2892 confessio
847 2830 920 2890 lacti
938 2843 993 2895 est
1012 2838 1134 2901 inusitata.

131 2926 225 2991 teque
244 2912 285 2973 de
306 2926 401 2972 cansa
415 2922 521 2973 nostra
542 2913 709 2988 quldquam
730 2914 817 2975 aliter
835 2930 871 2974 ac
891 2929 953 2976 nos
970 2922 1137 2984 vellcmnst

131 2990 233 3059 lenam
246 2993 409 3059 indicatum
424 3003 480 3068 est,
497 3003 528 3057 et
540 2997 618 3056 lotor
635 2996 704 3071 ipse
718 2998 803 3072 legis,
819 3013 912 3072 quum
930 3010 1026 3064 esset
1048 3012 1137 3068 conor

120 3070 229 3153 mia
247 3080 329 3142 nulla
344 3079 432 3154 lacti,
451 3077 526 3139 iuris
539 3087 640 3139 tamen
655 3078 905 3155 disceptationem
920 3095 999 3143 esse
1016 3086 1139 3151 volnitt

121 3150 239 3229 el'lacd
251 3160 367 3223 indices
381 3161 470 3239 isque
485 3162 677 3236 praepositus
695 3161 880 3236 quaestioni,
901 3161 959 3237 qui
981 3165 1071 3232 haec
1089 3171 1140 3232 lntl

119 3238 343 3319 uplenlcrqne
366 3245 529 3319 disceptet,
549 3243 698 3317 reliquum
719 3253 780 3316 est,
803 3242 936 3317 iudices,
960 3257 996 3308 nt
1015 3252 1141 3314 nihili!

127 3328 278 3399 {damme
290 3323 372 3386 aliud
389 3327 525 3389 debeatis
536 3324 595 3386 nisi
608 3333 675 3387 nter
687 3327 744 3388 utri
759 3325 886 3387 insidias
910 3328 1036 3393 lecerit.
1081 3328 1142 3411 Qud
