2340 3788
100 173 164 241 tuo
383 163 851 227 raonnunuunoauno.

100 336 174 384 asse
197 325 286 392 potes
299 343 351 388 -—,
366 314 423 375 sed
436 313 540 388 paullo
554 313 595 373 ud
608 313 760 375 lenitatem
775 312 968 389 propensior.
1000 316 1072 377 Nou
1088 334 1139 379 ac-

101 416 227 463 cusares
245 397 336 458 nullis
355 397 506 458 adductus
528 394 707 468 inimicitiis,
730 397 813 457 nulla
831 396 998 459 lacessitus
1018 399 1137 475 iniuria,

100 480 356 561 pudentissimum
374 478 543 552 hominem,
569 495 686 539 summa
703 477 849 554 dignitate
863 487 957 555 atque
973 481 1137 544 honestate

100 563 284 643 praeditum=
301 570 434 638 putares,
451 578 544 637 quum
557 560 588 621 in
603 562 742 622 eiusdem
756 560 827 622 anni
842 562 983 623 custodia
997 573 1030 626 te
1044 570 1137 641 atquc

98 650 134 710 L.
145 648 300 707 Murenam
313 647 433 706 fortuna
443 644 610 719 posuisset,
625 644 729 720 aliquo
741 653 770 706 te
782 644 919 706 cumhoc
933 646 979 706 rei
993 647 1136 722 publicae

99 731 220 792 vinculo
245 745 317 790 esse
339 725 548 788 coniunctum=
576 728 660 802 quod
680 727 822 789 atrociter
838 728 868 787 in
890 737 1000 791 senatu
1022 729 1136 804 dixisti,

99 823 152 875 aut
162 828 223 873 non
235 811 370 872 dixisses
381 817 434 870 aut
445 809 642 884 seposuisses
653 819 705 871 aut
716 811 865 872 mitiorem
874 811 906 871 in
915 821 1034 887 partem
1045 811 1133 875 inter-

98 903 262 974 pretarere.
291 893 343 956 66.
363 895 410 953 Aa
425 892 579 968 teipsum,
596 902 742 969 quantum
758 910 816 969 ego
831 893 977 969 opinione
991 911 1134 970 auguror,

98 995 180 1041 nunc
195 988 224 1039 et
237 975 329 1038 animi
342 975 476 1051 quodam
489 977 605 1050 impetu
614 975 797 1037 concitatum
811 985 841 1037 et
854 975 887 1037 vi
900 985 1030 1039 naturae
1043 986 1135 1053 atque

96 1062 210 1138 ingenii
226 1061 337 1122 elatum
352 1067 383 1118 et
396 1057 570 1119 recentibus
583 1067 815 1134 praeceptorum
830 1057 939 1120 studiis
953 1058 1133 1136 flagrantem

98 1147 158 1226 iam
175 1161 251 1205 usus
259 1141 379 1214 dlectet,
395 1138 462 1200 dies
473 1140 573 1212 leniet,
591 1150 676 1202 aetas
692 1141 846 1217 mitigabit.
875 1140 995 1203 Etenim
1008 1142 1059 1204 isti
1072 1141 1133 1218 ipsi

59 1292 62 1298 ,
98 1225 171 1286 milri
188 1225 329 1285 videntur
348 1221 445 1283 vestri
464 1233 681 1298 praeceptores
704 1232 735 1285 et
755 1224 874 1285 virtutis
894 1223 1033 1299 magistri
1054 1227 1134 1287 lines

97 1306 269 1370 officiorum
286 1306 388 1381 paullo
408 1304 530 1380 longius
546 1323 636 1381 quam
652 1316 760 1367 natura
775 1309 865 1368 vellet
884 1307 1070 1382 protulisse,
1090 1319 1132 1380 ut,

98 1406 192 1466 quum
202 1389 243 1449 ad
253 1388 390 1448 ultimum
400 1387 501 1450 animo
514 1388 789 1463 contendissemus,
801 1389 842 1450 ibi
855 1398 963 1463 tamen,
975 1390 1029 1450 ubi
1040 1407 1131 1466 opor-

97 1480 187 1543 teret,
215 1470 463 1531 consisteremus.
494 1470 573 1531 ltihil
592 1470 757 1545 ignoveris.
795 1474 888 1533 Immo
910 1471 1044 1547 aliquid,
1069 1490 1130 1535 non

97 1554 215 1617 omnia·
238 1554 317 1614 Nihil
336 1553 450 1628 gratim
471 1569 566 1614 causa
587 1553 706 1615 leceris.
736 1557 831 1617 immo
850 1555 985 1617 resistito
1003 1550 1129 1631 gratiae,

97 1640 192 1714 quum
212 1636 346 1697 osticium
366 1643 396 1696 et
415 1635 493 1696 tides
514 1638 689 1711 postulabit.
728 1637 939 1699 Misericordia
960 1647 1130 1700 commotus

95 1738 136 1783 ne
150 1720 204 1782 sis.
232 1720 339 1793 Etiam,
356 1718 387 1779 in
404 1718 603 1781 dissolvenda
617 1719 789 1794 severitate,
810 1722 866 1782 sed
880 1729 981 1781 tamen
998 1728 1047 1783 est
1061 1722 1129 1782 laus

95 1802 199 1879 aliqua
211 1801 414 1864 humanitatis.
446 1803 480 1862 ln
497 1801 646 1864 sententia
662 1812 848 1878 permaneto.
877 1805 971 1878 Vero,
985 1803 1047 1864 uisi
1060 1819 1135 1865 scn-··

95 1887 218 1948 tentiam
233 1885 383 1948 sententia
397 1887 457 1946 alia
470 1885 578 1948 vicerit
593 1885 710 1947 melior.
739 1886 792 1948 66.
812 1885 1048 1947 Huiuscemodi
1063 1884 1127 1947 Sci·

94 1970 146 2046 pio
164 1969 215 2030 ille
231 1970 295 2044 luit,
311 1985 402 2044 quem
417 1986 479 2029 non
496 1969 670 2044 poenitebat
687 1971 789 2029 la‘cere
803 1970 892 2042 idern,
912 1970 996 2046 quod
1009 1975 1057 2029 ωε
1076 1969 1128 2029 ha·

95 2053 168 2113 bere
179 2052 416 2114 eruditissimum
427 2052 579 2113 hominem
589 2051 765 2112 Panaetium
777 2051 874 2113 domi=
893 2052 981 2114 cuius
991 2051 1128 2112 oratione

95 2143 126 2196 et
136 2134 318 2211 praeceptis,
336 2151 519 2211 quamquam
531 2145 617 2195 erant
627 2136 734 2195 cadem
745 2134 814 2208 ista,
830 2152 910 2211 quac
923 2145 954 2197 te
966 2136 1125 2205 delectant,

95 2224 194 2277 tamen
210 2218 347 2292 asperior
361 2235 422 2279 non
438 2227 485 2279 est
499 2220 611 2290 lactus,
627 2219 697 2290 sed,
715 2226 749 2279 ut
763 2220 870 2293 accepi
889 2235 907 2277 a
923 2217 1065 2292 senibus,
1086 2219 1125 2277 le-

94 2298 249 2359 nissimus.
289 2300 362 2373 Quis
378 2318 451 2361 vero
469 2301 500 2361 C.
514 2301 617 2362 Laelio
633 2300 772 2362 comiort
796 2302 866 2376 quis
880 2300 1059 2375 iucundior,
1075 2316 1124 2361 eo·

95 2382 164 2441 dem
181 2397 219 2441 ex
235 2383 335 2442 studio
350 2382 431 2444 istut
457 2383 525 2458 quis
547 2385 597 2443 illo
615 2383 752 2458 gravior,
778 2383 966 2459 sapientiori
996 2383 1126 2445 Possum

93 2466 134 2524 de
148 2465 181 2524 L.
195 2463 293 2538 Philo,
316 2466 355 2524 de
370 2468 399 2526 C.
418 2467 502 2526 Gallo
520 2466 621 2526 dicere
643 2467 720 2526 haec
740 2468 862 2539 eadem,
883 2468 940 2527 sed
957 2475 988 2527 te
999 2467 1125 2528 domum

93 2547 153 2608 iam
168 2548 318 2608 deducam
332 2556 422 2608 tuam.
454 2549 680 2624 Quemquamne
701 2549 858 2610 existimas
876 2550 992 2611 Catone
1009 2565 1125 2624 proavo

92 2641 145 2692 tuo
167 2631 420 2704 commodiorem,
442 2634 693 2705 communiorem,
714 2632 947 2693 moderatiorem
968 2630 1068 2694 luisse
1087 2632 1126 2692 ad

93 2730 213 2775 omnem
235 2713 383 2776 rationem
409 2715 623 2776 humanitatis?
648 2717 687 2774 de
709 2714 796 2776 cuius
824 2714 991 2791 praestanti
1016 2714 1125 2775 virtute

93 2814 185 2871 quum
199 2815 272 2857 vere
285 2797 478 2873 graviterque
490 2798 619 2872 diceres,
633 2797 834 2859 domesticum
849 2808 878 2858 te
893 2800 1007 2858 habere
1022 2795 1125 2858 dixisti

93 2882 265 2954 exemplum
276 2882 317 2940 ad
328 2880 512 2941 imitandum.
527 2881 582 2941 Est
592 2880 666 2941 illud
673 2881 796 2955 quidem
804 2883 978 2957 exemplum
987 2880 1043 2940 tibi
1054 2896 1124 2957 pro·

92 2961 226 3034 positum
237 2963 328 3037 domi,
343 2965 399 3024 scd
409 2971 509 3024 tamen
521 2972 646 3024 naturae
657 2963 821 3026 similitudo
833 2963 913 3025 illius
923 2963 964 3023 ad
976 2971 1005 3024 te
1016 2962 1124 3037 magis,

94 3040 191 3116 quiab
199 3042 249 3105 illo
258 3056 394 3120 ortuses,
406 3062 496 3121 quam
504 3048 543 3105 ad
553 3064 645 3108 uuum
654 3054 807 3123 quemque
818 3055 955 3108 nostrum
962 3044 1127 3120 pervenire

91 3122 205 3199 potuit,
220 3127 259 3185 ad
273 3128 448 3190 imitandum
461 3145 533 3189 vero
548 3138 609 3189 tam
623 3129 696 3190 mibi
709 3129 903 3206 propositum
917 3129 1076 3203 exemplar
1090 3127 1124 3187 il-

90 3207 145 3268 lud
159 3215 207 3267 est
223 3224 312 3281 quam
327 3210 389 3271 tibi.
423 3212 485 3273 Sed
500 3211 527 3272 si
540 3211 620 3273 illius
636 3213 806 3276 comitatem
821 3220 852 3272 et
865 3211 1039 3272 facilitatem
1054 3219 1125 3272 tuac

91 3287 230 3364 gravitati
246 3293 460 3369 severitatique
473 3295 656 3370 asperseris,
670 3311 732 3355 non
746 3296 806 3357 ista
821 3293 944 3371 quidem
959 3302 1049 3355 erunt
1061 3309 1123 3353 me·

92 3372 178 3448 liora,
196 3389 276 3451 quae
287 3390 368 3435 nunc
383 3384 452 3437 sunt
467 3377 589 3453 optima,
605 3379 660 3440 sed
676 3388 757 3440 certe
772 3378 893 3439 condita
905 3375 1081 3439 iucundius.
