2340 3788
378 199 460 263 ὒΑΡ..
474 209 571 264 o-tt
593 207 620 268 t.
636 208 766 264 13-18.
1021 211 1086 279 237

57 352 173 417 minem
187 349 371 423 Africanum,
387 349 500 411 ertheo
514 350 545 410 c.
555 349 698 421 Laelium,
714 350 748 409 L.
762 349 892 425 Furium,
906 352 1084 416 moderatis·

57 437 157 499 simos
169 434 306 495 homines
318 441 349 494 et
359 431 644 502 continentissimos,
660 449 699 493 ex
709 432 767 493 boe
779 433 976 497 fortissimum
988 436 1085 499 virum

23 573 26 578 .
53 517 162 579 etillis
177 515 363 592 temporibus
380 516 602 586 doctissimum,
626 515 768 576 catonem
784 515 867 577 illum
885 533 1004 579 senem:
1031 518 1084 594 qui

58 602 201 678 prolecto
216 600 243 659 si
257 597 330 659 nihil
345 599 385 658 ad
405 598 632 673 percipiendam
650 598 869 672 colendamque
884 599 1024 662 virtutem
1037 602 1083 665 lit·

56 682 136 747 teris
150 681 379 754 adiuvarentur,
394 698 558 755 numquam
572 697 608 741 se
621 681 662 740 ad
675 696 778 740 earum
794 679 924 742 studium
940 684 1084 746 contulis-

59 773 141 828 sent
187 763 316 838 Quodsi
333 780 394 824 non
415 763 464 823 hic
487 771 587 824 tantus
603 764 719 825 tructus
734 764 944 824 ostenderetur
957 772 989 824 et
1002 764 1028 824 si
1045 782 1086 826 ex

58 849 110 910 his
125 846 234 909 studiis
250 845 408 908 delectatio
423 847 490 906 sola
503 854 669 921 peteretur,
689 853 805 919 tamen,
819 853 853 907 ut
867 845 989 919 opinor,
1006 847 1085 909 hanc

60 928 155 993 animi
174 929 386 990 adversionem
404 929 649 990 humanissimam
662 944 700 989 ec
720 927 957 989 liberalissimam
971 927 1085 989 iudica-

59 1012 146 1075 retis.
186 1013 262 1073 Nam
282 1021 420 1072 caeterae
440 1021 727 1087 nequetemporum
748 1019 819 1072 sunt
837 1026 938 1084 neque
955 1017 1086 1073 aetatum
1146 1070 1150 1077 .

61 1094 198 1159 omnium
218 1109 319 1168 neque
337 1095 488 1155 locorum=
518 1094 594 1154 haec
613 1094 713 1155 studia
732 1093 968 1155 adolescentiam
983 1101 1085 1167 agunt,

62 1184 251 1241 senectutem
265 1172 430 1249 oblectant,
455 1178 607 1237 secundas
622 1193 672 1238 res
688 1185 809 1248 ornant,
830 1176 968 1236 adversis
983 1175 1086 1251 periu-

61 1261 145 1337 gium
159 1277 197 1321 ac
210 1258 358 1321 solacium
371 1259 532 1335 praebent,
556 1260 706 1320 delectant
725 1258 820 1332 domi,
844 1277 905 1320 non
920 1259 1087 1334 impediunt
1149 1332 1152 1337 ¹

61 1342 154 1417 ioris,
173 1350 352 1419 pernoctant
364 1343 538 1416 nobiscum,
554 1341 796 1417 peregrinantur,
810 1343 1001 1403 rusticamur.

106 1456 110 1465 ,
148 1423 197 1489 17.
212 1427 299 1500 Quod
310 1425 337 1486 si
346 1425 407 1502 ipsi
416 1427 493 1487 baec
505 1442 604 1502 neque
614 1426 760 1499 attingere
771 1431 1085 1501 nequesensunostro

10 1576 12 1583 ,
59 1517 188 1585 gustare
201 1525 380 1584 possemus,
397 1518 496 1571 tamen
511 1524 548 1568 ea
561 1508 662 1569 mirari
675 1509 871 1580 deberemus,
889 1508 978 1571 etiam
993 1524 1085 1583 quum

60 1593 94 1655 in
113 1591 183 1653 eliis
202 1591 384 1653 videremus.
429 1593 509 1652 Vlll.
530 1591 603 1665 Quis
624 1597 760 1653 nostrum
774 1599 835 1651 tam
855 1591 955 1651 animo
975 1589 1087 1666 agresti

60 1691 100 1739 ac
114 1676 192 1735 duro
208 1673 278 1748 fuit,
292 1681 325 1733 ut
336 1673 441 1735 Roscii
456 1682 553 1734 morte
568 1691 666 1748 nuper
679 1689 740 1734 non
754 1681 1013 1734 commovereturt
1034 1671 1086 1748 qui
1146 1684 1149 1693 “

59 1773 159 1833 quum
173 1762 256 1816 esset
269 1771 367 1815 senex
375 1763 521 1826 mortuus,
534 1763 634 1814 tamen
648 1764 772 1830 propter
784 1756 981 1816 excellentem
992 1762 1087 1814 artem

58 1856 98 1901 ac
121 1844 314 1897 venustatem
330 1835 490 1895 videbatur
504 1835 625 1896 omnino
646 1837 802 1898 morinen
822 1835 975 1896 debuisse.
1005 1836 1086 1908 Ergo

55 1922 114 1983 ille
138 1917 277 1991 corporis
297 1924 381 1976 motu
400 1923 515 1977 mutum
536 1932 669 1977 amorem
688 1916 747 1977 sibi
767 1916 941 1978 conciliarat
959 1933 978 1977 a
997 1915 1087 1975 nobis

56 1998 222 2065 omnibus=
249 2015 307 2060 nos
327 1999 494 2059 animorum
512 1998 705 2059 incredibiles
724 2008 824 2060 motus
844 1997 1088 2071 celeritatemque

57 2081 255 2160 ingeniorum
275 2080 485 2156 negligemus?
524 2078 573 2144 18.
595 2079 740 2156 Quotiens
765 2099 823 2158 ego
848 2082 929 2140 hunc
945 2079 1088 2141 Archiam

58 2167 144 2238 vidi,
168 2163 299 2235 iudices,
314 2195 358 2207 -
372 2172 441 2225 utar
454 2163 534 2225 enim
550 2174 653 2226 vestra
664 2164 864 2241 benignitate,
881 2162 1024 2239 quoniam
1039 2179 1087 2224 me

59 2250 95 2311 in
107 2249 169 2308 hoc
184 2262 265 2307 novo
276 2262 389 2321 genere
403 2247 525 2307 dicendi
538 2255 599 2308 tam
614 2246 772 2322 diligenter
782 2246 933 2308 attenditis
945 2280 997 2320 -,
1011 2241 1090 2322 quo?

61 2331 144 2393 tiens
155 2344 213 2404 ego
223 2329 304 2389 hunc
313 2328 384 2401 vidi,
397 2347 489 2404 quum
496 2330 623 2391 litteram
631 2329 807 2407 scripsisset
813 2331 933 2402 nullam,
945 2346 1088 2407 magnum

62 2428 222 2475 numerum
237 2411 419 2486 optimorum
433 2428 576 2474 versuum
590 2414 630 2474 de
649 2413 686 2473 iis
705 2412 782 2488 ipsis
802 2415 909 2485 rebus,
932 2429 1011 2489 quae
1025 2408 1089 2474 tritu

63 2502 240 2571 agerentur,
257 2493 359 2554 dicere
375 2510 415 2554 ex
428 2503 579 2571 temperet
605 2495 746 2570 quotiens
761 2504 937 2557 revocatum
951 2496 1087 2557 eamdem

63 2593 129 2637 rem
148 2575 251 2636 dicere
272 2577 461 2638 commutatis
480 2578 582 2638 verbis
596 2587 687 2654 atque
707 2577 879 2640 sententiis!
911 2578 994 2653 Quae
1013 2590 1087 2638 vero

64 2668 208 2723 accurate
223 2658 414 2733 cogitateque
428 2659 618 2734 scripsisset,
640 2677 676 2721 ea
696 2661 741 2721 sic
761 2659 825 2721 vidi
845 2659 981 2735 probari,
1002 2658 1090 2719 ulad

66 2750 202 2804 veterum
216 2739 401 2815 scriptorum
411 2742 530 2803 laudern
549 2743 750 2817 pervenirent
794 2743 881 2803 Hunc
896 2758 953 2818 ego
968 2758 1029 2803 non
1043 2739 1088 2801 di·

64 2824 173 2900 ligam,
190 2838 252 2884 non
266 2822 411 2896 admirer,
427 2842 488 2885 non
502 2824 583 2886 omni
597 2826 713 2885 ratione
727 2826 953 2886 defendendum
967 2829 1089 2899 putemt

64 2906 160 2982 Atqui
176 2905 220 2988 sic
240 2921 258 2964 a
278 2905 403 2967 summis
425 2907 596 2968 hominibus
616 2907 889 2982 eruditissimisque
903 2905 1088 2982 accepimus,

65 2997 254 3059 caeterarum
275 3005 376 3050 rerum
397 2991 498 3050 studia
522 2999 552 3050 et
575 2990 711 3051 doctrina
734 2998 765 3051 et
784 2989 955 3065 praeceptis
975 2997 1005 3051 et
1024 2997 1089 3049 arte

65 3080 223 3133 constare=
251 3075 372 3146 poetam
389 3080 494 3133 natura
512 3071 580 3147 ipsa
597 3074 697 3133 valere
712 3080 742 3133 et
754 3072 863 3133 mentis
876 3071 992 3133 viribus
1006 3070 1088 3132 exci-

64 3155 124 3215 tari
140 3162 172 3215 et
187 3152 275 3228 quasi
295 3153 398 3215 divino
415 3156 546 3229 quodam
560 3155 667 3230 spiritu
683 3153 792 3215 inflari.
824 3155 935 3228 Quare
952 3170 1008 3215 suo
1023 3154 1088 3214 iure

64 3244 174 3299 noster
188 3235 241 3296 ille
253 3235 368 3297 Ennius
383 3246 507 3298 sanctos
523 3238 654 3311 appellat
669 3241 791 3311 poetas,
813 3238 896 3312 quod
912 3236 1000 3312 quasi
1014 3238 1087 3297 deo·

62 3335 132 3382 rum
146 3319 251 3394 aliquo
271 3319 354 3381 dono
373 3328 466 3394 atque
484 3335 608 3381 munere
629 3318 832 3381 commendati
850 3318 938 3381 nobis
959 3334 1030 3382 esse
1044 3314 1088 3377 vi·
