2340 3788
105 194 148 260 44
318 194 357 253 IN
374 194 405 253 C.
420 190 583 253 VERREM
596 191 680 251 Act.
696 193 731 250 tl.
749 192 820 250 LIB.
835 192 887 250 tv.

107 344 155 404 bis
171 361 355 419 proponam:
372 360 427 404 vos
439 358 506 403 eam
516 358 584 416 suo,
599 358 660 402 non
675 342 805 402 nominis
816 343 953 417 pondere
964 342 1130 418 penditote.

108 427 211 487 Genus
225 427 326 501 ipsum
341 427 427 505 prius
440 425 631 500 cognoscite,
648 425 782 485 iudices=
799 425 908 485 deinde
923 426 1060 487 tortasse
1074 444 1129 489 non

106 526 216 584 magno
234 526 327 584 opere
344 509 495 586 quaeretis
511 525 572 584 quo
592 508 623 567 id
638 508 758 569 nomine
774 508 993 583 appellandum
1008 509 1127 583 putetis.

106 594 190 667 Nego
206 593 237 652 in
256 592 358 653 Sicilia
373 601 451 665 tota,
467 601 527 653 tam
542 591 694 666 locupleti,
709 601 769 652 tam
781 600 886 670 yelerc
901 591 1074 665 provincia,
1090 601 1128 654 tot

107 675 239 750 oppidis
250 685 294 736 tot
305 675 424 738 familiis
438 684 497 736 tam
509 674 654 749 copiosis,
667 677 759 735 ullum
769 683 943 750 argenteum
955 677 1127 747 vas,ullum

108 758 290 819 Corinthium
305 767 357 821 ant
369 759 525 821 oetaeum
541 757 653 831 luisse,
672 758 763 818 ullam
778 773 926 832 gemmam
940 767 993 817 aut
1015 774 1126 834 marge-
1162 822 1164 829 ,

105 840 207 916 ritem,
234 842 399 918 quidquam
419 857 458 900 ex
479 855 552 900 auro
567 849 619 900 out
633 841 725 901 ebore
740 842 866 914 lactum,
893 841 1014 914 signum
1039 843 1126 902 ullum
1162 886 1164 893 .

105 928 242 1000 aeneum,
259 940 469 996 marmoreum,
484 923 659 997 eburneum,
672 939 750 998 nego
762 924 852 985 ullam
869 925 1018 998 picturam
1030 940 1126 1000 neque

105 1009 135 1068 in
151 1009 252 1069 tabula
273 1024 372 1082 neque
389 1007 419 1067 in
435 1005 531 1067 textili
543 1005 615 1080 quin
630 1006 835 1081 conquisierit,
853 1006 1031 1081 inspexerit,
1050 1005 1124 1081 quod

105 1092 248 1166 placitum
260 1093 299 1150 sit
314 1088 479 1150 abstulerit.
512 1087 541 1147 2.
572 1089 713 1167 Magnum
729 1089 837 1150 videor
851 1090 967 1150 dicere=
986 1089 1125 1150 attendite

106 1175 195 1234 etiam
210 1189 300 1247 quem
320 1173 361 1231 ad
381 1173 505 1232 modum
528 1171 635 1232 dicam.
676 1173 743 1233 Non
761 1170 840 1234 enim
856 1171 942 1233 verbi
957 1189 1060 1248 neque
1075 1172 1124 1233 cri-

105 1256 195 1315 minis
220 1255 350 1328 augendi
376 1270 471 1316 causa
495 1259 680 1330 complector
702 1256 816 1316 omnia:
845 1272 936 1331 quum
962 1254 1033 1315 dico
1058 1254 1124 1314 nibil

105 1338 196 1397 istum
217 1338 282 1397 eius
304 1337 387 1397 modi
407 1355 507 1398 rerum
528 1341 557 1398 in
572 1348 635 1400 tota
651 1338 811 1415 provincia
824 1339 1001 1414 reliquisse,
1015 1335 1125 1402 ,Latine

105 1436 153 1480 me
169 1419 291 1492 scitote,
314 1438 375 1481 non
396 1424 585 1482 accusatorie
605 1423 698 1498 loqui.
728 1422 826 1483 Etiam
849 1420 984 1496 planius:
1005 1420 1081 1481 nihil
1098 1418 1125 1481 itt

104 1501 232 1563 aedibus
245 1504 432 1579 cuiusquam,
446 1522 485 1564 ne
498 1505 529 1564 in
542 1505 665 1579 oppidis
679 1505 816 1580 quidem:
832 1505 905 1565 nihil
916 1504 947 1564 in
958 1503 1037 1564 locis
1048 1519 1125 1564 com-

104 1586 256 1660 munibus,
272 1604 310 1647 ne
321 1588 351 1647 in
366 1588 445 1647 lanis
465 1589 602 1662 quidem:
619 1587 692 1648 nihil
707 1589 788 1662 apud
803 1587 947 1662 Siculum,
960 1586 1035 1646 nihil
1047 1584 1125 1661 apud

105 1668 203 1729 civem
215 1671 400 1744 Romanum,
421 1671 552 1745 denique
569 1671 642 1730 nihil
660 1671 751 1731 istum
772 1671 856 1746 quod
876 1671 916 1729 ad
936 1671 1043 1730 oculos
1066 1666 1122 1728 ani·

103 1768 246 1827 mumque
264 1753 409 1814 acciderit
422 1770 523 1829 neque
541 1753 649 1828 privati
666 1771 767 1830 neque
782 1753 911 1829 publici,
933 1768 1034 1827 neque
1058 1766 1124 1826 pro·

104 1834 166 1896 loni
181 1836 376 1911 neque'sacri
391 1845 455 1899 tota
470 1839 500 1896 in
518 1836 621 1897 Sicilia
641 1837 813 1912 reliquisse.

187 1916 217 1980 3.
244 1921 332 1981 Unde
357 1921 446 1996 igilur
470 1921 574 1996 potius
599 1920 741 1995 incipiam
768 1935 859 1994 quam
881 1919 919 1978 ab
939 1934 977 1978 ec
997 1917 1124 1989 civitate,

105 2019 184 2079 quae
197 2003 250 2064 tibi
261 2021 322 2064 una
335 2004 366 2063 in
381 2020 485 2064 amore
500 2014 591 2078 atque
607 2006 637 2062 in
653 2002 770 2064 deliciis
785 2003 860 2061 luitt
872 2009 924 2061 aut
938 2017 977 2060 ex
993 2016 1056 2075 quo
1073 2017 1125 2075 po
1161 2074 1164 2083 Ι

103 2087 163 2145 tius
178 2102 302 2145 numero
321 2104 411 2160 quam
425 2103 465 2146 ex
479 2086 555 2160 ipsis
570 2085 777 2146 laudatoribus
793 2083 876 2145 tuist
902 2082 1033 2144 Facilius
1048 2083 1125 2144 enim

103 2167 307 2241 perspicietur
322 2169 420 2242 qualis
435 2169 519 2243 apud
534 2185 589 2229 eos
605 2170 712 2241 lucris,
736 2168 788 2243 qui
802 2177 832 2227 tc
848 2168 992 2240 oderunt,
1011 2166 1065 2242 qui
1079 2182 1125 2227 ao

104 2256 226 2320 cusant,
254 2250 306 2322 qui
322 2259 561 2328 persequuntur,
586 2268 678 2327 quum
692 2253 775 2327 apud
790 2260 859 2312 tuos
874 2249 1072 2311 Mamertinos
1085 2250 1127 2311 itt·

44 2356 47 2360 ·
104 2330 229 2390 veniere
243 2331 467 2407 improbissima
482 2335 598 2394 ratione
617 2350 690 2394 esse
704 2336 878 2410 praedatus.
910 2333 946 2392 ll.
979 2333 1011 2393 C.
1033 2333 1125 2394 Heius
1151 2384 1156 2401 ,

105 2420 153 2474 est
173 2411 368 2476 Mamertinus
390 2450 429 2462 —-
453 2433 559 2477 omnes
581 2417 641 2478 hoc
662 2417 734 2478 mihi
757 2418 809 2492 qui
826 2418 1001 2478 Messanam
1023 2432 1126 2477 acces·

104 2504 208 2558 serunt
231 2497 319 2558 focile
343 2501 516 2559 concedunt
534 2502 732 2561 -omnibus
757 2501 849 2560 rebus
874 2500 925 2560 illa
949 2499 980 2559 in
1008 2498 1127 2561 civitate

104 2580 325 2641 ornatissimus.
360 2582 456 2643 Huius
468 2583 576 2644 domus
591 2593 638 2644 est
652 2586 700 2644 vel
716 2585 829 2660 optima
844 2584 1016 2656 Messanae,
1034 2583 1126 2643 notis·

105 2664 182 2725 sima
196 2664 320 2740 quidem
331 2673 413 2726 certe
427 2674 458 2725 et
470 2666 582 2728 nostris
592 2667 764 2728 hominibus
777 2665 970 2741 apertissima
983 2665 1126 2727 maxime·

104 2764 163 2821 que
177 2748 348 2823 hospitalis.
380 2749 425 2807 lla
441 2748 550 2810 domus
572 2759 642 2811 ante
663 2750 750 2810 istius
771 2751 933 2810 adventum
956 2758 1064 2811 ornata
1083 2746 1127 2811 sie

103 2830 173 2902 luit,
196 2840 229 2891 nt
247 2833 314 2892 urbi
335 2847 458 2907 quoque
480 2841 564 2893 esset
578 2840 763 2894 ornamento.
794 2834 869 2893 Nam
890 2832 959 2907 ipsa
972 2830 1126 2903 Messene,

63 2927 66 2932 ·
105 2927 184 2985 quae
199 2915 267 2989 situ,
282 2915 443 2976 moenibus
462 2924 611 2990 portuque
632 2924 738 2976 ornata
752 2915 805 2988 sit,
822 2916 860 2975 ab
876 2914 923 2974 his
937 2915 1045 2988 rebus,
1063 2912 1127 2991 qui·

101 2994 160 3053 bns
183 2993 240 3054 iste
266 2998 446 3072 delectatur,
478 3015 553 3059 sane
576 3015 672 3059 vacua
691 3008 783 3074 atque
802 2999 885 3059 nude
910 3006 966 3058 est.
997 2995 1029 3057 4.
1057 2996 1127 3057 Erat

103 3074 185 3149 apud
201 3076 309 3138 Heium
324 3082 490 3142 sacrarium
505 3098 616 3156 magna
637 3098 705 3141 cum
727 3082 871 3156 dignitate
891 3079 922 3140 in
941 3079 1089 3153 aedibus,
1110 3094 1128 3139 a

102 3157 268 3219 maioribus
281 3162 448 3235 traditum„
454 3165 681 3239 perantiquum,
700 3165 731 3224 in
748 3181 808 3238 quo
825 3167 911 3238 signa
926 3161 1129 3239 pulcherrimo

103 3248 253 3316 quattuor,
269 3258 386 3304 summo
402 3246 539 3320 artllicio,
553 3263 670 3306 summa
684 3246 848 3318 nobilitate,
866 3263 944 3320 quae
957 3262 1019 3305 non
1034 3245 1127 3306 modo

102 3325 192 3388 istum
216 3325 368 3386 hominem
394 3328 584 3404 ingeniosum
609 3339 639 3389 et
652 3328 881 3404 intelligentem,
903 3346 1010 3390 verum
1038 3328 1127 3388 etiam

103 3409 241 3478 quemvis
256 3418 407 3483 nostrum,
430 3428 508 3486 quos
526 3412 584 3472 iste
598 3411 709 3471 idiotas
725 3398 866 3488 aplent,
881 3413 1034 3472 delectare
1053 3425 1127 3486 pot·
