2332 3772
327 154 413 223 cnr.
425 162 557 223 sr-ae.
577 162 605 223 s.
618 162 751 219 te-se.
995 156 1059 225 44⁷

32 310 133 370 decet
159 305 209 369 82.
224 309 326 381 Atque
341 320 380 366 ex
393 304 445 367 illo
460 305 510 367 die
526 303 727 365 recordamini
743 303 809 367 eius
822 323 922 382 usque
935 309 975 371 ad
985 308 1059 371 ldus

30 390 158 453 umam
182 391 381 450 consulatum.
424 387 504 463 ,Quis
523 404 666 464 umquam
686 387 840 463 apparitor
852 396 912 451 tam
927 391 1058 468 humilis,

31 483 95 537 tam
116 472 274 533 abiectust
291 470 369 533 ltibil
387 472 456 546 ipse
476 479 609 547 potarat:
628 469 729 532 omnia
748 471 890 545 rogabatr
917 484 1008 549 caput
1026 475 1057 537 in

30 570 175 617 aversam
193 553 331 615 lecticam
351 553 504 626 inserens,
527 552 676 615 beneficia
699 569 779 628 quae
799 555 945 615 venderet
962 573 982 617 a
997 561 1056 623 col-

10 641 103 713 -lega
118 637 249 712 petebat
265 638 395 699 XXXIII.
408 638 489 699 Ecce
501 637 677 699 Dolabellae
691 635 879 697 comitiorum
895 637 976 697 dies:
994 655 1058 700 sor-

28 720 98 783 n'tio
113 719 358 795 praerogativam
374 718 513 795 quiescit.
532 720 754 781 Renunciatum
767 726 855 780 tacet.
872 717 972 780 Prima
981 721 1059 781 clas·

30 805 226 865 ancoratum
238 800 447 863 renunciaturr
460 801 570 863 deinde
576 801 627 875 ita,
639 811 672 863 ut
678 802 807 873 adsolet
820 800 980 877 suffragia:
997 810 1058 863 tum

29 886 170 947 secunda
183 884 308 949 classisr
324 900 403 960 quae
419 883 520 946 omnia
535 893 606 946 sunt
619 883 709 945 citius
726 884 806 947 lacta
817 901 907 961 quam
920 882 993 945 dixi.
1008 884 1059 947 aa.

30 968 179 1031 Contemo
206 965 335 1044 negocio
363 968 462 1029 bonus
489 983 585 1042 augur
607 1000 643 1012 -
670 967 702 1029 c.
715 967 848 1029 Laelium
876 966 996 1031 diceres
1017 998 1060 1013 -

25 1066 104 1113 aare
117 1066 168 1111 nra
187 1049 293 1126 inquit
337 1049 591 1125 Oinnpudentiam
604 1049 800 1124 singularemt
818 1050 896 1124 Quid
916 1049 1061 1111 viderast

28 1135 107 1209 qnid
121 1139 287 1194 senserast
300 1131 374 1207 quid
384 1131 619 1194 audierastllec
630 1131 709 1193 enim
724 1140 754 1195 te
768 1133 807 1193 de
819 1135 904 1195 caelo
916 1148 1059 1195 servasse

26 1215 137 1279 dixisti
156 1230 213 1275 nec
236 1213 327 1275 bodie
346 1212 433 1275 dicis.
482 1216 518 1276 ld
531 1215 622 1291 igitur
635 1214 758 1277 obvenit
779 1214 898 1290 vitium,
921 1216 1005 1293 quod
1027 1216 1060 1276 tu

24 1299 91 1361 iam
104 1296 252 1359 Kalendis
265 1297 412 1361 Ianuariis
426 1298 557 1360 futurum
570 1313 643 1359 esse
654 1296 831 1374 provideras
846 1307 877 1361 et
891 1306 976 1361 tanto
989 1307 1059 1359 ante

25 1380 241 1457 praedixeras.
261 1380 340 1455 Ergo
353 1380 475 1443 hercule
488 1398 606 1458 magna,
623 1389 657 1443 ut
671 1399 771 1458 spero,
789 1390 841 1445 tua
855 1381 1059 1458 potiusquam

25 1462 76 1525 rei
89 1460 232 1537 publicae
244 1463 411 1525 calamitate
425 1464 585 1527 emeritus
594 1480 630 1526 es
644 1464 796 1541 aruspicina
809 1464 996 1528 obstrinxisti
1010 1480 1058 1525 re-

26 1543 146 1620 ligione
158 1544 305 1620 populum
319 1547 497 1621 Romanum,
511 1563 609 1622 augur
621 1548 738 1623 auguri,
753 1550 860 1611 consul
875 1549 994 1611 consuli
1004 1547 1057 1609 ob·

26 1625 192 1689 nunciasti.
225 1627 304 1689 Noto
321 1629 416 1702 ptura,
432 1646 471 1689 ne
484 1638 553 1691 acta
565 1630 741 1689 Dolabellae
754 1631 861 1692 videar
875 1633 1057 1703 convellere,

28 1725 113 1785 quae
125 1724 256 1769 necesse
270 1717 317 1769 est
326 1708 490 1784 aliquando
501 1710 541 1769 ad
555 1715 693 1769 noenum
704 1712 863 1785 collegium
875 1713 1057 1774 deierantur.

27 1791 82 1857 84·
109 1790 173 1851 Sed
199 1791 405 1866 adrogmtinm
431 1789 561 1852 bominis
588 1791 843 1867 insolentiamque
870 1794 1056 1869 cognoscite.

29 1872 199 1950 Quamdiu
212 1881 245 1935 tn
257 1873 358 1946 voles,
383 1871 512 1935 vitiosus
527 1874 636 1935 consul
648 1872 821 1935 Dolabellas
833 1890 948 1948 rursus,
966 1890 1057 1947 quum

29 1954 134 2030 v'oles,
151 1957 245 2019 salvis
258 1954 406 2032 auspiciis
421 1965 551 2018 creatus.
594 1954 628 2016 Si
643 1953 717 2016 nihil
730 1963 895 2032 estonum
909 1973 1004 2031 augur
1019 1956 1057 2020 iis

28 2037 135 2101 verbis
149 2037 285 2111 nuncid,
307 2038 417 2115 quibam
433 2048 464 2101 tu
478 2038 642 2111 nunciasti,
656 2038 801 2100 confitere
817 2046 864 2112 te,
881 2056 974 2114 quum
984 2055 1055 2097 nero

28 2136 82 2183 nra
96 2120 221 2195 dixeris,
234 2120 369 2183 sobrium
379 2138 440 2184 nnn
452 2123 562 2184 luisse
576 2120 687 2201 sinest
699 2123 800 2198 aliqua
813 2121 901 2184 visin
913 2121 980 2185 istis
992 2137 1057 2182 ver-

28 2204 90 2278 bis,
109 2219 146 2263 ea
161 2220 240 2278 quae
255 2201 295 2264 sit
306 2221 439 2291 'augura
455 2207 571 2281 collega
583 2207 715 2282 requiro.

93 2284 156 2346 Sed
167 2302 206 2347 ne
220 2287 298 2348 iorte
316 2302 356 2347 ex
370 2287 470 2349 mullis
484 2288 576 2349 rebus
593 2288 687 2363 gestis
701 2286 1056 2350 eunomianorum

28 2368 265 2446 pulcherrimam
296 2371 444 2433 transiliat
468 2370 587 2444 oratio,
617 2372 657 2431 ad
679 2369 859 2446 Lupercalia
889 2372 1056 2433 veniamus.

28 2451 165 2513 XXXIV.
178 2452 245 2513 Non
256 2449 435 2528 dissimulat,
449 2463 550 2529 patres
562 2451 740 2528 conscripti=
755 2463 882 2530 apparet
892 2471 964 2515 essa
975 2470 1056 2515 eom-

29 2543 160 2596 motum=
184 2536 289 2608 sudat,
309 2537 411 2610 pallet.
454 2535 617 2609 Quidlibet,
639 2536 730 2597 modo
745 2552 784 2598 ne
799 2547 941 2611 nauseet,
959 2536 1057 2609 laniat,

30 2616 163 2694 quadiu
179 2616 301 2692 porticu
313 2616 447 2679 Minucia
460 2617 540 2680 lecit.
571 2618 654 2692 Quae
667 2628 850 2695 potestesse
863 2617 1057 2694 turpitudinis

27 2708 133 2763 tanne
144 2699 304 2762 delensiot
323 2699 419 2776 cupio
432 2701 551 2776 audire,
565 2709 599 2763 ut
613 2700 748 2776 videam,
763 2701 816 2763 ubi
830 2701 959 2762 rhetoris
974 2708 1057 2762 taum

28 2797 161 2856 merces,
174 2783 227 2845 nbi
242 2800 369 2861 campus
383 2784 550 2846 Leontinus
564 2793 721 2861 appareat
752 2783 803 2848 85.
817 2784 950 2847 Sedebat
963 2784 994 2845 in
1006 2798 1055 2843 ro

29 2866 104 2927 stris
119 2867 237 2952 collega
251 2875 332 2940 tuus,
347 2865 474 2929 amictus
490 2876 562 2942 toga
576 2884 738 2944 purpurea,
753 2868 784 2928 in
799 2870 876 2930 sella
887 2882 988 2940 aurea,
1003 2882 1056 2927 oo-

27 2956 169 3012 ronatus.
211 2950 376 3024 Escendis,
392 2948 517 3012 accedis
527 2951 567 3011 ad
580 2951 685 3012 sellam
698 2985 740 2998 -
753 2950 795 3012 ita
808 2967 878 3012 eras
889 2951 1056 3027 Lupercus,

29 3040 65 3093 nt
78 3039 111 3093 te
124 3034 281 3095 consulem
294 3049 366 3096 esse
385 3032 559 3095 meminisse
579 3033 708 3095 deberes
720 3062 777 3106 ·-,
802 3033 941 3094 diadema
955 3040 1056 3094 osten·

30 3115 91 3175 dis.
141 3114 277 3177 Gemitus
297 3124 361 3179 toto
383 3119 460 3179 inre.
502 3117 590 3179 Unde
610 3116 770 3178 diademat
790 3115 856 3177 Non
877 3115 956 3177 euim
975 3114 1056 3176 abie

30 3205 115 3258 ctum
131 3199 309 3274 sustuleras,
326 3199 383 3262 sed
394 3200 537 3263 attuleras
551 3201 641 3261 domo
656 3198 833 3265 meditatum
849 3207 879 3261 et
896 3198 1056 3273 cogitatum

31 3280 146 3342 scelus.
193 3280 238 3343 'ln
257 3281 398 3346 dudem
414 3285 592 3360 imponebas
614 3298 684 3344 cum
699 3283 846 3358 plangore
866 3278 987 3357 populis
1007 3277 1057 3337 ille

30 3378 104 3425 cum
120 3365 231 3439 plausu
241 3363 406 3430 reiiciebat.
448 3366 492 3433 Tu
502 3384 578 3446 crgo
593 3382 682 3440 unns,
698 3365 854 3439 scelerata,
869 3362 1010 3425 iuventus
1020 3373 1056 3421 cs
