2340 3788
112 180 175 248 153
359 175 397 233 ru
411 175 444 233 a.
461 173 670 237 curulum
684 171 825 234 omnmo
842 175 893 234 ιν.
1005 128 1008 133 ’

198 327 228 387 6.
251 324 313 385 Sed
337 340 396 399 ego
422 323 538 385 institui
559 325 733 385 reterre-ad
751 340 824 397 vos,
849 332 954 399 patres
968 326 1147 403 consumpti,

114 420 268 484 tamquam
289 407 452 482 integrum,
476 416 507 467 et
528 407 567 466 de
587 406 668 467 laeto
685 407 759 480 mm
778 406 920 468 iudieeus
940 416 971 468 et
990 408 1030 468 de
1044 424 1146 484 poena

117 492 190 569 quid
204 492 366 553 censeatis.
409 492 464 551 lle
479 488 668 566 pmedioum,
696 506 778 565 quae
797 499 869 552 eunt
886 490 1035 552 consulis.
1079 493 1145 568 lagu

114 592 257 652 magnum
270 575 301 633 iu
315 589 349 632 re
360 572 484 649 publiea
500 572 615 633 versari
630 573 762 633 imorem
779 583 809 634 et
822 590 905 634 nova
921 574 1076 649 quaedam
1090 577 1145 635 rni-

116 659 195 720 steri
211 667 241 720 et
256 659 400 719 concitari
412 659 493 716 mala
502 659 562 718 iarn
574 655 691 731 pridem
701 657 859 716 videbam:
869 658 1144 734 sedhanotautam,

116 753 176 803 tam
195 742 357 803 exitiosam
370 740 476 800 haberi
490 739 758 801 coniurationema
772 739 892 800 nivibus
908 756 1078 815 numquam
1088 758 1146 817 pu-

115 827 188 889 tavi.
223 826 310 886 Nune
328 823 479 899 quidquid
492 832 555 895 est,
577 838 773 899 quocumque
786 831 908 884 vestrae
922 832 1044 884 mentes
1058 824 1143 886 inoli-

100 918 189 970 ·nuut
208 918 300 983 atque
320 911 503 979 sententiae,
531 907 723 966 statuendum
742 907 832 966 vobis
852 916 922 967 aute
944 916 1064 968 noctem
1082 918 1145 969 est

116 993 266 1067 Quantum
279 990 398 1050 latinus
415 990 456 1050 ad
472 1005 529 1049 vos
547 990 678 1049 delatum
696 989 735 1051 sit
750 988 869 1050 videtis.
890 989 968 1051 Huic
984 990 1012 1051 si
1024 1006 1146 1065 paucos

27 1110 31 1117 ·
115 1076 228 1153 putatis
240 1074 358 1134 adlines
369 1088 450 1146 esse,
464 1072 661 1132 vehementer
672 1073 789 1133 erratis.
807 1072 909 1137 itatius
921 1073 1068 1149 opinione
1082 1074 1144 1135 dis-

116 1159 296 1220 seminatum
311 1164 359 1216 est
373 1156 433 1216 lroo
447 1157 573 1217 mulum:
591 1155 727 1217 manavit
742 1172 804 1217 non
829 1159 928 1217 solum
948 1173 1003 1233 per
1017 1157 1144 1233 ltaliam,

17 1256 20 1262 ’
115 1239 334 1301 verumetiam
357 1239 544 1301 tmusoendit
563 1242 660 1315 Alpes
680 1236 711 1299 et
728 1240 860 1301 obscure
882 1255 1013 1316 serpens
1029 1243 1144 1302 multas

116 1325 175 1384 iam
191 1322 365 1398 provincius
380 1322 566 1398 oooupuvit„
580 1323 615 1382 ld
626 1323 760 1399 opprimi
776 1325 976 1384 sustentando
986 1340 1027 1383 se
1038 1322 1145 1400 'prola-

114 1409 207 1467 tando
224 1408 306 1467 nullo
324 1414 415 1480 paeto
431 1413 548 1481 potest:
566 1421 759 1487 quarumque
771 1405 889 1468 ratione
903 1409 1018 1482 placet,
1037 1407 1142 1467 eeleri-

113 1497 160 1550 ter
175 1491 262 1550 vobis
278 1487 494 1549 vindioundum
508 1499 564 1550 est.
772 1532 774 1537 .

29 1570 41 1581 ‘
197 1574 249 1633 tv.
268 1571 296 1634 7.
311 1572 411 1633 Video
423 1573 523 1633 adhue
540 1574 617 1633 dues
631 1588 704 1633 esse
717 1572 894 1646 sententias,
908 1589 1000 1633 unum
1013 1574 1050 1634 D.
1064 1573 1144 1635 Sila·

114 1657 161 1731 ni,
178 1656 230 1732 qui
250 1664 355 1717 censet
368 1673 440 1730 eos,
457 1656 509 1731 qui
525 1654 602 1717 hoec
616 1658 719 1718 delere
733 1656 834 1717 eonati
849 1664 935 1731 sunt,
948 1662 1143 1718 'morteesse

115 1741 316 1814 mulctandos,
331 1741 456 1800 alteram
465 1740 496 1799 C.
508 1740 658 1814 Caesaris,
675 1740 726 1816 qui
738 1739 844 1800 mortis
854 1754 986 1814 poenam
993 1750 1143 1815 removet,

115 1833 303 1885 caeterorum
312 1823 532 1899 suppliciorum
539 1840 645 1885 omnes
654 1824 834 1884 acerbitates
841 1823 1040 1898 amplectitur.
1054 1823 1141 1885 Uter·

114 1924 175 1984 que
186 1917 217 1969 et
226 1925 283 1984 pro
297 1924 355 1968 sua
369 1906 515 1982 dignitate
530 1916 560 1968 et
574 1925 630 1984 pro
644 1923 745 1968 rerum
754 1904 961 1982 magnitudine
975 1907 1006 1967 in
1022 1923 1145 1969 summa

114 1992 276 2053 severitate
294 1999 442 2052 versatur.
464 1993 550 2052 Alter
563 2007 632 2066 eoS,
647 1991 700 2066 qui
714 2006 772 2050 nos
785 2006 908 2064 onmes,
925 1989 980 2064 qui·
993 1993 1144 2066 populum

113 2078 283 2136 Romanum
297 2075 358 2134 vita
373 2075 495 2149 privare
509 2075 610 2135 uonuti
624 2083 703 2147 sunt,
722 2073 776 2149 qui
790 2075 893 2134 delere
902 2073 1070 2150 imperium,
1090 2075 1145 2149 qui

113 2159 219 2232 populi
239 2157 369 2218 Romani
388 2173 497 2217 nomen
516 2157 728 2232 exstinguere,
751 2165 895 2232 punctum
910 2158 1060 2232 temporis
1084 2158 1144 2218 lrui

114 2240 176 2299 vita
191 2249 222 2300 et
235 2241 294 2301 hoo
311 2241 464 2301 communi
484 2241 591 2316 spirim
610 2257 672 2301 non
689 2249 775 2315 putat
790 2249 946 2316 oportere,
972 2248 1066 2314 atque
1080 2241 1144 2301 hoo

113 2337 209 2397 genus
224 2339 343 2398 poenae
357 2340 451 2399 saepe
463 2323 494 2383 in
504 2325 660 2399 improbos
675 2323 761 2388 aives
774 2323 805 2385 iu
820 2325 877 2383 lieo
888 2323 1053 2399 republica
1067 2339 1145 2383 esse

113 2415 292 2481 usurpatum
306 2408 494 2468 recordatur.
508 2410 594 2468 Alter
606 2407 743 2483 intelligit
758 2415 885 2467 mortem
901 2408 939 2467 ab
955 2405 1003 2466 dis
1017 2407 1142 2467 immor-

112 2489 224 2551 talibus
238 2506 300 2549 non
317 2506 388 2551 esse
402 2490 545 2566 supplicii
561 2508 655 2552 eausa
670 2490 879 2562 constitutam,
896 2491 951 2550 sed
965 2499 1018 2550 aut
1031 2505 1140 2549 neees-

113 2573 233 2635 sitalem
249 2581 374 2657 naturae
389 2583 441 2634 aut
457 2575 593 2635 laborum
604 2591 644 2635 ao
660 2574 849 2635 miseriarum
868 2574 1009 2649 quietem.
1030 2573 1138 2647 ltaque

113 2673 182 2718 eam
196 2655 350 2733 sapientes
366 2672 530 2733 numquam
542 2658 643 2731 inviti,
672 2660 767 2719 fortes
788 2674 884 2732 saepe
902 2658 991 2717 etium
1012 2656 1141 2716 libenter

108 2741 336 2817 oppetiverunt.
357 2741 487 2801 Vincula
503 2757 576 2802 vero
587 2752 622 2802 et
631 2757 673 2801 ea
686 2740 871 2817 sempiterna
885 2749 967 2801 certe
981 2741 1022 2800 ad
1036 2739 1139 2813 singu·

113 2827 207 2886 larem
220 2841 350 2901 poenam
362 2825 470 2884 melarii
493 2825 619 2886 sceleris
639 2826 763 2885 inventa
778 2834 858 2886 sunt
869 2878 876 2891 ,
886 2822 1063 2898 Municipiis
1076 2822 1137 2881 ‹lis-

113 2909 218 2981 pertiri
231 2910 323 2970 iubet.
350 2909 470 2969 Habere
480 2909 601 2970 videtur
610 2909 669 2970 ista
678 2925 729 2969 res
742 2909 939 2984 iniquitatem,
950 2907 978 2966 si
989 2907 1140 2981 imperare

113 2990 200 3064 velis,
215 2994 431 3065 difficultatem,
450 2993 477 3054 si
493 3009 612 3069 rogare.
640 2994 827 3054 Decernatur
840 3001 955 3064 tamen,
979 2988 1008 3050 si
1028 2991 1138 3064 planet

113 3058 143 3133 8·
160 3074 225 3146 Ego
242 3077 322 3136 euim
341 3076 506 3152 suscipiam
522 3085 565 3148 et,
582 3085 615 3137 ut
628 3092 737 3153 spero,
752 3077 902 3152 reperiam
919 3074 1032 3149 quiid,
1057 3070 1140 3147 quod

113 3155 221 3218 salutis
239 3160 370 3221 omnium
388 3177 482 3221 eausa
497 3159 676 3234 statueritis,
699 3177 761 3221 nou
783 3168 890 3236 putent
910 3172 981 3218 esse
1005 3172 1082 3216 suae
1096 3153 1139 3214 di-

113 3238 237 3314 guitatis
251 3257 404 3304 recusare.
437 3244 583 3318 Adiungit
597 3260 722 3318 gravem
735 3259 867 3318 poenam
881 3239 1098 3314 municipibus,
1114 3235 1140 3295 si

115 3323 185 3399 quis
202 3337 308 3383 eorum
320 3325 443 3387 vincula
455 3328 586 3401 ruperit:
617 3327 777 3387 horribiles
793 3325 952 3387 custodias
974 3322 1142 3383 circumdat

113 3415 145 3469 et
158 3407 266 3483 dignes
278 3409 393 3469 scelere
406 3410 560 3472 hominum
568 3411 767 3486 perditorum
784 3407 881 3471 sancit
895 3425 934 3469 ue
949 3407 1019 3482 quis
1034 3419 1142 3466 eorum
