<?xml version="1.0" encoding="UTF-8"?>
<!DOCTYPE html PUBLIC "-//W3C//DTD XHTML 1.0 Transitional//EN"
    "http://www.w3.org/TR/xhtml1/DTD/xhtml1-transitional.dtd">
<html xmlns="http://www.w3.org/1999/xhtml" xml:lang="en" lang="en">
 <head>
  <title>
</title>
<meta http-equiv="Content-Type" content="text/html;charset=utf-8" />
  <meta name='ocr-system' content='tesseract 3.04.00' />
  <meta name='ocr-capabilities' content='ocr_page ocr_carea ocr_par ocr_line ocrx_word'/>
</head>
<body>
  <div class='ocr_page' id='page_1' title='image "./orationesselect01cicegoog/orationesselect01cicegoog_0466.png"; bbox 0 0 2340 3788; ppageno 0'>
   <div class='ocr_carea' id='block_1_1' title="bbox 317 180 1045 251">
    <p class='ocr_par' dir='ltr' id='par_1_1' title="bbox 317 180 1045 251">
     <span class='ocr_line' id='line_1_1' title="bbox 317 180 1045 251; baseline 0 -2"><span class='ocrx_word' id='word_1_1' title='bbox 317 184 398 249; x_wconf 70' lang='lat' dir='ltr'><strong>cap.</strong></span> <span class='ocrx_word' id='word_1_2' title='bbox 415 193 546 248; x_wconf 84' lang='lat' dir='ltr'><strong>11-1s.</strong></span> <span class='ocrx_word' id='word_1_3' title='bbox 567 190 594 251; x_wconf 82' lang='lat' dir='ltr'><strong>s.</strong></span> <span class='ocrx_word' id='word_1_4' title='bbox 608 191 740 247; x_wconf 82' lang='lat' dir='ltr'><strong>rs-ar.</strong></span> <span class='ocrx_word' id='word_1_5' title='bbox 981 180 1045 250; x_wconf 79' lang='lat' dir='ltr'><strong>llll</strong></span> 
     </span>
    </p>
   </div>
   <div class='ocr_carea' id='block_1_2' title="bbox 10 333 1105 2564">
    <p class='ocr_par' dir='ltr' id='par_1_2' title="bbox 10 333 1105 2564">
     <span class='ocr_line' id='line_1_2' title="bbox 10 333 1047 417; baseline -0.006 -11"><span class='ocrx_word' id='word_1_6' title='bbox 10 339 162 406; x_wconf 83' lang='lat' dir='ltr'><strong>clamavit</strong></span> <span class='ocrx_word' id='word_1_7' title='bbox 177 347 267 417; x_wconf 82' lang='lat' dir='ltr'><strong>atque</strong></span> <span class='ocrx_word' id='word_1_8' title='bbox 281 335 312 399; x_wconf 87' lang='lat' dir='ltr'><strong>ei</strong></span> <span class='ocrx_word' id='word_1_9' title='bbox 322 344 531 412; x_wconf 77' lang='lat' dir='ltr'><strong>recuperatam</strong></span> <span class='ocrx_word' id='word_1_10' title='bbox 544 333 712 396; x_wconf 85' lang='lat' dir='ltr'><strong>libertatern</strong></span> <span class='ocrx_word' id='word_1_11' title='bbox 730 340 778 395; x_wconf 89' lang='lat' dir='ltr'><strong>est</strong></span> <span class='ocrx_word' id='word_1_12' title='bbox 790 337 965 409; x_wconf 69' lang='lat' dir='ltr'><strong>gratulatus.</strong></span> <span class='ocrx_word' id='word_1_13' title='bbox 986 338 1047 400; x_wconf 85' lang='lat' dir='ltr'><strong>cur</strong></span> 
     </span>
     <span class='ocr_line' id='line_1_3' title="bbox 10 415 1049 499; baseline -0.005 -11"><span class='ocrx_word' id='word_1_14' title='bbox 10 424 92 488; x_wconf 82' lang='lat' dir='ltr'><strong>mihi</strong></span> <span class='ocrx_word' id='word_1_15' title='bbox 108 422 320 499; x_wconf 84' lang='lat' dir='ltr'><strong>potissimumt</strong></span> <span class='ocrx_word' id='word_1_16' title='bbox 337 418 409 495; x_wconf 82' lang='lat' dir='ltr'><strong>quie</strong></span> <span class='ocrx_word' id='word_1_17' title='bbox 430 417 584 481; x_wconf 79' lang='lat' dir='ltr'><strong>seiebumt</strong></span> <span class='ocrx_word' id='word_1_18' title='bbox 615 415 696 479; x_wconf 86' lang='lat' dir='ltr'><strong>Vide</strong></span> <span class='ocrx_word' id='word_1_19' title='bbox 715 431 756 478; x_wconf 87' lang='lat' dir='ltr'><strong>na</strong></span> <span class='ocrx_word' id='word_1_20' title='bbox 774 415 826 477; x_wconf 91' lang='lat' dir='ltr'><strong>illa</strong></span> <span class='ocrx_word' id='word_1_21' title='bbox 845 433 938 480; x_wconf 85' lang='lat' dir='ltr'><strong>causa</strong></span> <span class='ocrx_word' id='word_1_22' title='bbox 957 421 1049 484; x_wconf 85' lang='lat' dir='ltr'><strong>luerit</strong></span> 
     </span>
     <span class='ocr_line' id='line_1_4' title="bbox 10 499 1048 586; baseline -0.007 -13"><span class='ocrx_word' id='word_1_23' title='bbox 10 504 265 586; x_wconf 68' lang='lat' dir='ltr'><strong>appellantium,</strong></span> <span class='ocrx_word' id='word_1_24' title='bbox 280 503 372 579; x_wconf 87' lang='lat' dir='ltr'><strong>qnod,</strong></span> <span class='ocrx_word' id='word_1_25' title='bbox 380 518 472 579; x_wconf 90' lang='lat' dir='ltr'><strong>quum</strong></span> <span class='ocrx_word' id='word_1_26' title='bbox 478 518 544 563; x_wconf 82' lang='lat' dir='ltr'><strong>rent</strong></span> <span class='ocrx_word' id='word_1_27' title='bbox 550 502 701 577; x_wconf 81' lang='lat' dir='ltr'><strong>gessisset</strong></span> <span class='ocrx_word' id='word_1_28' title='bbox 707 499 1048 581; x_wconf 79' lang='lat' dir='ltr'><strong>consimilemrebusiis,</strong></span> 
     </span>
     <span class='ocr_line' id='line_1_5' title="bbox 10 583 1047 669; baseline -0.007 -14"><span class='ocrx_word' id='word_1_29' title='bbox 10 605 98 669; x_wconf 79' lang='lat' dir='ltr'><strong>quas</strong></span> <span class='ocrx_word' id='word_1_30' title='bbox 112 588 181 663; x_wconf 88' lang='lat' dir='ltr'><strong>ipse</strong></span> <span class='ocrx_word' id='word_1_31' title='bbox 194 603 358 663; x_wconf 82' lang='lat' dir='ltr'><strong>gesseram,</strong></span> <span class='ocrx_word' id='word_1_32' title='bbox 373 602 422 647; x_wconf 90' lang='lat' dir='ltr'><strong>me</strong></span> <span class='ocrx_word' id='word_1_33' title='bbox 433 583 626 661; x_wconf 87' lang='lat' dir='ltr'><strong>potissimum</strong></span> <span class='ocrx_word' id='word_1_34' title='bbox 640 592 768 647; x_wconf 89' lang='lat' dir='ltr'><strong>testatus</strong></span> <span class='ocrx_word' id='word_1_35' title='bbox 785 592 832 644; x_wconf 89' lang='lat' dir='ltr'><strong>est</strong></span> <span class='ocrx_word' id='word_1_36' title='bbox 846 599 882 645; x_wconf 87' lang='lat' dir='ltr'><strong>se</strong></span> <span class='ocrx_word' id='word_1_37' title='bbox 896 588 1047 648; x_wconf 87' lang='lat' dir='ltr'><strong>aemulum</strong></span> 
     </span>
     <span class='ocr_line' id='line_1_6' title="bbox 10 666 1045 741; baseline -0.006 -4"><span class='ocrx_word' id='word_1_38' title='bbox 10 676 152 737; x_wconf 81' lang='lat' dir='ltr'><strong>ncerum</strong></span> <span class='ocrx_word' id='word_1_39' title='bbox 168 669 301 733; x_wconf 80' lang='lat' dir='ltr'><strong>laudium</strong></span> <span class='ocrx_word' id='word_1_40' title='bbox 312 668 477 731; x_wconf 73' lang='lat' dir='ltr'><strong>exstitisse.</strong></span> <span class='ocrx_word' id='word_1_41' title='bbox 520 667 571 731; x_wconf 76' lang='grc'><strong>29.</strong></span> <span class='ocrx_word' id='word_1_42' title='bbox 587 668 632 730; x_wconf 85' lang='lat' dir='ltr'><strong>Tu</strong></span> <span class='ocrx_word' id='word_1_43' title='bbox 648 675 764 741; x_wconf 86' lang='lat' dir='ltr'><strong>autom,</strong></span> <span class='ocrx_word' id='word_1_44' title='bbox 782 666 915 728; x_wconf 91' lang='lat' dir='ltr'><strong>omnium</strong></span> <span class='ocrx_word' id='word_1_45' title='bbox 932 669 1045 732; x_wconf 87' lang='lat' dir='ltr'><strong>stultis·</strong></span> 
     </span>
     <span class='ocr_line' id='line_1_7' title="bbox 10 751 1046 828; baseline -0.009 -7"><span class='ocrx_word' id='word_1_46' title='bbox 10 759 108 828; x_wconf 83' lang='lat' dir='ltr'><strong>tinne,</strong></span> <span class='ocrx_word' id='word_1_47' title='bbox 125 771 184 817; x_wconf 90' lang='lat' dir='ltr'><strong>non</strong></span> <span class='ocrx_word' id='word_1_48' title='bbox 201 752 358 828; x_wconf 87' lang='lat' dir='ltr'><strong>intelligis,</strong></span> <span class='ocrx_word' id='word_1_49' title='bbox 380 753 406 812; x_wconf 92' lang='lat' dir='ltr'><strong>si</strong></span> <span class='ocrx_word' id='word_1_50' title='bbox 421 752 466 824; x_wconf 90' lang='lat' dir='ltr'><strong>id,</strong></span> <span class='ocrx_word' id='word_1_51' title='bbox 490 753 572 827; x_wconf 91' lang='lat' dir='ltr'><strong>quod</strong></span> <span class='ocrx_word' id='word_1_52' title='bbox 590 767 640 813; x_wconf 85' lang='lat' dir='ltr'><strong>nto</strong></span> <span class='ocrx_word' id='word_1_53' title='bbox 660 751 778 826; x_wconf 80' lang='lat' dir='ltr'><strong>arguis,</strong></span> <span class='ocrx_word' id='word_1_54' title='bbox 802 751 940 812; x_wconf 88' lang='lat' dir='ltr'><strong>voluisse</strong></span> <span class='ocrx_word' id='word_1_55' title='bbox 955 751 1046 814; x_wconf 87' lang='lat' dir='ltr'><strong>inter-</strong></span> 
     </span>
     <span class='ocr_line' id='line_1_8' title="bbox 10 833 1046 908; baseline -0.007 -5"><span class='ocrx_word' id='word_1_56' title='bbox 10 839 62 907; x_wconf 83' lang='lat' dir='ltr'><strong>iei</strong></span> <span class='ocrx_word' id='word_1_57' title='bbox 80 840 241 901; x_wconf 84' lang='lat' dir='ltr'><strong>caesarem</strong></span> <span class='ocrx_word' id='word_1_58' title='bbox 254 837 367 897; x_wconf 79' lang='lat' dir='ltr'><strong>crimen</strong></span> <span class='ocrx_word' id='word_1_59' title='bbox 383 833 437 908; x_wconf 89' lang='lat' dir='ltr'><strong>sit,</strong></span> <span class='ocrx_word' id='word_1_60' title='bbox 451 833 541 898; x_wconf 88' lang='lat' dir='ltr'><strong>etiarn</strong></span> <span class='ocrx_word' id='word_1_61' title='bbox 556 837 698 896; x_wconf 74' lang='lat' dir='ltr'><strong>laetatum</strong></span> <span class='ocrx_word' id='word_1_62' title='bbox 713 850 785 896; x_wconf 83' lang='lat' dir='ltr'><strong>esse</strong></span> <span class='ocrx_word' id='word_1_63' title='bbox 797 842 894 895; x_wconf 90' lang='lat' dir='ltr'><strong>morte</strong></span> <span class='ocrx_word' id='word_1_64' title='bbox 906 835 1046 896; x_wconf 79' lang='lat' dir='ltr'><strong>caesoris</strong></span> 
     </span>
     <span class='ocr_line' id='line_1_9' title="bbox 10 916 1046 995; baseline -0.004 -12"><span class='ocrx_word' id='word_1_65' title='bbox 10 922 130 989; x_wconf 67' lang='lat' dir='ltr'><strong>crimen</strong></span> <span class='ocrx_word' id='word_1_66' title='bbox 144 928 237 983; x_wconf 86' lang='lat' dir='ltr'><strong>esset</strong></span> <span class='ocrx_word' id='word_1_67' title='bbox 257 917 336 992; x_wconf 82' lang='lat' dir='ltr'><strong>Quid</strong></span> <span class='ocrx_word' id='word_1_68' title='bbox 346 916 426 979; x_wconf 89' lang='lat' dir='ltr'><strong>anim</strong></span> <span class='ocrx_word' id='word_1_69' title='bbox 439 916 566 980; x_wconf 87' lang='lat' dir='ltr'><strong>interest</strong></span> <span class='ocrx_word' id='word_1_70' title='bbox 581 918 659 979; x_wconf 89' lang='lat' dir='ltr'><strong>inter</strong></span> <span class='ocrx_word' id='word_1_71' title='bbox 673 932 833 979; x_wconf 75' lang='lat' dir='ltr'><strong>suasorem</strong></span> <span class='ocrx_word' id='word_1_72' title='bbox 850 916 921 979; x_wconf 84' lang='lat' dir='ltr'><strong>laeti</strong></span> <span class='ocrx_word' id='word_1_73' title='bbox 936 925 967 979; x_wconf 90' lang='lat' dir='ltr'><strong>et</strong></span> <span class='ocrx_word' id='word_1_74' title='bbox 977 934 1046 995; x_wconf 91' lang='lat' dir='ltr'><strong>pro·</strong></span> 
     </span>
     <span class='ocr_line' id='line_1_10' title="bbox 10 999 1045 1077; baseline -0.007 -7"><span class='ocrx_word' id='word_1_75' title='bbox 10 1012 174 1071; x_wconf 71' lang='lat' dir='ltr'><strong>sutorem?</strong></span> <span class='ocrx_word' id='word_1_76' title='bbox 194 1011 245 1065; x_wconf 83' lang='lat' dir='ltr'><strong>out</strong></span> <span class='ocrx_word' id='word_1_77' title='bbox 265 1000 339 1077; x_wconf 91' lang='lat' dir='ltr'><strong>quid</strong></span> <span class='ocrx_word' id='word_1_78' title='bbox 358 1003 450 1062; x_wconf 88' lang='lat' dir='ltr'><strong>relert</strong></span> <span class='ocrx_word' id='word_1_79' title='bbox 468 1008 568 1063; x_wconf 90' lang='lat' dir='ltr'><strong>ulrnm</strong></span> <span class='ocrx_word' id='word_1_80' title='bbox 588 999 738 1062; x_wconf 80' lang='lat' dir='ltr'><strong>voluerim</strong></span> <span class='ocrx_word' id='word_1_81' title='bbox 754 999 821 1061; x_wconf 88' lang='lat' dir='ltr'><strong>lieri</strong></span> <span class='ocrx_word' id='word_1_82' title='bbox 840 1016 879 1061; x_wconf 84' lang='lat' dir='ltr'><strong>cn</strong></span> <span class='ocrx_word' id='word_1_83' title='bbox 895 1003 1045 1076; x_wconf 80' lang='lat' dir='ltr'><strong>gaudeam</strong></span> 
     </span>
     <span class='ocr_line' id='line_1_11' title="bbox 10 1082 1046 1160; baseline -0.008 -7"><span class='ocrx_word' id='word_1_84' title='bbox 10 1091 149 1153; x_wconf 63' lang='lat' dir='ltr'><strong>hctumt</strong></span> <span class='ocrx_word' id='word_1_85' title='bbox 167 1083 283 1160; x_wconf 84' lang='lat' dir='ltr'><strong>Ecquis</strong></span> <span class='ocrx_word' id='word_1_86' title='bbox 297 1087 344 1144; x_wconf 84' lang='lat' dir='ltr'><strong>est</strong></span> <span class='ocrx_word' id='word_1_87' title='bbox 358 1083 448 1159; x_wconf 83' lang='lat' dir='ltr'><strong>igitur</strong></span> <span class='ocrx_word' id='word_1_88' title='bbox 460 1092 492 1145; x_wconf 84' lang='lat' dir='ltr'><strong>te</strong></span> <span class='ocrx_word' id='word_1_89' title='bbox 505 1091 635 1159; x_wconf 87' lang='lat' dir='ltr'><strong>excepto</strong></span> <span class='ocrx_word' id='word_1_90' title='bbox 646 1092 677 1144; x_wconf 87' lang='lat' dir='ltr'><strong>et</strong></span> <span class='ocrx_word' id='word_1_91' title='bbox 690 1082 737 1156; x_wconf 88' lang='lat' dir='ltr'><strong>iis,</strong></span> <span class='ocrx_word' id='word_1_92' title='bbox 754 1084 805 1159; x_wconf 90' lang='lat' dir='ltr'><strong>qni</strong></span> <span class='ocrx_word' id='word_1_93' title='bbox 821 1085 904 1144; x_wconf 90' lang='lat' dir='ltr'><strong>illurn</strong></span> <span class='ocrx_word' id='word_1_94' title='bbox 917 1100 1046 1160; x_wconf 85' lang='lat' dir='ltr'><strong>regnare</strong></span> 
     </span>
     <span class='ocr_line' id='line_1_12' title="bbox 10 1165 1047 1251; baseline -0.004 -19"><span class='ocrx_word' id='word_1_95' title='bbox 10 1171 198 1251; x_wconf 64' lang='lat' dir='ltr'><strong>gaudebant</strong></span> <span class='ocrx_word' id='word_1_96' title='bbox 215 1168 267 1242; x_wconf 89' lang='lat' dir='ltr'><strong>qui</strong></span> <span class='ocrx_word' id='word_1_97' title='bbox 281 1166 356 1230; x_wconf 89' lang='lat' dir='ltr'><strong>illud</strong></span> <span class='ocrx_word' id='word_1_98' title='bbox 370 1173 422 1227; x_wconf 82' lang='lat' dir='ltr'><strong>eut</strong></span> <span class='ocrx_word' id='word_1_99' title='bbox 434 1166 501 1227; x_wconf 88' lang='lat' dir='ltr'><strong>fieri</strong></span> <span class='ocrx_word' id='word_1_100' title='bbox 514 1165 644 1229; x_wconf 89' lang='lat' dir='ltr'><strong>noluerit</strong></span> <span class='ocrx_word' id='word_1_101' title='bbox 656 1174 709 1227; x_wconf 88' lang='lat' dir='ltr'><strong>aut</strong></span> <span class='ocrx_word' id='word_1_102' title='bbox 722 1166 833 1229; x_wconf 87' lang='lat' dir='ltr'><strong>lactum</strong></span> <span class='ocrx_word' id='word_1_103' title='bbox 850 1168 1047 1242; x_wconf 72' lang='lat' dir='ltr'><strong>improbante</strong></span> 
     </span>
     <span class='ocr_line' id='line_1_13' title="bbox 10 1247 1044 1326; baseline -0.007 -6"><span class='ocrx_word' id='word_1_104' title='bbox 10 1256 129 1319; x_wconf 63' lang='lat' dir='ltr'><strong>Omnes</strong></span> <span class='ocrx_word' id='word_1_105' title='bbox 144 1266 217 1324; x_wconf 90' lang='lat' dir='ltr'><strong>ergo</strong></span> <span class='ocrx_word' id='word_1_106' title='bbox 232 1250 266 1311; x_wconf 88' lang='lat' dir='ltr'><strong>in</strong></span> <span class='ocrx_word' id='word_1_107' title='bbox 277 1251 378 1326; x_wconf 87' lang='lat' dir='ltr'><strong>culpa.</strong></span> <span class='ocrx_word' id='word_1_108' title='bbox 404 1247 522 1311; x_wconf 80' lang='lat' dir='ltr'><strong>Etenim</strong></span> <span class='ocrx_word' id='word_1_109' title='bbox 537 1265 644 1311; x_wconf 89' lang='lat' dir='ltr'><strong>omnes</strong></span> <span class='ocrx_word' id='word_1_110' title='bbox 658 1250 745 1323; x_wconf 90' lang='lat' dir='ltr'><strong>boni,</strong></span> <span class='ocrx_word' id='word_1_111' title='bbox 762 1250 952 1326; x_wconf 82' lang='lat' dir='ltr'><strong>quantumin</strong></span> <span class='ocrx_word' id='word_1_112' title='bbox 967 1250 1044 1326; x_wconf 90' lang='lat' dir='ltr'><strong>ipsis</strong></span> 
     </span>
     <span class='ocr_line' id='line_1_14' title="bbox 10 1330 1045 1409; baseline -0.003 -10"><span class='ocrx_word' id='word_1_113' title='bbox 10 1339 85 1408; x_wconf 82' lang='lat' dir='ltr'><strong>trit,</strong></span> <span class='ocrx_word' id='word_1_114' title='bbox 110 1336 269 1395; x_wconf 82' lang='lat' dir='ltr'><strong>Caesarem</strong></span> <span class='ocrx_word' id='word_1_115' title='bbox 293 1330 476 1396; x_wconf 85' lang='lat' dir='ltr'><strong>occiderunt</strong></span> <span class='ocrx_word' id='word_1_116' title='bbox 519 1333 596 1394; x_wconf 82' lang='lat' dir='ltr'><strong>Aliis</strong></span> <span class='ocrx_word' id='word_1_117' title='bbox 623 1332 893 1408; x_wconf 61' lang='lat' dir='ltr'><strong>consiliumne</strong></span> <span class='ocrx_word' id='word_1_118' title='bbox 915 1334 1045 1409; x_wconf 88' lang='lat' dir='ltr'><strong>animus,</strong></span> 
     </span>
     <span class='ocr_line' id='line_1_15' title="bbox 10 1415 1044 1494; baseline -0.005 -10"><span class='ocrx_word' id='word_1_119' title='bbox 10 1422 83 1485; x_wconf 82' lang='lat' dir='ltr'><strong>aliis</strong></span> <span class='ocrx_word' id='word_1_120' title='bbox 96 1417 219 1479; x_wconf 81' lang='lat' dir='ltr'><strong>occasio</strong></span> <span class='ocrx_word' id='word_1_121' title='bbox 235 1415 345 1479; x_wconf 76' lang='lat' dir='ltr'><strong>deluitr</strong></span> <span class='ocrx_word' id='word_1_122' title='bbox 358 1416 499 1479; x_wconf 85' lang='lat' dir='ltr'><strong>voluntas</strong></span> <span class='ocrx_word' id='word_1_123' title='bbox 512 1415 634 1481; x_wconf 86' lang='lat' dir='ltr'><strong>nemini</strong></span> <span class='ocrx_word' id='word_1_124' title='bbox 676 1415 728 1480; x_wconf 77' lang='lat' dir='ltr'><strong>stt</strong></span> <span class='ocrx_word' id='word_1_125' title='bbox 743 1416 976 1494; x_wconf 85' lang='lat' dir='ltr'><strong>Sedstuporem</strong></span> <span class='ocrx_word' id='word_1_126' title='bbox 990 1418 1044 1479; x_wconf 89' lang='lat' dir='ltr'><strong>ho·</strong></span> 
     </span>
     <span class='ocr_line' id='line_1_16' title="bbox 10 1497 1063 1576; baseline -0.003 -9"><span class='ocrx_word' id='word_1_127' title='bbox 10 1502 103 1567; x_wconf 82' lang='lat' dir='ltr'><strong>uinis</strong></span> <span class='ocrx_word' id='word_1_128' title='bbox 122 1502 170 1561; x_wconf 88' lang='lat' dir='ltr'><strong>vel</strong></span> <span class='ocrx_word' id='word_1_129' title='bbox 185 1500 284 1563; x_wconf 88' lang='lat' dir='ltr'><strong>dicam</strong></span> <span class='ocrx_word' id='word_1_130' title='bbox 300 1497 429 1576; x_wconf 89' lang='lat' dir='ltr'><strong>pecudis</strong></span> <span class='ocrx_word' id='word_1_131' title='bbox 443 1501 596 1563; x_wconf 86' lang='lat' dir='ltr'><strong>attendite.</strong></span> <span class='ocrx_word' id='word_1_132' title='bbox 629 1499 681 1562; x_wconf 88' lang='lat' dir='ltr'><strong>Sic</strong></span> <span class='ocrx_word' id='word_1_133' title='bbox 696 1500 776 1563; x_wconf 88' lang='lat' dir='ltr'><strong>enim</strong></span> <span class='ocrx_word' id='word_1_134' title='bbox 791 1502 879 1563; x_wconf 84' lang='lat' dir='ltr'><strong>dixit=</strong></span> <span class='ocrx_word' id='word_1_135' title='bbox 901 1503 945 1562; x_wconf 85' lang='lat' dir='ltr'><strong>M.</strong></span> <span class='ocrx_word' id='word_1_136' title='bbox 955 1502 1063 1564; x_wconf 61' lang='lat' dir='ltr'><strong>Bre&#39;</strong></span> 
     </span>
     <span class='ocr_line' id='line_1_17' title="bbox 10 1585 1044 1660; baseline -0.003 -9"><span class='ocrx_word' id='word_1_137' title='bbox 10 1604 70 1660; x_wconf 80' lang='lat' dir='ltr'><strong>sss,</strong></span> <span class='ocrx_word' id='word_1_138' title='bbox 90 1585 487 1660; x_wconf 74' lang='lat' dir='ltr'><strong>poemepoltocoriseouau</strong></span> <span class='ocrx_word' id='word_1_139' title='bbox 507 1586 638 1656; x_wconf 78' lang='lat' dir='ltr'><strong>nomino,</strong></span> <span class='ocrx_word' id='word_1_140' title='bbox 656 1591 808 1645; x_wconf 71' lang='lat' dir='ltr'><strong>metentem</strong></span> <span class='ocrx_word' id='word_1_141' title='bbox 824 1588 983 1660; x_wconf 72' lang='lat' dir='ltr'><strong>pupionem</strong></span> <span class='ocrx_word' id='word_1_142' title='bbox 997 1593 1044 1648; x_wconf 84' lang='lat' dir='ltr'><strong>te-</strong></span> 
     </span>
     <span class='ocr_line' id='line_1_18' title="bbox 10 1667 1043 1740; baseline -0.003 -7"><span class='ocrx_word' id='word_1_143' title='bbox 10 1685 86 1733; x_wconf 80' lang='lat' dir='ltr'><strong>rens</strong></span> <span class='ocrx_word' id='word_1_144' title='bbox 100 1668 266 1729; x_wconf 76' lang='lat' dir='ltr'><strong>Ciceronem</strong></span> <span class='ocrx_word' id='word_1_145' title='bbox 277 1669 522 1729; x_wconf 76' lang='lat' dir='ltr'><strong>ecclomocttree</strong></span> <span class='ocrx_word' id='word_1_146' title='bbox 532 1668 722 1740; x_wconf 68' lang='lat' dir='ltr'><strong>productiles·</strong></span> <span class='ocrx_word' id='word_1_147' title='bbox 733 1667 888 1727; x_wconf 77' lang='lat' dir='ltr'><strong>debetcum</strong></span> <span class='ocrx_word' id='word_1_148' title='bbox 897 1672 1043 1730; x_wconf 70' lang='lat' dir='ltr'><strong>commum</strong></span> 
     </span>
     <span class='ocr_line' id='line_1_19' title="bbox 10 1746 1044 1824; baseline -0.002 -12"><span class='ocrx_word' id='word_1_149' title='bbox 10 1752 117 1817; x_wconf 58' lang='lat' dir='ltr'><strong>icisse.</strong></span> <span class='ocrx_word' id='word_1_150' title='bbox 149 1748 229 1822; x_wconf 81' lang='lat' dir='ltr'><strong>Ergo</strong></span> <span class='ocrx_word' id='word_1_151' title='bbox 245 1763 303 1821; x_wconf 90' lang='lat' dir='ltr'><strong>ego</strong></span> <span class='ocrx_word' id='word_1_152' title='bbox 318 1746 484 1807; x_wconf 83' lang='lat' dir='ltr'><strong>seelerntus</strong></span> <span class='ocrx_word' id='word_1_153' title='bbox 498 1747 637 1822; x_wconf 80' lang='lat' dir='ltr'><strong>appellor</strong></span> <span class='ocrx_word' id='word_1_154' title='bbox 653 1762 672 1806; x_wconf 90' lang='lat' dir='ltr'><strong>e</strong></span> <span class='ocrx_word' id='word_1_155' title='bbox 686 1753 731 1818; x_wconf 86' lang='lat' dir='ltr'><strong>le,</strong></span> <span class='ocrx_word' id='word_1_156' title='bbox 753 1763 844 1821; x_wconf 87' lang='lat' dir='ltr'><strong>quem</strong></span> <span class='ocrx_word' id='word_1_157' title='bbox 858 1756 891 1809; x_wconf 90' lang='lat' dir='ltr'><strong>tu</strong></span> <span class='ocrx_word' id='word_1_158' title='bbox 904 1750 1044 1824; x_wconf 87' lang='lat' dir='ltr'><strong>suspica·</strong></span> 
     </span>
     <span class='ocr_line' id='line_1_20' title="bbox 10 1825 1044 1906; baseline -0.003 -12"><span class='ocrx_word' id='word_1_159' title='bbox 10 1850 76 1899; x_wconf 82' lang='lat' dir='ltr'><strong>um</strong></span> <span class='ocrx_word' id='word_1_160' title='bbox 92 1828 206 1904; x_wconf 88' lang='lat' dir='ltr'><strong>aliquid</strong></span> <span class='ocrx_word' id='word_1_161' title='bbox 222 1827 404 1904; x_wconf 83' lang='lat' dir='ltr'><strong>suspicaris:</strong></span> <span class='ocrx_word' id='word_1_162' title='bbox 419 1825 554 1903; x_wconf 76' lang='lat' dir='ltr'><strong>ille,·qui</strong></span> <span class='ocrx_word' id='word_1_163' title='bbox 568 1826 729 1889; x_wconf 80' lang='lat' dir='ltr'><strong>stillantem</strong></span> <span class='ocrx_word' id='word_1_164' title='bbox 742 1845 815 1904; x_wconf 84' lang='lat' dir='ltr'><strong>prae</strong></span> <span class='ocrx_word' id='word_1_165' title='bbox 829 1846 866 1890; x_wconf 93' lang='lat' dir='ltr'><strong>se</strong></span> <span class='ocrx_word' id='word_1_166' title='bbox 879 1830 1044 1906; x_wconf 80' lang='lat' dir='ltr'><strong>pugionem</strong></span> 
     </span>
     <span class='ocr_line' id='line_1_21' title="bbox 10 1909 1043 1984; baseline -0.005 -6"><span class='ocrx_word' id='word_1_167' title='bbox 10 1916 95 1984; x_wconf 86' lang='lat' dir='ltr'><strong>ulit,</strong></span> <span class='ocrx_word' id='word_1_168' title='bbox 116 1913 144 1974; x_wconf 90' lang='lat' dir='ltr'><strong>is</strong></span> <span class='ocrx_word' id='word_1_169' title='bbox 163 1929 182 1973; x_wconf 84' lang='lat' dir='ltr'><strong>n</strong></span> <span class='ocrx_word' id='word_1_170' title='bbox 204 1921 234 1975; x_wconf 90' lang='lat' dir='ltr'><strong>te</strong></span> <span class='ocrx_word' id='word_1_171' title='bbox 253 1909 380 1973; x_wconf 89' lang='lat' dir='ltr'><strong>honoris</strong></span> <span class='ocrx_word' id='word_1_172' title='bbox 404 1924 497 1974; x_wconf 88' lang='lat' dir='ltr'><strong>eausa</strong></span> <span class='ocrx_word' id='word_1_173' title='bbox 513 1909 704 1973; x_wconf 82' lang='lat' dir='ltr'><strong>nominaturt</strong></span> <span class='ocrx_word' id='word_1_174' title='bbox 735 1911 826 1973; x_wconf 75' lang='lat' dir='ltr'><strong>Estot</strong></span> <span class='ocrx_word' id='word_1_175' title='bbox 841 1911 881 1973; x_wconf 92' lang='lat' dir='ltr'><strong>sit</strong></span> <span class='ocrx_word' id='word_1_176' title='bbox 896 1914 926 1973; x_wconf 92' lang='lat' dir='ltr'><strong>in</strong></span> <span class='ocrx_word' id='word_1_177' title='bbox 942 1912 1043 1974; x_wconf 83' lang='lat' dir='ltr'><strong>verbis</strong></span> 
     </span>
     <span class='ocr_line' id='line_1_22' title="bbox 10 1992 1043 2073; baseline -0.004 -13"><span class='ocrx_word' id='word_1_178' title='bbox 10 1999 72 2065; x_wconf 79' lang='lat' dir='ltr'><strong>uis</strong></span> <span class='ocrx_word' id='word_1_179' title='bbox 89 1994 140 2055; x_wconf 89' lang='lat' dir='ltr'><strong>hic</strong></span> <span class='ocrx_word' id='word_1_180' title='bbox 157 2005 278 2072; x_wconf 84' lang='lat' dir='ltr'><strong>stupon=</strong></span> <span class='ocrx_word' id='word_1_181' title='bbox 295 2003 406 2070; x_wconf 81' lang='lat' dir='ltr'><strong>quanto</strong></span> <span class='ocrx_word' id='word_1_182' title='bbox 423 1992 454 2054; x_wconf 93' lang='lat' dir='ltr'><strong>in</strong></span> <span class='ocrx_word' id='word_1_183' title='bbox 468 1995 562 2073; x_wconf 77' lang='lat' dir='ltr'><strong>rebus</strong></span> <span class='ocrx_word' id='word_1_184' title='bbox 578 1992 798 2070; x_wconf 84' lang='lat' dir='ltr'><strong>sententiisque</strong></span> <span class='ocrx_word' id='word_1_185' title='bbox 815 1994 931 2056; x_wconf 83' lang='lat' dir='ltr'><strong>maiort</strong></span> <span class='ocrx_word' id='word_1_186' title='bbox 966 1996 1043 2059; x_wconf 82' lang='lat' dir='ltr'><strong>con-</strong></span> 
     </span>
     <span class='ocr_line' id='line_1_23' title="bbox 10 2077 1044 2154; baseline -0.004 -11"><span class='ocrx_word' id='word_1_187' title='bbox 10 2083 104 2149; x_wconf 71' lang='lat' dir='ltr'><strong>stitue</strong></span> <span class='ocrx_word' id='word_1_188' title='bbox 123 2078 196 2152; x_wconf 89' lang='lat' dir='ltr'><strong>hoe,</strong></span> <span class='ocrx_word' id='word_1_189' title='bbox 209 2080 333 2151; x_wconf 88' lang='lat' dir='ltr'><strong>consul,</strong></span> <span class='ocrx_word' id='word_1_190' title='bbox 348 2077 529 2154; x_wconf 83' lang='lat' dir='ltr'><strong>aliquando,</strong></span> <span class='ocrx_word' id='word_1_191' title='bbox 546 2078 724 2150; x_wconf 83' lang='lat' dir='ltr'><strong>Brutorum,</strong></span> <span class='ocrx_word' id='word_1_192' title='bbox 739 2078 771 2139; x_wconf 84' lang='lat' dir='ltr'><strong>c.</strong></span> <span class='ocrx_word' id='word_1_193' title='bbox 788 2077 900 2152; x_wconf 83' lang='lat' dir='ltr'><strong>cassii,</strong></span> <span class='ocrx_word' id='word_1_194' title='bbox 916 2080 970 2140; x_wconf 80' lang='lat' dir='ltr'><strong>Cn.</strong></span> <span class='ocrx_word' id='word_1_195' title='bbox 984 2080 1044 2139; x_wconf 89' lang='lat' dir='ltr'><strong>Do-</strong></span> 
     </span>
     <span class='ocr_line' id='line_1_24' title="bbox 10 2160 1044 2238; baseline -0.004 -13"><span class='ocrx_word' id='word_1_196' title='bbox 10 2162 96 2233; x_wconf 84' lang='lat' dir='ltr'><strong>nitii,</strong></span> <span class='ocrx_word' id='word_1_197' title='bbox 111 2161 141 2221; x_wconf 83' lang='lat' dir='ltr'><strong>c.</strong></span> <span class='ocrx_word' id='word_1_198' title='bbox 148 2160 298 2236; x_wconf 71' lang='lat' dir='ltr'><strong>Treboni,</strong></span> <span class='ocrx_word' id='word_1_199' title='bbox 309 2160 494 2238; x_wconf 90' lang='lat' dir='ltr'><strong>reliquorum</strong></span> <span class='ocrx_word' id='word_1_200' title='bbox 506 2177 596 2238; x_wconf 85' lang='lat' dir='ltr'><strong>quem</strong></span> <span class='ocrx_word' id='word_1_201' title='bbox 608 2161 684 2223; x_wconf 87' lang='lat' dir='ltr'><strong>velis</strong></span> <span class='ocrx_word' id='word_1_202' title='bbox 695 2177 766 2223; x_wconf 90' lang='lat' dir='ltr'><strong>esse</strong></span> <span class='ocrx_word' id='word_1_203' title='bbox 777 2177 917 2223; x_wconf 73' lang='lat' dir='ltr'><strong>causaest</strong></span> <span class='ocrx_word' id='word_1_204' title='bbox 927 2163 1044 2223; x_wconf 89' lang='lat' dir='ltr'><strong>edormi</strong></span> 
     </span>
     <span class='ocr_line' id='line_1_25' title="bbox 10 2244 1044 2322; baseline 0.001 -16"><span class='ocrx_word' id='word_1_205' title='bbox 10 2245 185 2322; x_wconf 67' lang='lat' dir='ltr'><strong>stapulam,</strong></span> <span class='ocrx_word' id='word_1_206' title='bbox 208 2246 346 2321; x_wconf 82' lang='lat' dir='ltr'><strong>inquam,</strong></span> <span class='ocrx_word' id='word_1_207' title='bbox 367 2254 396 2306; x_wconf 86' lang='lat' dir='ltr'><strong>et</strong></span> <span class='ocrx_word' id='word_1_208' title='bbox 417 2245 535 2306; x_wconf 79' lang='lat' dir='ltr'><strong>exhnla</strong></span> <span class='ocrx_word' id='word_1_209' title='bbox 570 2246 620 2306; x_wconf 81' lang='lat' dir='ltr'><strong>An</strong></span> <span class='ocrx_word' id='word_1_210' title='bbox 639 2245 724 2306; x_wconf 81' lang='lat' dir='ltr'><strong>leues</strong></span> <span class='ocrx_word' id='word_1_211' title='bbox 744 2244 955 2308; x_wconf 87' lang='lat' dir='ltr'><strong>admovendae</strong></span> <span class='ocrx_word' id='word_1_212' title='bbox 972 2255 1044 2308; x_wconf 87' lang='lat' dir='ltr'><strong>sunt</strong></span> 
     </span>
     <span class='ocr_line' id='line_1_26' title="bbox 10 2327 1043 2413; baseline -0.002 -22"><span class='ocrx_word' id='word_1_213' title='bbox 10 2345 93 2413; x_wconf 67' lang='lat' dir='ltr'><strong>quae</strong></span> <span class='ocrx_word' id='word_1_214' title='bbox 109 2335 140 2388; x_wconf 85' lang='lat' dir='ltr'><strong>te</strong></span> <span class='ocrx_word' id='word_1_215' title='bbox 159 2327 291 2389; x_wconf 85' lang='lat' dir='ltr'><strong>excitent</strong></span> <span class='ocrx_word' id='word_1_216' title='bbox 309 2335 411 2390; x_wconf 82' lang='lat' dir='ltr'><strong>tentae</strong></span> <span class='ocrx_word' id='word_1_217' title='bbox 424 2344 537 2391; x_wconf 81' lang='lat' dir='ltr'><strong>causeo</strong></span> <span class='ocrx_word' id='word_1_218' title='bbox 551 2327 804 2390; x_wconf 81' lang='lat' dir='ltr'><strong>indormientemt</strong></span> <span class='ocrx_word' id='word_1_219' title='bbox 823 2329 1043 2409; x_wconf 76' lang='lat' dir='ltr'><strong>¹Numquamne</strong></span> 
     </span>
     <span class='ocr_line' id='line_1_27' title="bbox 10 2409 1043 2488; baseline -0.006 -9"><span class='ocrx_word' id='word_1_220' title='bbox 10 2409 157 2486; x_wconf 85' lang='lat' dir='ltr'><strong>nteltigis</strong></span> <span class='ocrx_word' id='word_1_221' title='bbox 172 2410 365 2474; x_wconf 86' lang='lat' dir='ltr'><strong>statuendum</strong></span> <span class='ocrx_word' id='word_1_222' title='bbox 378 2410 432 2472; x_wconf 86' lang='lat' dir='ltr'><strong>tibi</strong></span> <span class='ocrx_word' id='word_1_223' title='bbox 445 2427 516 2473; x_wconf 90' lang='lat' dir='ltr'><strong>esse</strong></span> <span class='ocrx_word' id='word_1_224' title='bbox 533 2418 633 2473; x_wconf 81' lang='lat' dir='ltr'><strong>nuum</strong></span> <span class='ocrx_word' id='word_1_225' title='bbox 645 2410 703 2485; x_wconf 91' lang='lat' dir='ltr'><strong>illi,</strong></span> <span class='ocrx_word' id='word_1_226' title='bbox 724 2410 777 2488; x_wconf 92' lang='lat' dir='ltr'><strong>qui</strong></span> <span class='ocrx_word' id='word_1_227' title='bbox 790 2412 880 2473; x_wconf 87' lang='lat' dir='ltr'><strong>islam</strong></span> <span class='ocrx_word' id='word_1_228' title='bbox 894 2429 960 2474; x_wconf 87' lang='lat' dir='ltr'><strong>rem</strong></span> <span class='ocrx_word' id='word_1_229' title='bbox 974 2428 1043 2488; x_wconf 83' lang='lat' dir='ltr'><strong>ges·</strong></span> 
     </span>
     <span class='ocr_line' id='line_1_28' title="bbox 10 2490 1105 2564; baseline -0.003 -5"><span class='ocrx_word' id='word_1_230' title='bbox 10 2502 136 2564; x_wconf 63' lang='lat' dir='ltr'><strong>terunt3</strong></span> <span class='ocrx_word' id='word_1_231' title='bbox 158 2492 370 2556; x_wconf 83' lang='lat' dir='ltr'><strong>homicidaene</strong></span> <span class='ocrx_word' id='word_1_232' title='bbox 389 2490 450 2556; x_wconf 90' lang='lat' dir='ltr'><strong>sint</strong></span> <span class='ocrx_word' id='word_1_233' title='bbox 470 2511 508 2557; x_wconf 84' lang='lat' dir='ltr'><strong>an</strong></span> <span class='ocrx_word' id='word_1_234' title='bbox 529 2493 667 2556; x_wconf 84' lang='lat' dir='ltr'><strong>vindices</strong></span> <span class='ocrx_word' id='word_1_235' title='bbox 682 2493 851 2556; x_wconf 84' lang='lat' dir='ltr'><strong>libertatist</strong></span> <span class='ocrx_word' id='word_1_236' title='bbox 892 2496 970 2557; x_wconf 87' lang='lat' dir='ltr'><strong>xllt.</strong></span> <span class='ocrx_word' id='word_1_237' title='bbox 991 2491 1044 2556; x_wconf 79' lang='grc'><strong>81.</strong></span> <span class='ocrx_word' id='word_1_238' title='bbox 1103 2503 1105 2506; x_wconf 83' lang='grc'><strong>’</strong></span> 
     </span>
    </p>
   </div>
   <div class='ocr_carea' id='block_1_3' title="bbox 10 2573 1154 2653">
    <p class='ocr_par' dir='ltr' id='par_1_3' title="bbox 10 2573 1154 2653">
     <span class='ocr_line' id='line_1_29' title="bbox 10 2573 1154 2653; baseline -0.009 -7"><span class='ocrx_word' id='word_1_239' title='bbox 10 2576 146 2646; x_wconf 74' lang='lat' dir='ltr'><strong>lttende</strong></span> <span class='ocrx_word' id='word_1_240' title='bbox 175 2577 255 2639; x_wconf 85' lang='lat' dir='ltr'><strong>enim</strong></span> <span class='ocrx_word' id='word_1_241' title='bbox 283 2575 452 2652; x_wconf 82' lang='lat' dir='ltr'><strong>paullisper</strong></span> <span class='ocrx_word' id='word_1_242' title='bbox 483 2576 758 2653; x_wconf 77' lang='lat' dir='ltr'><strong>cogitationemque</strong></span> <span class='ocrx_word' id='word_1_243' title='bbox 783 2573 879 2639; x_wconf 87' lang='lat' dir='ltr'><strong>sobrii</strong></span> <span class='ocrx_word' id='word_1_244' title='bbox 910 2576 1042 2638; x_wconf 87' lang='lat' dir='ltr'><strong>hominis</strong></span> <span class='ocrx_word' id='word_1_245' title='bbox 1151 2626 1154 2643; x_wconf 86' lang='grc'>,</span> 
     </span>
    </p>
   </div>
   <div class='ocr_carea' id='block_1_4' title="bbox 10 2658 1064 3489">
    <p class='ocr_par' dir='ltr' id='par_1_4' title="bbox 10 2658 1064 3489">
     <span class='ocr_line' id='line_1_30' title="bbox 10 2658 1044 2736; baseline -0.009 -7"><span class='ocrx_word' id='word_1_246' title='bbox 10 2669 160 2729; x_wconf 84' lang='lat' dir='ltr'><strong>tumetum</strong></span> <span class='ocrx_word' id='word_1_247' title='bbox 184 2659 329 2736; x_wconf 90' lang='lat' dir='ltr'><strong>temporis</strong></span> <span class='ocrx_word' id='word_1_248' title='bbox 349 2660 485 2736; x_wconf 85' lang='lat' dir='ltr'><strong>suscipe.</strong></span> <span class='ocrx_word' id='word_1_249' title='bbox 518 2660 599 2736; x_wconf 88' lang='lat' dir='ltr'><strong>Ego,</strong></span> <span class='ocrx_word' id='word_1_250' title='bbox 622 2658 674 2736; x_wconf 87' lang='lat' dir='ltr'><strong>qni</strong></span> <span class='ocrx_word' id='word_1_251' title='bbox 689 2677 757 2722; x_wconf 92' lang='lat' dir='ltr'><strong>sum</strong></span> <span class='ocrx_word' id='word_1_252' title='bbox 770 2659 905 2734; x_wconf 86' lang='lat' dir='ltr'><strong>illorum,</strong></span> <span class='ocrx_word' id='word_1_253' title='bbox 926 2669 960 2722; x_wconf 91' lang='lat' dir='ltr'><strong>ut</strong></span> <span class='ocrx_word' id='word_1_254' title='bbox 973 2659 1044 2736; x_wconf 86' lang='lat' dir='ltr'><strong>ipse</strong></span> 
     </span>
     <span class='ocr_line' id='line_1_31' title="bbox 10 2742 1044 2820; baseline -0.01 -8"><span class='ocrx_word' id='word_1_255' title='bbox 10 2758 128 2816; x_wconf 78' lang='lat' dir='ltr'><strong>ateor,</strong></span> <span class='ocrx_word' id='word_1_256' title='bbox 149 2743 318 2816; x_wconf 75' lang='lat' dir='ltr'><strong>familiaris,</strong></span> <span class='ocrx_word' id='word_1_257' title='bbox 344 2751 378 2804; x_wconf 92' lang='lat' dir='ltr'><strong>ul</strong></span> <span class='ocrx_word' id='word_1_258' title='bbox 396 2760 416 2804; x_wconf 83' lang='lat' dir='ltr'><strong>a</strong></span> <span class='ocrx_word' id='word_1_259' title='bbox 434 2751 464 2804; x_wconf 88' lang='lat' dir='ltr'><strong>te</strong></span> <span class='ocrx_word' id='word_1_260' title='bbox 483 2759 610 2820; x_wconf 78' lang='lat' dir='ltr'><strong>unguor,</strong></span> <span class='ocrx_word' id='word_1_261' title='bbox 631 2742 751 2818; x_wconf 87' lang='lat' dir='ltr'><strong>socius,</strong></span> <span class='ocrx_word' id='word_1_262' title='bbox 771 2759 851 2820; x_wconf 77' lang='lat' dir='ltr'><strong>nego</strong></span> <span class='ocrx_word' id='word_1_263' title='bbox 876 2744 1044 2819; x_wconf 81' lang='lat' dir='ltr'><strong>quidquam</strong></span> 
     </span>
     <span class='ocr_line' id='line_1_32' title="bbox 10 2823 1043 2903; baseline -0.005 -14"><span class='ocrx_word' id='word_1_264' title='bbox 10 2844 84 2895; x_wconf 59' lang='lat' dir='ltr'><strong>esse</strong></span> <span class='ocrx_word' id='word_1_265' title='bbox 99 2826 247 2889; x_wconf 87' lang='lat' dir='ltr'><strong>medium=</strong></span> <span class='ocrx_word' id='word_1_266' title='bbox 267 2827 416 2896; x_wconf 85' lang='lat' dir='ltr'><strong>confiteor</strong></span> <span class='ocrx_word' id='word_1_267' title='bbox 430 2842 501 2898; x_wconf 87' lang='lat' dir='ltr'><strong>eos,</strong></span> <span class='ocrx_word' id='word_1_268' title='bbox 523 2826 583 2888; x_wconf 93' lang='lat' dir='ltr'><strong>nisi</strong></span> <span class='ocrx_word' id='word_1_269' title='bbox 596 2826 775 2891; x_wconf 86' lang='lat' dir='ltr'><strong>liberatores</strong></span> <span class='ocrx_word' id='word_1_270' title='bbox 790 2827 898 2903; x_wconf 91' lang='lat' dir='ltr'><strong>populi</strong></span> <span class='ocrx_word' id='word_1_271' title='bbox 913 2823 1043 2887; x_wconf 87' lang='lat' dir='ltr'><strong>Romani</strong></span> 
     </span>
     <span class='ocr_line' id='line_1_33' title="bbox 10 2909 1064 2986; baseline -0.009 -6"><span class='ocrx_word' id='word_1_272' title='bbox 10 2919 309 2985; x_wconf 72' lang='lat' dir='ltr'><strong>tonsorvotoresque</strong></span> <span class='ocrx_word' id='word_1_273' title='bbox 322 2909 369 2970; x_wconf 88' lang='lat' dir='ltr'><strong>rei</strong></span> <span class='ocrx_word' id='word_1_274' title='bbox 382 2909 524 2985; x_wconf 83' lang='lat' dir='ltr'><strong>publicae</strong></span> <span class='ocrx_word' id='word_1_275' title='bbox 537 2909 611 2983; x_wconf 88' lang='lat' dir='ltr'><strong>sint,</strong></span> <span class='ocrx_word' id='word_1_276' title='bbox 628 2912 698 2986; x_wconf 89' lang='lat' dir='ltr'><strong>plns</strong></span> <span class='ocrx_word' id='word_1_277' title='bbox 714 2927 805 2986; x_wconf 88' lang='lat' dir='ltr'><strong>qnam</strong></span> <span class='ocrx_word' id='word_1_278' title='bbox 820 2912 958 2981; x_wconf 87' lang='lat' dir='ltr'><strong>sicarios,</strong></span> <span class='ocrx_word' id='word_1_279' title='bbox 972 2910 1042 2984; x_wconf 91' lang='lat' dir='ltr'><strong>plus</strong></span> <span class='ocrx_word' id='word_1_280' title='bbox 1062 2921 1064 2925; x_wconf 79' lang='grc'>’</span> 
     </span>
     <span class='ocr_line' id='line_1_34' title="bbox 10 2991 1042 3078; baseline -0.003 -21"><span class='ocrx_word' id='word_1_281' title='bbox 10 3010 103 3078; x_wconf 72' lang='lat' dir='ltr'><strong>quarn</strong></span> <span class='ocrx_word' id='word_1_282' title='bbox 120 2991 303 3066; x_wconf 85' lang='lat' dir='ltr'><strong>homicidas,</strong></span> <span class='ocrx_word' id='word_1_283' title='bbox 325 2995 396 3070; x_wconf 93' lang='lat' dir='ltr'><strong>plus</strong></span> <span class='ocrx_word' id='word_1_284' title='bbox 416 2993 506 3055; x_wconf 85' lang='lat' dir='ltr'><strong>etiam</strong></span> <span class='ocrx_word' id='word_1_285' title='bbox 526 3009 617 3068; x_wconf 86' lang='lat' dir='ltr'><strong>quum</strong></span> <span class='ocrx_word' id='word_1_286' title='bbox 635 2993 806 3070; x_wconf 85' lang='lat' dir='ltr'><strong>parricidas</strong></span> <span class='ocrx_word' id='word_1_287' title='bbox 826 3008 911 3055; x_wconf 78' lang='lat' dir='ltr'><strong>esser</strong></span> <span class='ocrx_word' id='word_1_288' title='bbox 932 2991 960 3054; x_wconf 90' lang='lat' dir='ltr'><strong>si</strong></span> <span class='ocrx_word' id='word_1_289' title='bbox 977 2991 1042 3069; x_wconf 92' lang='lat' dir='ltr'><strong>qui-</strong></span> 
     </span>
     <span class='ocr_line' id='line_1_35' title="bbox 10 3075 1041 3153; baseline -0.008 -8"><span class='ocrx_word' id='word_1_290' title='bbox 10 3084 81 3145; x_wconf 86' lang='lat' dir='ltr'><strong>lem</strong></span> <span class='ocrx_word' id='word_1_291' title='bbox 98 3084 149 3138; x_wconf 88' lang='lat' dir='ltr'><strong>est</strong></span> <span class='ocrx_word' id='word_1_292' title='bbox 163 3076 295 3139; x_wconf 84' lang='lat' dir='ltr'><strong>atrocius</strong></span> <span class='ocrx_word' id='word_1_293' title='bbox 310 3077 425 3152; x_wconf 83' lang='lat' dir='ltr'><strong>patriae</strong></span> <span class='ocrx_word' id='word_1_294' title='bbox 438 3084 595 3153; x_wconf 90' lang='lat' dir='ltr'><strong>parentem</strong></span> <span class='ocrx_word' id='word_1_295' title='bbox 610 3093 701 3152; x_wconf 86' lang='lat' dir='ltr'><strong>quern</strong></span> <span class='ocrx_word' id='word_1_296' title='bbox 715 3092 804 3139; x_wconf 87' lang='lat' dir='ltr'><strong>suum</strong></span> <span class='ocrx_word' id='word_1_297' title='bbox 816 3075 968 3138; x_wconf 85' lang='lat' dir='ltr'><strong>occidere.</strong></span> <span class='ocrx_word' id='word_1_298' title='bbox 987 3076 1041 3149; x_wconf 78' lang='lat' dir='ltr'><strong>iu,</strong></span> 
     </span>
     <span class='ocr_line' id='line_1_36' title="bbox 10 3158 1042 3236; baseline -0.007 -9"><span class='ocrx_word' id='word_1_299' title='bbox 10 3176 102 3229; x_wconf 84' lang='lat' dir='ltr'><strong>torno</strong></span> <span class='ocrx_word' id='word_1_300' title='bbox 120 3158 245 3236; x_wconf 87' lang='lat' dir='ltr'><strong>sapiens</strong></span> <span class='ocrx_word' id='word_1_301' title='bbox 260 3168 290 3223; x_wconf 91' lang='lat' dir='ltr'><strong>et</strong></span> <span class='ocrx_word' id='word_1_302' title='bbox 302 3159 509 3233; x_wconf 81' lang='lat' dir='ltr'><strong>considerate,</strong></span> <span class='ocrx_word' id='word_1_303' title='bbox 527 3159 601 3235; x_wconf 90' lang='lat' dir='ltr'><strong>quid</strong></span> <span class='ocrx_word' id='word_1_304' title='bbox 615 3159 714 3222; x_wconf 86' lang='lat' dir='ltr'><strong>dioist</strong></span> <span class='ocrx_word' id='word_1_305' title='bbox 743 3159 777 3221; x_wconf 90' lang='lat' dir='ltr'><strong>Si</strong></span> <span class='ocrx_word' id='word_1_306' title='bbox 790 3159 970 3236; x_wconf 82' lang='lat' dir='ltr'><strong>parricidas,</strong></span> <span class='ocrx_word' id='word_1_307' title='bbox 986 3174 1042 3220; x_wconf 88' lang='lat' dir='ltr'><strong>cur</strong></span> 
     </span>
     <span class='ocr_line' id='line_1_37' title="bbox 10 3242 1041 3320; baseline -0.009 -9"><span class='ocrx_word' id='word_1_308' title='bbox 10 3242 138 3311; x_wconf 75' lang='lat' dir='ltr'><strong>nonoris</strong></span> <span class='ocrx_word' id='word_1_309' title='bbox 159 3259 253 3305; x_wconf 83' lang='lat' dir='ltr'><strong>eausa</strong></span> <span class='ocrx_word' id='word_1_310' title='bbox 272 3259 291 3303; x_wconf 88' lang='lat' dir='ltr'><strong>a</strong></span> <span class='ocrx_word' id='word_1_311' title='bbox 312 3250 342 3304; x_wconf 88' lang='lat' dir='ltr'><strong>te</strong></span> <span class='ocrx_word' id='word_1_312' title='bbox 362 3251 432 3305; x_wconf 88' lang='lat' dir='ltr'><strong>sunt</strong></span> <span class='ocrx_word' id='word_1_313' title='bbox 451 3252 480 3305; x_wconf 90' lang='lat' dir='ltr'><strong>et</strong></span> <span class='ocrx_word' id='word_1_314' title='bbox 503 3243 532 3303; x_wconf 90' lang='lat' dir='ltr'><strong>in</strong></span> <span class='ocrx_word' id='word_1_315' title='bbox 548 3243 610 3305; x_wconf 85' lang='lat' dir='ltr'><strong>hoe</strong></span> <span class='ocrx_word' id='word_1_316' title='bbox 624 3243 732 3305; x_wconf 89' lang='lat' dir='ltr'><strong>ordine</strong></span> <span class='ocrx_word' id='word_1_317' title='bbox 749 3251 780 3305; x_wconf 88' lang='lat' dir='ltr'><strong>ct</strong></span> <span class='ocrx_word' id='word_1_318' title='bbox 794 3244 879 3320; x_wconf 80' lang='lat' dir='ltr'><strong>opud</strong></span> <span class='ocrx_word' id='word_1_319' title='bbox 893 3242 1041 3320; x_wconf 88' lang='lat' dir='ltr'><strong>populum</strong></span> 
     </span>
     <span class='ocr_line' id='line_1_38' title="bbox 10 3325 1042 3403; baseline -0.009 -10"><span class='ocrx_word' id='word_1_320' title='bbox 10 3334 182 3395; x_wconf 78' lang='lat' dir='ltr'><strong>tomorum</strong></span> <span class='ocrx_word' id='word_1_321' title='bbox 209 3341 331 3400; x_wconf 85' lang='lat' dir='ltr'><strong>semper</strong></span> <span class='ocrx_word' id='word_1_322' title='bbox 359 3326 524 3403; x_wconf 79' lang='lat' dir='ltr'><strong>appellarit</strong></span> <span class='ocrx_word' id='word_1_323' title='bbox 567 3326 626 3388; x_wconf 84' lang='lat' dir='ltr'><strong>Cur</strong></span> <span class='ocrx_word' id='word_1_324' title='bbox 645 3325 685 3387; x_wconf 86' lang='grc' dir='ltr'><strong>Μ.</strong></span> <span class='ocrx_word' id='word_1_325' title='bbox 706 3327 818 3389; x_wconf 87' lang='lat' dir='ltr'><strong>Brutus</strong></span> <span class='ocrx_word' id='word_1_326' title='bbox 841 3327 993 3388; x_wconf 74' lang='lat' dir='ltr'><strong>referente</strong></span> <span class='ocrx_word' id='word_1_327' title='bbox 1012 3330 1042 3384; x_wconf 89' lang='lat' dir='ltr'><strong>te</strong></span> 
     </span>
     <span class='ocr_line' id='line_1_39' title="bbox 10 3405 1042 3489; baseline -0.008 -16"><span class='ocrx_word' id='word_1_328' title='bbox 10 3410 131 3489; x_wconf 73' lang='lat' dir='ltr'><strong>egibtm</strong></span> <span class='ocrx_word' id='word_1_329' title='bbox 143 3414 191 3471; x_wconf 87' lang='lat' dir='ltr'><strong>est</strong></span> <span class='ocrx_word' id='word_1_330' title='bbox 200 3411 326 3479; x_wconf 87' lang='lat' dir='ltr'><strong>solutus,</strong></span> <span class='ocrx_word' id='word_1_331' title='bbox 338 3409 365 3471; x_wconf 92' lang='lat' dir='ltr'><strong>si</strong></span> <span class='ocrx_word' id='word_1_332' title='bbox 377 3410 416 3473; x_wconf 75' lang='lat' dir='ltr'><strong>ab</strong></span> <span class='ocrx_word' id='word_1_333' title='bbox 427 3410 501 3473; x_wconf 89' lang='lat' dir='ltr'><strong>urbe</strong></span> <span class='ocrx_word' id='word_1_334' title='bbox 513 3410 582 3485; x_wconf 92' lang='lat' dir='ltr'><strong>plus</strong></span> <span class='ocrx_word' id='word_1_335' title='bbox 594 3425 685 3486; x_wconf 84' lang='lat' dir='ltr'><strong>quom</strong></span> <span class='ocrx_word' id='word_1_336' title='bbox 696 3410 804 3472; x_wconf 90' lang='lat' dir='ltr'><strong>decem</strong></span> <span class='ocrx_word' id='word_1_337' title='bbox 814 3409 881 3473; x_wconf 87' lang='lat' dir='ltr'><strong>dies</strong></span> <span class='ocrx_word' id='word_1_338' title='bbox 894 3405 1042 3469; x_wconf 80' lang='lat' dir='ltr'><strong>amissett</strong></span> 
     </span>
    </p>
   </div>
   <div class='ocr_carea' id='block_1_5' title="bbox 0 0 1174 3788">
    <p class='ocr_par' dir='ltr' id='par_1_5' title="bbox 0 0 1174 3788">
     <span class='ocr_line' id='line_1_40' title="bbox 0 0 1174 3788; baseline 0 0"><span class='ocrx_word' id='word_1_339' title='bbox 0 0 1174 3788; x_wconf 95' lang='lat' dir='ltr'><strong> </strong></span> 
     </span>
    </p>
   </div>
  </div>
 </body>
</html>
