2340 3788
303 155 674 224 cnr.s-o..t.t-1a.
946 166 1010 234 127

54 327 75 370 n
93 302 231 381 miserae,
247 323 339 383 quum
354 305 396 367 illi
410 306 470 382 ipsl
484 306 651 379 venissent,
668 326 746 383 quos
761 328 821 388 ego
834 313 893 376 iam
904 317 1007 379 multis

55 390 166 454 ummie
191 390 262 451 viris
284 392 324 450 ad
345 407 394 450 me
417 392 449 451 id
470 390 617 466 temporis
632 400 775 456 venturos
798 414 871 459 esse
883 402 1005 476 praedi-

55 494 95 536 [ῃ.
1076 478 1081 488 .

64 563 102 621 V.
132 557 214 633 Quae
230 575 323 632 quum
340 556 381 617 ita
395 558 468 629 sint,
498 554 638 629 Catilina,
664 571 756 630 perge
777 579 838 634 quo
859 567 1003 641 coepisti:

55 644 129 705 dere
141 642 307 716 aliquando
321 657 361 707 ex
374 641 462 701 urbe=
478 648 581 713 patent
597 648 720 715 portae=
736 644 939 714 proficiscere.
953 651 1003 710 Ni.

54 744 74 787 n
87 726 139 787 diu
152 733 183 786 te
197 724 411 801 imperatorem
425 733 477 784 tua
491 724 542 783 illa
551 722 695 783 Malliana
709 731 810 785 castra
823 726 1004 793 desiderant.

54 819 179 893 ciccum
195 808 285 868 etiam
306 823 414 867 omnes
435 814 520 880 tuos,
549 807 710 879 siminus,
738 824 829 882 quarn
843 810 1004 883 plurimos:

54 910 76 954 e
86 893 203 954 urbem.
225 891 336 966 Magno
351 907 400 950 me
414 898 496 950 metu
505 889 658 963 liberabis,
676 891 747 950 dum
759 892 852 951 modo
868 890 945 953 inter
958 911 1007 955 me

54 995 70 1039 e
86 986 117 1039 te
132 991 237 1037 murus
255 973 382 1035 intersit.
422 973 588 1033 Nobiscum
601 974 718 1034 versari
739 974 799 1034 iam
815 972 929 1035 diutius
945 992 1007 1037 non

54 1079 81 1122 st
96 1075 160 1120 non
178 1061 282 1129 leram,
296 1073 358 1118 non
374 1057 480 1133 patiar,
495 1072 557 1117 non
573 1055 680 1117 sinam.
702 1054 752 1118 ll.
763 1058 875 1132 Magna
884 1057 938 1119 'dis
953 1058 1007 1119 im-

54 1143 154 1204 alibus
172 1142 313 1202 habenda
326 1149 373 1203 est
386 1148 478 1216 atque
489 1139 559 1200 huic
573 1140 632 1214 ipsi
646 1140 712 1200 lovi
724 1140 844 1214 Statori,
860 1141 1007 1216 antiquis-

76 1225 200 1288 custodi
220 1224 312 1285 huius
329 1224 429 1298 urbis,
460 1223 570 1298 gratia,
598 1224 682 1297 quod
701 1224 781 1284 banc
795 1233 856 1285 tam
869 1232 1004 1298 taetrum,

54 1310 226 1372 horribilem
241 1310 363 1383 tamquo
377 1307 517 1369 infestam
532 1307 576 1368 rei
595 1305 734 1382 publicae
754 1316 874 1382 pestem
894 1308 1006 1368 totiens

54 1393 221 1468 effugimus.
254 1393 320 1453 Non
336 1399 385 1453 est
399 1389 523 1466 saepius
537 1389 568 1449 in
584 1406 645 1451 uno
660 1389 782 1452 bomine
794 1402 912 1453 summa
923 1391 1007 1451 salus

54 1477 175 1539 litanda
188 1474 233 1536 rei
251 1475 399 1550 publicae.
438 1475 533 1548 Quam
548 1473 600 1534 diu
614 1473 687 1534 mibi
701 1475 821 1536 consuli
835 1475 1006 1548 designato,

54 1563 110 1634 lna,
128 1559 288 1621 insidiatus
301 1576 344 1632 es,
361 1575 423 1620 non
438 1559 561 1633 publico
575 1573 624 1617 me
635 1557 800 1632 praesidio,
817 1559 873 1620 sed
888 1557 1008 1633 privata

54 1646 132 1706 entia
150 1643 280 1702 delendi.
307 1643 405 1716 Quum
421 1640 567 1716 proximis
585 1640 714 1701 comitiis
732 1641 946 1702 consularibus
957 1653 1007 1699 me

54 1730 134 1789 ulem
153 1725 183 1784 in
198 1741 307 1799 campo
321 1733 352 1785 et
369 1723 583 1798 competitores
599 1731 669 1785 tuos
684 1724 855 1786 interficere
871 1721 1006 1799 voluisti,
1063 1788 1066 1792 ,

54 1807 147 1871 tressi
162 1816 289 1869 conatus
305 1806 524 1867 tumnelarlos
543 1806 708 1867 amicorum
731 1808 883 1880 praesidio
905 1816 935 1867 et
955 1822 1006 1867 co·

73 1892 162 1954 nullo
182 1892 310 1951 tumultu
332 1887 453 1963 publice
468 1887 634 1948 concitator
667 1888 816 1964 denique,
848 1889 1006 1964 quotiens·

54 1994 107 2054 pue
124 1987 172 2032 me
187 1971 304 2047 petisti,
325 1987 380 2046 per
394 1986 442 2031 me
458 1969 510 2031 tibi
527 1969 644 2042 obstiti,
667 1987 850 2046 quamquam
866 1971 1005 2032 videbam

54 2061 144 2123 loiem
167 2071 264 2116 meam
288 2071 357 2117 cum
377 2071 485 2130 magna
503 2053 671 2115 calamitate
697 2056 740 2114 rei
766 2053 909 2131 publicae
934 2070 1006 2117 esse

54 2151 177 2205 anetam.
225 2137 275 2202 12.
292 2141 378 2201 Nunc
392 2140 452 2199 iarn
465 2145 571 2214 aperte
585 2153 649 2199 rem
665 2137 816 2214 publicam
830 2137 1004 2201 universam

60 2251 67 2282 ι
85 2225 202 2300 templa
219 2225 347 2286 deorum
358 2221 585 2294 immortalium,
597 2230 676 2284 tecta
685 2221 786 2295 urbis,
805 2222 897 2283 vitam
908 2221 1003 2284 omui-

54 2310 177 2381 :ivium,
200 2307 315 2369 Italiam
332 2315 425 2369 totam
445 2307 485 2366 ad
503 2305 626 2374 exitium
647 2322 684 2366 oc
701 2306 876 2368 vastitatem
899 2322 1003 2368 voces.

54 2412 85 2455 rc
99 2391 243 2468 quoniam
257 2391 303 2461 id,
331 2392 415 2466 quod
428 2398 477 2450 est
490 2389 618 2464 primum
639 2398 669 2451 et
680 2389 766 2464 quod
778 2389 869 2453 huius
884 2388 1004 2466 imperii

54 2477 220 2553 plinaeque
242 2475 388 2536 maiorum
414 2473 585 2548 proprium,
614 2474 715 2533 lacere
741 2474 1002 2541 nondum'audeo,

54 2580 82 2621 m
100 2559 145 2628 id,
169 2560 253 2634 quod
270 2567 317 2619 est
336 2559 378 2617 ad
392 2555 584 2618 severitatem
601 2555 699 2616 lenius
715 2565 746 2618 ct
758 2558 798 2619 ad
811 2569 1005 2618 communem

53 2661 104 2705 em
120 2643 231 2703 utilius.
267 2642 342 2702 Nam
362 2642 432 2702 site
448 2638 577 2700 interfici
591 2641 727 2714 iussero,
749 2638 899 2702 residebit
918 2636 949 2695 in
970 2648 1006 2693 re

54 2745 98 2787 ca
116 2725 236 2799 reliqua
256 2726 480 2786 coniuratorum
500 2739 618 2783 manus.
661 2722 715 2783 Sin
731 2732 778 2796 tu,
801 2720 886 2796 quod
902 2729 931 2778 te
945 2718 1005 2777 iam

54 2828 89 2870 m
104 2809 218 2882 hortor,
236 2808 359 2882 exieris,
375 2805 568 2867 exhaurietur
584 2823 623 2866 ex
637 2807 712 2867 urbe
727 2815 847 2867 tuorum
862 2800 1004 2862 comitum

54 2912 84 2954 ta
102 2901 132 2953 et
146 2892 319 2968 perniciosa
334 2891 452 2952 sentina
468 2890 512 2950 rei
526 2889 677 2965 puplicae.
707 2888 756 2950 13.
778 2887 857 2962 Quid
871 2893 932 2956 est,
951 2885 1004 2945 Ca·

54 2986 78 3035 ,t
110 2993 181 3036 num
196 2976 315 3037 dubitas
330 2976 362 3036 id
376 2991 424 3036 me
438 2975 606 3049 imperante
627 2975 744 3045 lacere,
767 2970 850 3047 quod
872 2968 931 3029 iam
953 2978 1006 3030 tua

54 3071 86 3122 te
104 3059 261 3120 iaciebast
286 3060 378 3118 Exire
392 3076 431 3119 ex
447 3059 520 3119 urbe
536 3057 620 3117 iubet
636 3058 745 3118 consul
761 3056 890 3114 hostem.
911 3053 1003 3114 luter-

54 3163 65 3205 ε
84 3160 142 3214 me,
158 3160 228 3203 num
244 3143 274 3202 in
289 3142 449 3203 exsilium?
467 3143 532 3202 Non
550 3141 656 3201 iubeo:
675 3141 740 3212 sed,
756 3138 783 3198 si
799 3154 848 3197 me
859 3137 1005 3209 consulis,

54 3244 104 3289 eo.
127 3227 178 3285 Vl.
197 3226 274 3299 Quid
289 3235 337 3288 est
351 3225 439 3299 enlm,
454 3225 587 3298 Catilina,
603 3225 687 3299 quod
703 3232 731 3283 to
746 3221 806 3282 iam
816 3221 846 3281 iu
861 3221 917 3281 bac
929 3223 1004 3280 urbe

54 3321 127 3372 :tara
145 3309 265 3384 possim
285 3309 315 3369 in
329 3327 389 3384 qua
401 3326 489 3369 nemo
503 3318 550 3369 est
561 3317 646 3368 extra
660 3307 749 3367 istam
766 3304 1004 3366 coniurationem

54 3396 162 3457 iturum
173 3393 327 3454 homiuum
339 3393 391 3468 qui
403 3402 432 3454 te
444 3409 504 3453 non
519 3399 639 3465 metuat,
656 3407 745 3451 nemo
758 3388 810 3466 qui
822 3405 883 3449 non
895 3381 1002 3447 oderit.
