2340 3788
385 207 748 274 coeam-1⁵.
802 260 804 264 ,
1018 211 1082 278 ³0³

60 378 181 438 semper
195 360 322 420 sedicet
337 359 438 433 rogari
456 357 605 430 voluisse,
628 372 749 432 semper
769 358 826 417 sibi
845 359 1025 434 supplicari:
1047 379 1093 443 se¹

59 448 99 505 M.
115 442 292 517 Seium,qui
309 459 347 501 ue
371 449 542 516 equestrem
558 440 679 514 quidem
693 441 886 522 splendorem
900 443 1082 506 incolumem

60 548 79 588 a
93 527 257 587 calamitate
272 523 516 586 iudicii‘retinere
530 523 687 598 potuisset,
699 523 812 584 homini
825 523 1021 601 nobilissimo,
1037 530 1083 588 in·

61 609 286 680 nocentissimo,
301 608 561 682 eloquentissimo,
570 605 611 664 Μ.
622 605 732 677 Pisoni,
743 607 938 680 praetulisse:
953 624 1091 685 praepo·

61 695 160 753 suisse
175 709 208 754 se
224 692 257 766 9.
273 692 393 765 Catulo,
407 706 524 751 summa
534 687 693 749 indamilia
708 698 793 760 nato,
817 690 1040 764 sapientissimo
1055 703 1085 754 ct

49 777 251 836 sanctissimo
266 775 348 844 viro,
370 790 432 832 non
446 773 514 832 dico
529 772 560 830 C.
576 769 754 845 Serranum}
767 772 973 833 stultissimum
989 775 1084 835 homi·

61 876 129 919 nem
144 891 186 903 -
201 859 257 918 luit
270 857 351 918 enim
364 853 463 915 lamen
478 853 588 914 nobilis
602 886 649 926 -·‚
667 871 728 914 non
744 855 775 914 C.
788 854 957 928 Fimbriam,
971 874 1084 917 novum

60 941 210 1002 hominem
231 973 273 988 -
292 940 348 998 luit
367 937 446 997 euim
467 946 497 997 et
518 935 614 996 animi>
630 938 703 997 satis
726 938 825 1011 magni
848 946 878 998 et
900 939 1019 999 consilii
1033 972 1094 1014 --,·

61 1027 119 1084 sed
132 1024 185 1083 Cn.
198 1021 347 1092 Mallium,
373 1036 435 1091 non
454 1021 552 1079 solum
565 1018 743 1094 ignobilem,
765 1037 867 1080 vemm
884 1021 950 1094 sine
967 1023 1085 1095 virtute,

61 1108 126 1167 sine
140 1104 277 1179 ingenio,
304 1104 364 1163 vita
377 1104 467 1162 etiam
481 1109 653 1176 contempta
667 1118 703 1162 ao
718 1103 850 1164 sordida.
893 1104 943 1165 13.
960 1105 1086 1166 Deside-

60 1196 165 1248 rarunt
182 1195 218 1258 te,
233 1185 339 1260 inquit,
356 1185 437 1246 oculi
451 1185 518 1257 mei,
534 1200 626 1258 quum
639 1193 672 1245 tu
687 1202 775 1246 esses
787 1187 922 1264 Cyrenis.
944 1189 993 1248 Me
1007 1190 1086 1250 enirn

62 1287 152 1343 qnam
167 1269 271 1329 socios
284 1277 334 1329 tua
347 1269 405 1328 lrui
420 1270 528 1328 virtute
541 1268 704 1343 malebam,
721 1277 759 1340 et,
777 1287 838 1344 quo
850 1272 920 1346 plus
935 1271 1085 1344 intererat,

62 1370 99 1413 eo
117 1353 185 1427 plus
199 1352 308 1412 aberas
321 1367 340 1411 a
354 1368 416 1426 me,
438 1367 530 1426 qaum
544 1358 573 1410 te
587 1367 648 1411 non
664 1351 811 1412 videbam.
854 1353 971 1421 Deinde
986 1355 1087 1415 sitien·

62 1445 122 1494 tem
142 1451 190 1494 me
212 1434 328 1496 virtutis
351 1443 420 1496 tuae
443 1434 604 1494 deseruisti
623 1450 660 1494 ae
683 1435 879 1511 dereliquisti.
934 1437 1087 1513 coeperas

63 1520 140 1576 enim
153 1526 256 1592 petere
268 1517 449 1578 tribunatum
461 1519 559 1593 plebis
572 1517 758 1591 temporibus
772 1519 819 1592 iis,
835 1536 913 1593 quae
925 1520 1012 1581 istam
1024 1523 1088 1582 elo-

62 1601 213 1674 quentiam
235 1609 265 1661 et
285 1601 423 1662 virtutem
446 1600 658 1674 requirebant:
686 1616 776 1672 quam
797 1603 973 1677 petitionem
995 1621 1087 1679 quum

60 1683 250 1757 reliquisses,
268 1683 295 1743 si
305 1684 365 1744 hoc
376 1682 526 1754 indicasti,
542 1690 623 1740 tanta
641 1681 671 1738 in
689 1689 866 1756 tempestate
877 1692 907 1742 te
919 1685 1088 1758 gubernare

61 1781 123 1824 non
138 1780 250 1838 posse,
274 1765 313 1824 de
336 1765 443 1824 virtute
463 1771 516 1823 tua
534 1761 683 1822 dubitavi:
709 1765 734 1822 si
754 1765 851 1837 nolle,
872 1766 910 1823 de
924 1767 1088 1826 voluntate.

63 1848 126 1918 Sin,
145 1846 229 1920 quod
246 1846 343 1918 magis
357 1845 500 1918 intelligo,
517 1844 704 1917 temporibus
718 1853 747 1904 te
764 1846 829 1905 aliis
841 1847 1015 1921 reservasti,
1030 1864 1089 1920 ego

63 1943 201 2005 quoque,
222 1927 339 2001 inquiet
354 1927 487 2001 populus
501 1926 671 1999 Romanus,
692 1927 732 1985 ad
750 1943 787 1986 ea
806 1937 836 1988 te
852 1936 988 2002 tempora
1001 1944 1090 1989 revo-
1116 1940 1119 1946 ·

63 2011 139 2084 cavi,
155 2011 195 2069 ad
210 2025 288 2084 quae
299 2015 334 2070 ‘tu
347 2018 377 2071 te
391 2009 459 2083 ipse
477 2025 626 2070 servaras.
661 2009 732 2070 Pete
747 2011 836 2084 igitur
850 2027 918 2071 eum
934 2010 1090 2085 magistra·

63 2104 141 2166 tum,
163 2093 193 2152 in
215 2109 276 2167 quo
292 2092 363 2152 mini
383 2107 511 2166 magnae
531 2092 648 2154 utilitati
662 2109 732 2153 esse
744 2093 867 2167 possis:
887 2094 1002 2154 aediles
1024 2094 1089 2170 qui-

65 2192 194 2251 cumque
214 2184 316 2249 erunt,
338 2176 427 2237 iidem
449 2175 521 2235 miri
546 2185 617 2237 sant
643 2176 706 2236 ludi
725 2176 837 2250 param
859 2175 967 2238 tribuni
990 2177 1093 2253 plebis

63 2260 219 2335 permagni
240 2258 364 2319 interest
383 2258 435 2332 qui
456 2258 525 2322 sint.
569 2258 632 2331 Qua
658 2276 691 2319 re
717 2267 769 2319 aut
788 2259 882 2320 redde
904 2258 977 2319 mihi
1004 2261 1090 2336 quod

66 2343 255 2415 ostenderas,
267 2348 319 2400 aut
331 2341 447 2418 siquod
455 2341 628 2402 meaminus
640 2342 944 2418 interest,idtemagis
952 2344 1089 2405 iortede·

64 2427 169 2498 lactat,
192 2425 318 2485 reddam
344 2424 396 2484 tibi
415 2425 503 2484 istam
525 2425 705 2486 aedilitatem
727 2425 815 2484 etiam
838 2426 1024 2500 negligenter
1037 2442 1090 2501 pe·

64 2509 151 2568 tenti:
174 2509 230 2568 sed
247 2507 452 2582 amplissimos
471 2507 605 2568 honores
627 2517 660 2568 ut
680 2525 734 2582 pro
759 2508 906 2583 dignitate
916 2518 968 2569 tuo
983 2525 1090 2569 conse-

66 2607 169 2665 quare,
185 2590 357 2663 condiscas,
373 2606 501 2663 censeo,
515 2591 587 2650 mihi
600 2592 703 2666 paullo
721 2591 894 2664 diligentius
908 2592 1091 2666 supplicare.

147 2675 198 2732 Vl.
218 2670 266 2734 14.
287 2673 370 2732 Haeo
387 2672 491 2747 poputt
511 2674 606 2742 oratio
628 2682 689 2745 est,
709 2690 777 2732 mea
798 2689 886 2746 vera,
906 2664 1096 2741 Laterensis,x
1151 2682 1154 2689 '

65 2758 156 2815 haec=
173 2755 286 2828 Quare
301 2754 399 2816 victus
417 2755 459 2816 sis
477 2771 537 2815 non
554 2758 669 2817 debere
679 2756 810 2817 iudicem
827 2772 982 2830 quaerere,
999 2759 1091 2815 modo

65 2855 104 2897 ne
119 2839 275 2913 largitione
292 2838 335 2899 sis
351 2837 458 2899 victus.
492 2840 566 2899 Nam
581 2842 608 2899 si
624 2840 897 2915 quotienscumque
912 2839 1092 2914 praeteritus

66 2922 123 2980 crit
146 2921 187 2992 is,
214 2922 265 2996 qui
284 2937 346 2981 non
367 2922 504 2982 debuerit
517 2922 688 2999 praeteriri,
709 2924 817 2983 totiens
838 2923 990 2998 oportebit
1012 2936 1090 2992 eum,
1132 2937 1138 2947 ⁴

66 3004 118 3078 qui
134 3003 231 3064 factus
247 3006 316 3078 erit,
337 3005 547 3078 condemnari,
565 3005 638 3065 nihil
656 3013 703 3064 est
716 3005 775 3065 iam
791 3006 874 3080 quod
888 3006 1002 3085 populo
1019 3020 1092 3079 sup-

64 3086 291 3163 plicetur,'uihil
308 3089 390 3162 quod
402 3088 544 3160 diribitio,
555 3089 627 3148 nihil
642 3090 726 3162 quod
741 3087 922 3164 supplicatio
936 3089 1092 3164 magistra·

64 3181 163 3244 tuum,
187 3171 374 3232 renunciatio
400 3170 610 3246 suffragiorum
632 3180 840 3246 exspectetur:
868 3172 956 3231 simul
981 3179 1018 3241 ut,
1040 3169 1096 3245 qni

66 3254 126 3314 sint
143 3254 275 3328 prolessi
291 3256 406 3327 videro,
424 3254 536 3314 dicam:
548 3254 597 3316 15.
608 3257 665 3315 ilio
679 3255 790 3315 familia
808 3254 958 3315 consulari
972 3264 1027 3326 est,
1043 3254 1093 3311 ille

66 3337 232 3411 praetoria:
247 3336 382 3410 reliquos
397 3338 488 3398 video
506 3355 576 3398 esse
596 3354 636 3397 ex
651 3338 785 3412 equestri
802 3340 885 3399 locor
902 3346 971 3400 sunt
986 3351 1094 3396 omnes

65 3420 133 3481 sine
149 3423 281 3494 macula,
304 3428 374 3481 sunt
385 3437 486 3496 aeque
500 3422 573 3483 boni
589 3423 646 3483 viri
660 3430 751 3499 atquc
767 3421 888 3497 integri,
903 3421 960 3483 sed
978 3414 1092 3480 servari
