2340 3788
380 169 745 237 cnr.1—at.r-s..
1005 162 1070 234 an

36 321 167 400 pliorem
188 335 280 395 quam
302 334 385 395 eam,
408 335 499 393 quarn
518 301 738 380 hodierne'dle
753 330 937 384 consecutus
949 338 995 385 es.
1038 324 1069 388 5.

37 405 133 466 Soleo
149 418 242 476 saepe
255 409 324 462 ante
340 403 447 462 oculos
462 416 580 476 ponere
590 399 685 476 idque
705 399 833 464 libenter
850 405 966 466 crebris
980 424 1069 470 usur·

37 501 115 564 pere
129 485 330 559 sermonibus,
344 499 451 545 omnes
465 490 638 544 nostrorum
652 481 876 558 imperatorum
895 503 1000 550 omnes
1015 507 1069 552 ex-

36 579 170 629 terarum
184 566 315 647 gentium
330 564 671 641 potentissimorumque
682 568 873 641 populorum,
890 582 996 632 omnes
1008 575 1070 634 cla-

36 650 227 711 rissimorum
257 665 363 724 regum
385 664 437 708 res
464 656 567 723 gestas
592 663 660 707 eum
682 647 744 709 tuis
769 664 826 709 nee
842 652 1070 715 contentionum

36 732 245 806 magnitudine
262 748 318 792 nee
339 746 464 792 numero
485 728 669 806 proeliorum
682 745 739 791 nec
754 731 901 792 varietate
913 733 1070 806 regionum

37 830 99 875 nee
114 815 266 875 celeritate
281 811 462 874 conficiendi
475 828 533 875 nec
550 810 795 874 dissimilitudine
810 813 959 874 bellorum
974 831 1069 888 posse

37 897 189 970 conferri,
208 913 265 956 nec
279 911 355 957 vero
370 894 624 956 disiunctissimas
642 902 737 956 terras
752 893 842 956 citius
856 896 1002 970 passibus
1018 915 1068 960 ora

34 981 181 1053 iusquam
200 977 338 1053 potuisse
353 977 522 1053 peragrari,
543 993 634 1052 quam
650 976 712 1038 tuis
729 993 790 1038 non
806 977 905 1038 dicam
920 979 1069 1056 cursibus

36 1061 97 1122 sed
118 1059 252 1121 victoriis
275 1061 419 1120 lustratae
439 1068 519 1121 sunt.
566 1061 597 1121 6.
621 1059 704 1133 Quae
725 1059 848 1133 quidem
869 1076 926 1135 ego
949 1061 1009 1122 nisi
1029 1062 1071 1124 ita

35 1158 150 1216 magna
164 1157 237 1201 esse
250 1143 361 1214 fatear,
383 1149 416 1202 ut
436 1158 474 1202 ea
496 1140 548 1201 vix
564 1140 744 1216 cuiusquam
759 1158 846 1203 mens
861 1151 913 1203 aut
927 1145 1070 1218 cogitatio

13 1298 17 1303 Ι
37 1239 152 1298 cepere
167 1222 277 1298 possit,
290 1239 395 1284 amens
408 1223 480 1284 sim=
503 1224 559 1284 sed
576 1231 675 1285 tamen
693 1223 835 1285 suntalia
849 1226 974 1292 maiora.
995 1226 1070 1301 Nam

35 1305 165 1367 bellicas
180 1307 287 1366 laudes
301 1308 401 1368 solent
413 1305 536 1382 quidam
550 1315 714 1369 extenuare
727 1306 830 1366 verbis
843 1323 959 1383 easque
970 1309 1069 1370 dena·

34 1389 112 1450 here
127 1387 274 1462 ducibus,
291 1388 513 1450 communicare
529 1405 596 1450 cum
607 1388 718 1463 multis,
731 1406 771 1449 ne
784 1389 928 1465 propriae
942 1391 1003 1452 sint
1014 1391 1070 1451 im-

36 1479 223 1548 paratorum.
244 1471 372 1533 Etcerte
385 1470 416 1531 in
430 1470 522 1532 armis
536 1471 664 1533 militum
677 1471 784 1544 virtue,
799 1472 937 1539 locorum
955 1489 1069 1548 oppor-

34 1552 159 1626 tunitas,
178 1553 290 1614 auxilia
300 1553 464 1629 sociorum,
479 1556 606 1626 classes,
616 1562 805 1616 commeatus
816 1556 942 1617 multum
952 1554 1067 1630 iuvant,
1127 1616 1130 1622 .

34 1636 199 1697 maximam
222 1652 295 1698 vero
319 1645 437 1712 partem
461 1637 551 1711 quasi
571 1652 628 1697 suo
643 1635 708 1697 iure
724 1638 845 1696 fortuna
858 1636 916 1696 sibl
933 1636 1068 1701 vindicat

36 1726 71 1778 et
87 1718 235 1793 quidquid
250 1734 398 1792 prospere
410 1726 529 1792 gestum
543 1717 646 1789 est,.id
660 1733 757 1792 paene
766 1731 856 1776 omne
870 1719 953 1779 ducit
969 1735 1067 1781 suum.

36 1797 69 1860 7.
83 1803 212 1860 alvaro
227 1799 318 1859 huius
331 1799 454 1873 gloriae,
466 1799 502 1859 C.
511 1798 638 1871 ⁴Caesar,
654 1816 746 1872 quam
759 1813 794 1858 es
812 1799 914 1872 paullo
928 1808 998 1860 ante
1012 1803 1068 1861 ad-

37 1890 146 1956 eptus,
164 1880 284 1940 socium
299 1879 394 1940 habes
409 1878 575 1941 neminem=
590 1886 685 1941 totum
700 1880 775 1955 hoc,
792 1887 1067 1955 quantumcumque

36 1972 96 2037 est,
111 1962 195 2038 quod
210 1970 291 2022 certe
304 1961 466 2023 maximum
477 1969 533 2035 est,
548 1969 642 2023 totum
654 1970 709 2036 est,
725 1961 858 2037 inquam,
875 1970 969 2023 tuum.
988 1962 1069 2023 Nihil

36 2045 100 2107 sibi
116 2061 156 2105 ex
169 2044 228 2106 ista
240 2045 331 2104 laude
345 2042 497 2119 centurio,
512 2042 587 2105 nihil
600 2045 788 2120 praelectus,
801 2042 875 2105 nihil
888 2044 1009 2117 cohors,
1022 2044 1067 2105 ni-

38 2128 83 2188 hil
104 2136 202 2187 turma
221 2126 372 2202 decerpit:
395 2125 577 2202 quinetiam
598 2126 649 2188 illa
670 2127 739 2202 ipsa
751 2143 852 2189 rerum
868 2126 1068 2188 humanarum

37 2209 177 2283 domina,
189 2209 337 2283 Fortuna,
355 2208 386 2269 in
408 2209 498 2271 istius
519 2208 694 2277 societatem
710 2209 825 2285 gloriae
839 2223 875 2270 se
888 2225 951 2271 non
967 2208 1066 2282 offert,

34 2292 92 2354 tibi
112 2291 208 2365 cedit,
228 2300 309 2354 tuam
330 2308 364 2353 se
384 2308 456 2353 esse
474 2300 568 2355 tetam
591 2299 622 2353 et
643 2293 798 2368 propriam
811 2293 932 2355 latetur.
973 2291 1066 2353 Num·

37 2391 132 2450 quam
151 2375 231 2435 enim
251 2376 403 2436 temeritas
422 2391 492 2436 cum
510 2373 660 2450 sapientia
679 2373 891 2437 commiscetur
911 2374 1068 2451 nequead

37 2458 199 2533 consilium
214 2473 306 2517 oesns
321 2456 495 2519 admittitur.

99 2540 149 2598 lll.
170 2538 202 2601 8.
222 2537 371 2600 Domuisti
386 2548 493 2614 gentes
507 2540 688 2603 immanitate
700 2539 861 2614 barbaras,
876 2535 1067 2601 multitudine

34 2620 288 2694 innumerabiles,
302 2621 380 2683 loeis
394 2622 543 2696 infinitas,
567 2623 647 2683 omni
671 2621 828 2697 copiarum
843 2637 957 2696 genere
970 2620 1065 2679 abun-

36 2705 161 2763 dantesr
175 2704 231 2764 sed
244 2712 341 2765 temen
354 2721 392 2765 ea
406 2704 513 2778 vicisti,
529 2721 609 2779 qnae
624 2712 654 2766 et
664 2713 801 2767 naturam
811 2713 844 2766 et
854 2702 1067 2765 condicionem

35 2793 71 2845 ut
92 2784 171 2845 vinei
191 2793 320 2862 possent
339 2786 501 2847 habebant
547 2787 635 2847 Nulla
653 2794 701 2848 est
718 2785 797 2847 enim
812 2794 895 2848 tenta
914 2783 964 2847 vis
985 2800 1065 2858 quae

36 2884 100 2927 non
120 2868 200 2929 ferro
223 2877 254 2930 et
274 2867 389 2930 viribus
410 2867 559 2930 debilitari
578 2869 738 2945 frangique
760 2868 870 2945 possit.
918 2864 1062 2927 Animum

36 2950 176 3020 vincere,
190 2950 377 3012 iracundiam
391 2951 544 3024 cohibere,
557 2950 714 3013 victoriam
728 2959 906 3027 temperare,
922 2949 1066 3010 edversa-

37 3031 114 3091 rium
128 3032 298 3107 nobilitate,
317 3032 455 3109 ingenio,
481 3034 589 3105 uirtute
611 3040 815 3108 praestantem
830 3049 892 3107 non
906 3032 998 3094 modo
1013 3046 1066 3091 ex·

36 3115 144 3175 tollere
158 3115 315 3189 iacentem,
337 3116 394 3176 sed
408 3115 498 3179 etiam
512 3116 698 3191 amplificare
714 3117 781 3178 eius
793 3115 956 3192 pristinam
970 3112 1066 3189 digni·

36 3202 141 3270 tatem,
163 3198 239 3259 llaec
258 3197 311 3273 qui
327 3197 414 3271 lacit,
436 3213 567 3273 nonego
584 3214 738 3259 eumcum
759 3198 885 3261 summis
898 3197 972 3259 viris
984 3212 1066 3256 com·

36 3296 128 3354 paro,
142 3282 200 3340 sed
215 3279 397 3341 simillimum
412 3281 470 3342 deo
487 3280 599 3342 iudico.
642 3278 673 3340 9.
688 3281 802 3356 ltaque,
819 3280 851 3341 C.
865 3280 987 3350 caesar,
1003 3277 1066 3355 bel·

36 3363 113 3421 licae
123 3370 194 3422 tuae
204 3361 312 3423 laudes
323 3362 555 3425 celebrabuntur
564 3363 634 3425 illae
647 3361 770 3439 quidem
783 3378 845 3425 non
856 3361 932 3424 solis
943 3359 1067 3433 nostris,
