2340 3788
376 187 782 271 o.tt>.s-1o.·t.1e·-us.
932 160 935 169 ⁵
1033 194 1099 263 its

62 353 130 414 tur,
151 340 191 400 ab
211 337 251 400 iis
272 337 379 414 populi
395 338 524 401 Romani
539 341 619 401 lama
638 341 816 403 celebratur.
857 343 907 409 22.
930 346 1096 411 eaustus
1121 326 1127 337 x

62 422 212 486 Alriesno
233 421 385 496 superiori
405 431 509 483 noster
521 422 650 493 Ennius,
677 421 781 497 itaquo
796 423 885 489 etiam
904 428 936 489 in
951 433 1095 506 sepulcro

62 505 243 582 Scipionum
264 513 388 579 putatur
402 505 430 565 is
452 521 524 566 esso
545 504 727 567 constitutus
748 522 786 564 ex
802 523 960 571 marmore.
1000 520 1041 577 At
1055 515 1095 575 iis

62 588 208 653 laudibus
223 598 304 650 certe
319 604 380 648 non
392 590 492 648 solum
506 589 574 663 ipse
589 587 641 663 qui
654 588 804 664 laudatar,
820 591 876 651 sod
887 592 976 655 eham
987 599 1095 670 populi

62 673 195 736 Romani
208 687 318 733 nomen
336 679 469 732 ornatur.
510 672 544 730 ln
560 673 677 733 caelum
692 670 783 733 huius
801 690 937 748 proavus
952 676 1024 738 Cato
1039 681 1093 741 tol-

62 757 149 818 litur=
168 771 295 830 magnus
306 755 407 831 honos
423 753 529 829 populi
539 754 668 815 Romani
678 756 772 817 rebus
783 755 964 831 adiungitur.
982 757 1095 823 Omnes

65 837 200 914 deniqne
228 837 271 898 illi
293 837 433 912 Maximi,
460 838 609 911 Marcelli,
636 837 735 898 Fulvii
762 855 823 899 non
851 840 918 899 sine
944 841 1094 902 communi

66 921 200 983 omnium
213 929 351 982 nostrum
361 921 452 981 laude
467 921 657 981 decorantur.
688 921 724 981 X.
743 921 826 997 Ergo
841 922 933 996 illum,
951 922 1004 998 qui
1017 923 1095 985 hoec

65 1006 193 1079 iecerat,
216 1005 369 1065 Rudinum
382 1003 549 1074 hominem,
571 1003 702 1066 maiores
718 1004 813 1067 nostri
828 1006 859 1064 in
880 1005 1030 1068 civitatem
1046 1022 1090 1067 re·

66 1095 227 1163 ceperunt:
255 1104 313 1148 nos
328 1087 411 1147 hunc
427 1086 668 1161 Heracliensem,
695 1087 796 1148 multis
812 1089 983 1151 civitatibus
1000 1105 1094 1164 expe-

65 1171 166 1245 titum,
189 1170 219 1230 in
239 1169 297 1231 hac
311 1179 412 1231 autem
426 1169 544 1245 legibus
559 1171 768 1242 constitutum,
793 1173 831 1232 de
851 1181 958 1233 nostra
973 1171 1095 1234 civitate

66 1254 244 1315 eiiciemusl
491 1298 493 1305 ,

147 1335 199 1399 23.
217 1337 290 1396 Nam
305 1337 331 1397 si
347 1335 416 1412 quis
431 1334 577 1397 minorem
588 1335 703 1411 gloriae
714 1338 842 1398 fructum
854 1347 940 1414 putat
949 1355 989 1400 ex
1001 1339 1093 1401 Grae·

65 1419 109 1480 cis
125 1420 268 1480 versibus
281 1419 398 1496 percipi
413 1437 504 1495 quam
518 1437 558 1480 ex
570 1420 696 1495 Latinis,
712 1421 905 1483 vehementer
920 1431 1008 1495 errat,
1023 1438 1092 1497 pro·

64 1510 171 1579 pterea
183 1504 266 1578 quod
279 1503 395 1564 Graeca
408 1505 547 1580 leguntuu
557 1505 587 1562 in
602 1504 742 1565 omnihus
753 1507 817 1564 lere
827 1505 977 1580 gentibus,
987 1504 1093 1565 Latina

65 1582 131 1647 suis
149 1587 276 1660 finibus,
292 1588 412 1663 exiguis
429 1604 518 1659 sane,
541 1586 741 1647 continentur.
773 1586 838 1660 Qua
859 1605 893 1647 re
914 1587 941 1648 si
959 1603 1010 1649 res
1027 1603 1092 1661 coe,

66 1685 145 1745 quas
163 1671 332 1743 gessimus,
348 1669 430 1729 orbis
446 1679 545 1729 terrae
559 1670 736 1742 regionibus
758 1671 956 1743 definiuntur,
979 1687 1093 1744 cupere

63 1753 228 1821 debemus,
263 1767 323 1824 quo
352 1767 495 1810 manuum
520 1761 692 1812 nostrarum
716 1755 776 1812 tela
802 1753 1015 1828 pervenerint,
1039 1769 1091 1815 eo-

62 1835 134 1894 dem
156 1831 282 1905 gloriam
298 1834 470 1906 famamque
484 1842 659 1906 penetrare,
686 1836 770 1909 quod
788 1852 882 1909 quum
898 1836 974 1910 ipsis
993 1851 1091 1911 popu-

62 1915 115 1987 lis,
139 1915 179 1972 de
201 1928 330 1986 quorum
355 1915 447 1974 rebus
468 1914 620 1989 scribitur,
645 1917 840 1992 haecampla
861 1927 1028 1990 sunctum
1053 1918 1093 1978 iis

62 2005 162 2067 certe,
177 1995 229 2070 qui
245 1996 284 2056 de
298 1998 360 2058 vita
375 1996 490 2072 gloriae
512 2013 605 2058 causa
630 1999 787 2074 dimicant,
801 2001 860 2060 hoc
881 2000 1041 2061 maximum
1062 2008 1093 2061 et

62 2080 267 2158 periculorum
284 2079 508 2142 incitamentum
523 2090 571 2142 est
585 2090 615 2143 et
629 2084 776 2143 laborum.
803 2081 854 2146 nt.
871 2082 965 2156 Quam
980 2085 1092 2146 multos

62 2163 230 2235 scriptores
247 2178 347 2224 rerum
364 2181 487 2224 suarum
504 2181 632 2239 magnus
652 2167 702 2226 ille
717 2168 892 2227 Alexander
912 2183 1016 2228 secum
1036 2167 1089 2227 ha-

62 2248 169 2307 huisse
184 2245 307 2306 dicitur!
335 2249 438 2322 Atque
458 2248 485 2308 is
503 2256 617 2322 tamen,
636 2267 727 2323 quum
745 2250 776 2309 in
795 2249 886 2326 Sigeo
909 2252 949 2311 ad
962 2251 1090 2313 Achillis

61 2330 210 2390 tumulum
226 2328 386 2391 astitisset:
401 2331 605 2405 Osortaaote,
620 2333 728 2407 inquit,
745 2335 930 2406 adolescens,
950 2337 1002 2409 poi
1021 2341 1090 2395 tuoe

62 2415 176 2472 amotas
191 2413 351 2474 Homerum
372 2431 548 2490 praeconem
573 2414 738 2476 inumeris!
760 2417 798 2476 Et
817 2433 900 2477 vere.
934 2417 1009 2477 Nam
1031 2414 1090 2475 nisi

62 2493 132 2555 ilias
147 2494 199 2553 illa
213 2496 394 2571 exstitisset,
410 2496 491 2557 idem
504 2499 652 2570 tumulus,
667 2498 719 2573 qui
738 2515 851 2574 corpus
865 2501 933 2560 eius
947 2507 1089 2560 contexe·

62 2586 121 2647 rat,
145 2594 256 2638 nomen
278 2579 368 2640 etiam
392 2580 554 2641 obruisset.
583 2580 682 2654 ouius
697 2590 801 2642 noster
813 2583 862 2643 hic
876 2583 1020 2657 Magnus,
1038 2578 1089 2654 qui

62 2675 131 2720 cum
143 2659 251 2722 virtuto
267 2665 418 2724 fortunam
429 2663 620 2737 adaequavit,
634 2681 736 2724 nonne
746 2665 961 2740 Theophanem
971 2663 1089 2739 Mityle-

62 2759 187 2816 naeum,
205 2744 382 2820 scriptorem
397 2763 497 2806 rerum
513 2762 649 2818 suarum,
667 2747 697 2806 in
716 2748 857 2808 contione
874 2747 998 2807 militum
1016 2744 1088 2806 civi-

62 2834 121 2887 tate
137 2827 276 2900 donavit,
297 2837 328 2889 et
349 2830 445 2890 nostri
460 2829 502 2890 illi
517 2831 611 2890 lortes
629 2829 700 2902 viri,
722 2832 778 2891 sed
797 2830 902 2892 rustici
923 2845 959 2889 ac
980 2829 1089 2890 milites

62 2909 223 2970 dulcedine
235 2913 365 2986 quadarn
377 2911 492 2987 gloriae
504 2913 659 2984 commoti,
677 2914 764 2987 quasi
777 2913 940 2988 participes
952 2912 1088 2972 eiusdem

61 2991 175 3064 laudis,
199 3009 309 3069 magno
339 2995 413 3054 illud
440 2998 572 3056 clamore
597 2998 864 3071 approbaveruntr
895 2993 946 3056 25.
972 2996 1087 3070 Itaque,

62 3074 168 3147 credo,
186 3075 213 3136 si
238 3077 314 3138 civis
335 3080 490 3139 Romanus
511 3079 640 3140 Archias
664 3081 782 3155 legibus
800 3097 862 3141 non
883 3087 981 3151 esset,
1001 3087 1034 3139 ul
1046 3079 1085 3139 ab

62 3158 164 3235 aliquo
184 3159 367 3235 imperatore
388 3160 507 3223 civitate
528 3164 703 3235 donaretur,
727 3163 872 3238 perficere
894 3178 953 3221 non
979 3161 1086 3236 potuit.

62 3240 144 3302 smta
158 3259 253 3318 quum
269 3244 423 3319 Hispanos
437 3246 565 3306 donaret
578 3255 608 3306 et
622 3245 740 3321 Gallos,
766 3246 858 3306 credo
880 3245 961 3305 hunc
981 3251 1084 3320 peten-

62 3335 119 3386 tem
138 3327 348 3401 repudiasset:
368 3343 458 3403 quem
480 3343 538 3389 nos
561 3328 591 3388 in
613 3328 754 3391 contione
774 3328 918 3402 vidimus,
942 3345 1032 3402 quum
1056 3323 1084 3383 ei
