2332 3772
96 158 141 224 ιε
266 156 339 217 rao
353 129 437 217 sure
454 154 590 216 aoscm
605 155 780 217 miramo
796 132 949 217 oanrro.

97 324 165 380 ros,
185 308 308 380 sedere,
324 306 376 383 qui
391 304 549 381 excipiatis
563 322 627 378 eos,
645 305 697 381 qui
714 306 754 365 de
769 307 834 367 suis
850 307 991 372 manibus
1005 308 1108 385 effuge

97 392 165 452 rint
197 389 234 449 Ili
248 390 441 465 prohibeant,
458 388 591 461 iudices,
615 397 649 450 ut
661 389 735 462 hoc,
757 389 842 467 quod
865 390 1000 453 maiores
1019 394 1108 453 cond-

97 476 170 535 lium
183 473 336 548 publicum
357 473 461 533 vocari
481 474 653 545 voluerunt,
675 471 863 547 praesidium
883 483 1036 536 sectorum
1053 472 1101 539 ext

97 557 243 617 stimetur.
279 554 349 617 159.
383 558 432 616 An
446 571 536 625 vero,
551 554 685 625 iudices,
704 572 760 616 vos
777 572 840 616 nou
860 555 1025 633 intelligitis
1044 550 1099 617 niti

95 640 178 699 aliud
194 639 257 714 agi,
278 638 339 699 alsi
352 646 385 699 ut
399 638 639 713 proscriptorum
654 636 739 697 liberi
757 638 867 714 quavis
881 640 999 701 ratione
1011 642 1097 701 tollar

95 732 153 798 tur,
173 721 284 782 eteius
299 721 344 782 rei
357 720 474 783 initium
488 720 518 780 in
540 728 642 782 vestro
657 721 723 781 iure
743 720 871 783 iurando
888 732 981 799 atque
997 722 1027 783 in
1042 723 1096 783 Ser.

95 803 198 865 Roscii
223 803 359 878 periculo
382 805 508 879 quaerit
524 803 669 865 'Dubium
691 813 739 865 est
761 805 801 865 ad
828 823 920 880 quem
939 806 1098 867 maleficium

94 886 251 963 pertineat,
269 903 363 963 quum
377 886 506 946 videatis
518 903 557 946 ex
571 888 665 948 attera
677 895 764 962 parte
777 896 938 961 sectorem,
956 889 1098 965 inimicum,

95 970 237 1030 sicarium
259 970 461 1045 eumdemque
481 977 691 1030 accusatorem
710 971 771 1030 hoc
790 978 942 1046 tempore,
964 989 1005 1032 ex
1022 975 1099 1033 altam

94 1062 180 1128 parte
193 1061 341 1128 egentem,
356 1053 515 1127 probatum
529 1051 594 1112 suis
606 1053 708 1125 iiliaun,
723 1054 754 1113 iri
771 1069 832 1129 quo
847 1071 909 1114 non
920 1056 1012 1116 modo
1026 1056 1099 1128 culpa

94 1138 184 1207 nulla,
197 1137 253 1196 sed
264 1152 303 1196 ne
312 1135 448 1210 suspicio
461 1136 582 1211 quidem
592 1137 690 1210 potuit
701 1136 891 1207 consistere?
905 1137 1053 1213 Numquid
1061 1134 1099 1197 hie

92 1221 176 1281 atiud
188 1217 296 1278 videtis
313 1217 563 1292 obstareitoseio,
575 1219 634 1280 nisi
646 1221 730 1295 quod
740 1219 835 1295 patris
845 1221 927 1281 bona
937 1220 1099 1293 venieruutt

176 1302 249 1361 LIII.
274 1300 345 1364 153.
379 1302 494 1376 Quodsi
508 1303 541 1361 id
550 1319 608 1364 vos
626 1302 782 1378 suscipitis
796 1311 828 1363 ct
838 1319 905 1363 cam
918 1305 950 1364 in
962 1321 1025 1365 rem
1040 1317 1099 1379 opt·

94 1402 158 1444 ram
172 1392 306 1445 vestram
321 1385 518 1460 profitemini,
534 1385 562 1446 si
574 1385 690 1447 idcirco
705 1386 836 1460 sedetis,
853 1395 886 1447 ut
900 1388 1008 1449 advos
1019 1386 1107 1447 addu.

91 1477 198 1528 cantur
217 1484 324 1529 eorum
344 1467 446 1542 liberi,
471 1485 599 1542 quorum
618 1470 701 1530 bona
715 1469 890 1543 venierunt,
912 1478 1036 1543 cavete,
1055 1482 1101 1545 per

92 1554 170 1612 deos
190 1551 389 1624 immortales,
411 1551 547 1626 iudices,
567 1567 606 1612 nc
625 1569 706 1613 nova
726 1560 757 1612 et
771 1553 864 1614 multo
888 1553 1039 1615 crudelior
1055 1566 1100 1628 per

92 1652 150 1695 vos
162 1634 345 1710 proscriptio
359 1633 525 1695 instaurata
535 1651 605 1695 esse
616 1634 763 1695 videatur.
782 1636 866 1695 Iliam
874 1635 1016 1711 priorem,
1033 1650 1101 1713 quta

92 1720 173 1778 iacta
188 1728 235 1779 est
248 1719 278 1778 in
294 1733 364 1790 eos,
379 1717 430 1793 qui
444 1734 527 1777 arma
543 1734 652 1792 capere
666 1726 845 1793 potuerunt,
866 1727 966 1779 tamen
986 1726 1101 1779 senatus

91 1803 250 1876 suscipere
266 1800 376 1874 noluit,
391 1816 430 1860 ne
445 1799 519 1876 quid
531 1801 648 1875 acrius,
665 1818 757 1877 quarn
770 1817 855 1863 more
868 1802 1015 1863 maiorum
1029 1816 1100 1862 com·

91 1893 230 1960 paratum
246 1894 307 1958 cst,
328 1884 452 1959 publico
468 1884 596 1950 consilio
611 1886 723 1946 iactum
738 1883 906 1960 videretur,
926 1885 1004 1945 hauc
1025 1900 1101 1955 vero,

92 1985 172 2043 quae
188 1970 228 2028 ad
239 1985 343 2029 eorum
356 1967 469 2029 liberos
481 1976 573 2042 atque
586 1968 626 2027 ad
640 1967 798 2028 infantium
807 1984 972 2043 puerorum
985 1967 1101 2029 incuna-

91 2052 163 2111 bula
179 2051 321 2125 pertinet,
337 2050 396 2110 nisi
411 2051 470 2111 hoc
483 2049 596 2111 iudicio
621 2067 640 2108 a
660 2050 748 2112 vobis
768 2050 894 2112 reiicitis
915 2058 946 2111 et
964 2066 1101 2128 aspama-

90 2132 178 2204 mini‚
196 2133 311 2204 videte,
327 2149 383 2207 per
396 2135 473 2193 deos
487 2133 671 2192 immortales
679 2150 799 2209 ,quern
814 2134 846 2193 iu
863 2136 966 2196 iocum
978 2151 1042 2195 rem
1054 2150 1101 2211 pu·

90 2214 200 2273 blicam
214 2224 428 2289 perventuram
442 2215 563 2290 putetis.

175 2294 245 2358 154.
267 2297 413 2359 Homines
427 2297 581 2392 sapientes
596 2304 626 2357 et
641 2296 700 2357 ista
713 2298 892 2360 auctoritate
914 2308 945 2361 et
959 2284 1101 2376 potestate

90 2380 262 2454 praeditos,
279 2398 340 2455 qua
354 2398 411 2442 vos
423 2380 512 2451 estis,
533 2396 573 2439 ex
588 2379 699 2455 quibus
717 2384 810 2443 rebus
826 2382 959 2444 maxime
982 2399 1033 2444 res
1053 2398 1101 2457 pu·

89 2462 169 2523 blica
184 2464 347 2536 laborat,'
339 2463 377 2524 ris
391 2463 522 2524 maxime
537 2463 651 2523 mederi
667 2466 819 2527 convenit
862 2467 1010 2527 Vestrum
1021 2479 1101 2527 nemo

87 2556 137 2608 est
154 2546 227 2622 quin
241 2545 386 2620 intelligat
400 2547 546 2621 populum
558 2547 742 2622 Romanurn,
761 2550 814 2623 qui
829 2550 984 2624 quondam
1004 2549 1037 2609 in
1054 2548 1101 2609 iro·

90 2640 153 2692 stes
168 2629 344 2692 lenissimus
361 2629 602 2704 existimabatur,
623 2631 685 2691 hoc
696 2639 833 2706 ternpore
847 2632 1021 2693 domestica
1041 2648 1101 2692 cru·

87 2716 210 2776 delitate
223 2714 372 2775 laborare.
402 2713 487 2773 Hanc
501 2713 596 2774 tollite
608 2731 649 2774 ex
663 2713 793 2789 civitate,
807 2715 936 2790 iudices,
951 2716 1032 2776 hauc
1045 2710 1102 2791 pati

87 2797 180 2859 nolite
197 2799 311 2861 diutius
325 2798 356 2857 in
372 2797 429 2857 hae
449 2813 484 2855 re
499 2797 622 2871 publiea
637 2798 770 2858 versari=
793 2815 874 2874 quac
888 2817 952 2861 non
968 2798 1060 2860 modo
1074 2794 1101 2857 id

85 2878 177 2942 habet
193 2882 224 2942 in
240 2898 274 2942 se
287 2881 372 2955 mali,
390 2880 473 2957 quod
485 2887 530 2940 tot
543 2881 627 2942 cives
644 2880 835 2943 atrocissime
849 2883 986 2955 sustulit,
1004 2895 1102 2943 vamur

84 2959 176 3021 etiam
189 2964 362 3024 hominibus
378 2962 541 3025 lenissimis
556 2963 669 3025 ademit
687 2963 928 3026 misericordiam
941 2972 1101 3027 cousuetu-

85 3042 156 3104 dine
179 3045 448 3109 incommodoram.
495 3047 569 3108 Nam
594 3063 687 3121 quum
712 3047 851 3109 omnibus
861 3049 962 3115 horis
992 3042 1100 3144 aliquid

83 3127 227 3188 atrociter
246 3129 312 3191 lieri
333 3130 473 3192 videmus
486 3139 540 3191 aut
550 3130 707 3204 audimus
722 3131 813 3191 etiam
829 3132 882 3207 qui
893 3141 1002 3194 natura
1012 3128 1100 3191 mitis·

82 3208 153 3270 simi
169 3227 290 3285 sumus,
305 3209 487 3276 adsiduitate
500 3213 707 3275 molestiarum
721 3230 847 3277 sensum
863 3232 988 3279 omnem
1001 3216 1099 3277 huma-

83 3293 184 3356 nitatis
202 3310 243 3356 ex
256 3295 365 3359 animis
378 3299 581 3360 amittimus.-
