2340 3788
19 174 22 183 ¹
109 208 173 274 rao
411 208 484 268 rao
499 209 531 267 r.
548 207 680 268 suerro
697 206 847 268 canno.

109 380 220 440 meque
235 361 367 439 optabile
382 359 523 421 omnibus
538 358 621 418 sanis
637 356 768 429 ethonis
783 366 814 417 et
826 357 940 432 beatis,
956 376 1026 418 cum
1041 359 1140 437 digni·

108 457 170 511 tate
184 445 293 507 ocium.
322 446 387 505 Hoc
405 443 457 517 qui
474 444 591 514 volunt,
611 456 716 501 omnes
731 440 907 516 optimates:
926 442 978 516 qui
992 443 1140 519 efficiunt,

23 556 26 564 ·
110 529 217 594 summi
232 528 289 588 viri
303 535 333 588 et
348 532 582 588 conservatores
596 523 725 584 civitatis
742 532 892 599 putantur.
933 526 1040 600 Neque
1058 529 1138 587 enim

102 599 208 674 ‘rerum
224 611 424 686 gerendarum
441 594 585 683 dignitate
602 606 741 667 homines
755 606 857 666 eilerri
872 607 913 667 ita
928 611 1086 683 convenit,
1107 621 1139 672 ut

23 761 27 779 ‚
109 698 176 758 ocio
199 711 260 754 non
281 693 481 768 prospiciant,
507 707 608 766 neque
630 691 723 750 ullum
741 691 907 764 amplexari
930 692 1030 751 ocium
1054 697 1137 769 quod

10 808 26 849 ‚r
108 779 268 839 abhorreat
282 793 301 837 a
315 776 468 850 dignitate.
497 774 600 833 XLVI.
618 773 715 833 Huiu's
728 781 829 833 autem
843 774 967 835 ociosae
983 775 1137 849 dignitatis

61 856 69 872 ‘
107 863 184 922 haec
195 862 389 921 lundamenta
401 866 480 930 sunt,
493 857 568 917 haec
579 857 722 929 membra,
735 873 795 932 qua
825 859 937 949 tuendq
945 858 1136 939 principibus

108 954 138 1006 ct
150 947 198 1005 vel
213 943 323 1018 eapitis
338 941 474 1017 periculo
486 941 681 1000 delendenda
692 948 775 1000 sunt:
837 957 878 1014 igi
900 939 969 1014 nesi
981 936 1136 1021 auspicia,

8 1016 27 1085 'n
105 1036 274 1105 potestates
288 1026 531 1124 maggfipr'atuum,
548 1032 672 1107 senatus
685 1023 863 1095 auctoritas,
876 1025 960 1098 leges
969 1026 1063 1098 ,mos
1075 1044 1137 1085 ma·

106 1112 219 1183 iorum,
234 1109 358 1181 iudicia,
379 1092 577 1179 ruiis'di‘ctid,
591 1106 684 1175 fides,
701 1106 891 1180 provinciae,
910 1107 1003 1179 socii,
1019 1109 1137 1184 imperii

92 1184 189 1269 ¹laius,
214 1190 436 1260 res'militaris‚
460 1189 618 1248 aerarium.
663 1188 715 1249 99.
736 1189 848 1249 Harum
868 1206 968 1251 rerum
984 1200 1028 1253 tot
1044 1199 1137 1266 atque

106 1282 255 1338 tantarum
279 1289 349 1333 esse
376 1273 567 1332 defensorem
592 1281 622 1332 et
649 1280 808 1346 patronum
833 1275 934 1347 magni
961 1275 1053 1334 animi
1080 1284 1137 1348 est,

107 1358 207 1433 magni
227 1355 339 1431 ingenii
358 1370 547 1429 magnaeque
568 1355 766 1415 constantiae.
808 1357 924 1416 Etenim
940 1357 971 1416 in
992 1367 1075 1418 tanto
1094 1359 1136 1418 ci-

107 1440 188 1501 vium
209 1454 333 1500 numero
356 1453 464 1510 magna
487 1438 643 1497 multitudo
660 1446 709 1498 est
724 1453 843 1511 eorum,
869 1439 922 1514 qui
938 1449 990 1501 aut
1007 1450 1137 1516 propter

106 1532 219 1584 metum
232 1537 352 1597 poenae
367 1528 561 1596 peccatorum
573 1537 697 1581 suorum
709 1522 824 1581 conscii
837 1539 934 1583 novos
946 1531 1044 1583 motus
1062 1541 1137 1584 eon-

105 1606 327 1681 versionesque
344 1604 388 1664 rei
405 1603 545 1678 publicae
561 1612 723 1677 quaerant,
740 1612 791 1665 aut
806 1605 857 1679 qui
875 1615 995 1681 propter
1007 1605 1136 1666 insitum

106 1690 268 1766 quemdam
288 1686 379 1747 animi
399 1688 530 1748 lurorem
552 1687 713 1747 discordiis
735 1687 845 1748 civium
862 1706 897 1748 ac
914 1688 1060 1749 seditione
1078 1707 1137 1763 pa·

107 1781 244 1846 scantur,
269 1780 322 1831 aut
342 1769 394 1846 qui
416 1779 539 1847 propter
558 1770 790 1845 implicationem
810 1772 855 1831 rei
877 1772 1030 1832 familiaris
1051 1789 1137 1832 com·

1 1849 3 1864 '
99 1856 187 1918 ,muni
201 1854 342 1915 incendio
357 1854 461 1914 malint
475 1872 566 1928 quam
581 1870 637 1914 suo
649 1853 829 1929 deflagrare.
858 1856 915 1930 Qui
928 1873 1018 1949 quum
1030 1865 1136 1916 aucto·

4 1918 156 2021 ,ll'ssjffps
173 1946 290 2021 suntet
310 1938 405 1998 duces
425 1954 547 1997 suorum
570 1936 737 1998 studiorum
760 1928 1088 2014 vitiorumquenaetl'3‘
1107 1939 1136 1999 in

4 2006 51 2075 ἴω
77 2016 138 2082 ’Ὗέ
150 2016 271 2097 publica
283 2021 394 2081 fluctus
407 2022 584 2094 excitantur,
599 2030 630 2080 ut
642 2021 826 2094 vigilandum
840 2022 878 2082 sit
889 2023 935 2096 iis,
948 2023 999 2096 qui
1012 2022 1071 2081 sibi
1083 2040 1135 2097 gu·

104 2106 268 2165 bernacula
284 2104 397 2179 patriae
413 2105 668 2178 depoposcerunt,
688 2104 923 2179 enitendumque
939 2105 1021 2166 omni
1037 2106 1135 2165 scien-

105 2189 148 2248 tia
164 2205 200 2247 ac
221 2187 388 2262 diligentia,
415 2196 448 2247 ut
470 2188 659 2247 conservatis
681 2187 733 2258 iis,
761 2205 840 2262 quae
861 2205 918 2263 ego
941 2190 1044 2263 paullo
1066 2200 1135 2249 ante

105 2271 300 2330 lundamenta
317 2287 352 2329 ac
372 2271 505 2330 membra
521 2287 591 2330 esse
607 2269 685 2343 dixi,
706 2278 809 2330 tenere
828 2287 950 2332 cursum
968 2272 1092 2346 possint
1109 2281 1136 2331 et

106 2369 216 2428 capere
232 2353 290 2413 ocii
305 2353 388 2412 illum
406 2362 525 2428 portum
540 2362 570 2413 et
585 2352 747 2427 dignitatis.
778 2353 848 2416 100.
869 2357 955 2414 Hanc
970 2371 1029 2428 ego
1045 2356 1133 2425 viam,

103 2435 236 2508 iudices,
256 2436 282 2495 si
296 2445 347 2496 aut
361 2454 501 2512 asperam
516 2446 607 2512 atque
624 2438 748 2497 arduam
763 2448 816 2499 aut
829 2440 949 2520 plenam
965 2455 1038 2498 esse
1058 2438 1135 2512 peri·

30 2560 33 2565 -
63 2590 66 2595 ⁵
104 2522 240 2580 culorum
257 2529 308 2579 aut
327 2520 505 2580 insidiarum
527 2514 651 2597 negem,
675 2520 816 2594 mentiar,
838 2523 1018 2595 praesertim
1042 2539 1135 2596 quum

38 2654 40 2659 .
103 2603 136 2664 id
145 2602 210 2663 'non
225 2604 316 2663 modo
329 2603 526 2663 intellexerim
542 2620 672 2678 semper,
687 2605 845 2664 sedetiam
863 2615 983 2682 praeter
994 2615 1135 2667 caeteros

104 2684 261 2749 senserim.

185 2771 302 2829 XLVll.
322 2768 489 2830 Maioribus
512 2770 673 2845 praesidiis
697 2779 727 2831 et
746 2772 843 2846 copiis
868 2772 1069 2845 oppugnatur
1088 2789 1135 2831 res

102 2854 224 2928 publica
240 2869 330 2928 quarn
346 2853 531 2926 detenditur,
553 2863 717 2929 propterea
736 2857 821 2929 quod
843 2855 977 2914 audaces
993 2855 1135 2915 homines

104 2944 134 2996 et
153 2936 262 3011 perditi
283 2946 358 2997 nutu
377 2936 571 3013 impelluntur
587 2947 616 2997 et
636 2937 695 3012 ipsi
717 2940 807 2999 etiam
828 2946 938 3013 sponte
954 2955 1011 2998 sua
1029 2949 1137 2999 contra

102 3033 167 3076 rem
191 3020 342 3093 publicam
362 3021 536 3081 incitantur=
565 3020 637 3081 boni
657 3023 763 3082 nescio
787 3030 853 3097 quo'
869 3022 960 3081 modo
983 3023 1136 3083 tardiores

103 3108 175 3159 sunt
188 3111 218 3160 et
233 3102 388 3180 principiis
403 3121 503 3164 rernm
518 3104 665 3178 neglectis
681 3107 720 3165 ad
734 3115 901 3166 extremum
915 3104 987 3178 ipsa
1001 3105 1137 3185 denique

101 3182 285 3244 necessitate
304 3187 487 3259 excitantur,
513 3188 554 3247 ita
574 3196 682 3248 utnon
703 3207 867 3264 numquam
888 3187 1088 3251 cunctatione
1103 3204 1138 3247 ac

100 3267 266 3339 tarditate„
282 3269 353 3329 dum
373 3271 474 3330 ocium
497 3272 601 3330 volunt
621 3271 710 3330 etiam
735 3272 801 3331 sine
824 3274 968 3347 dignitate
993 3274 1138 3342 retinere,

99 3349 162 3424 ipsi
183 3359 342 3423 utrumque
362 3355 505 3412 amittant.
548 3353 617 3415 101.
641 3353 886 3429 propugnatores
905 3357 1070 3439 sapientiai
1084 3373 1137 3431 pu·

85 3429 190 3491 hlr'cae
211 3433 267 3511 qui
286 3450 360 3497 esse
376 3438 555 3512 voluerunt,
578 3436 605 3497 si
624 3438 756 3499 leviores
778 3447 862 3514 sunt,
888 3430 1088 3501 de‘sciscuirtz
1115 3438 1140 3500 si
