2340 3788
340 158 425 219 CAP.
440 164 574 223 tt-ns.
590 106 619 225 S.¹
632 163 760 221 ta-—tl‚
930 203 933 210 -
1005 157 1070 225 ³65

34 313 104 372 aula
120 307 252 381 Scantia,
269 306 342 383 quid
357 309 398 368 de
412 308 612 369 adolescente
625 307 659 365 P
675 305 789 382 Apinio
807 306 927 368 dinami
941 325 1070 405 quorum

10 393 155 508 5'utrique
169 399 301 452 mortem
310 399 358 451 ost
374 390 539 462 minitatus,
554 389 613 449 nisi
627 387 687 449 sibi
700 388 856 449 hortorum
867 391 1070 486 possessione

10 452 202 574 {cessissent
214 496 270 529 -ε
286 473 342 534 sed
357 488 468 534 ausum
483 487 556 533 esse
570 470 713 532 Furfanio
729 469 846 543 dloere,
862 472 890 532 si
904 472 962 534 sibi
976 491 1069 550 peon·

28 564 283 656 ammonariam
298 563 493 631 poposcerat,
513 570 575 613 non
591 552 739 626 dedisset,
755 561 906 615 mortuum
918 568 952 616 se
967 555 999 617 in
1014 559 1069 619 do-

10 618 117 757 Fijum
128 640 194 699 eius
211 639 378 710 illaturum,
400 654 462 712 qua
481 636 596 697 invidia
615 634 686 696 huic
706 642 791 696 asset
803 635 856 697 tali
871 636 938 696 viro
953 638 1068 699 eonfia-

10 700 196 817 {grandnm
221 740 274 798 qut
265 720 421 796 'Appium
446 721 583 794 fratrem,
603 716 755 779 bominem
777 716 850 779 mibi
873 718 1069 782 coniunctum

10 805 181 909 Jfidissima
194 804 306 880 gratia,
323 803 481 863 absentem
503 802 542 862 de
556 800 760 898 possessione
775 800 860 861 iundi
874 801 1000 863 deiecit:
1016 803 1069 878 qui

10 866 179 977 {parietem
191 887 237 947 sio
252 903 308 962 per
319 885 500 946 vestibulum
516 884 633 946 sororis
645 883 774 944 instituit
784 883 909 957 ducere,
921 883 967 944 sio
977 901 1069 959 agere

10 951 245 1075 3²,iundamenta
265 977 299 1030 ut
313 984 452 1028 sororem
469 983 531 1029 non
547 968 640 1028 modo
666 965 816 1028 vestibulo
836 967 985 1041 privaret,
1012 968 1069 1029 sed

10 1034 221 1193 flomnffirffi
224 1048 517 1217 ‚atllliimglgamquam
538 1133 615 1193 haee
631 1132 777 1208 quidem'
769 1150 827 1195 ram
842 1130 1053 1195 tolerabilia'
1023 1149 1069 1191 vt-

10 1200 200 1291 ‚fdebantun
224 1217 280 1277 etsi
295 1204 536 1292 aequabiliterin
550 1232 613 1275 rem
628 1217 796 1313 publicam,
818 1217 848 1277 in
868 1214 1022 1291 privatos,
1037 1213 1069 1275 in

10 1294 259 1395 *longinquom
250 1317 282 1358 m
295 1298 503 1374 propinquos,
520 1297 551 1359 in
567 1299 718 1374 alienoss
709 1317 741 1360 m
756 1315 832 1361 suos
848 1298 995 1371 irruebat,
1012 1298 1069 1361 sed

11 1448 14 1453 ,
30 1382 138 1443 nescio
156 1383 351 1456 quomodo
342 1398 402 1440 ram
416 1398 476 1443 usu
486 1382 671 1443 obduruerat
682 1391 712 1444 et
725 1384 926 1458 percalluerat
937 1379 1069 1441 civitatis

10 1462 221 1541 {incredibilis
240 1465 396 1539 pauentia.
440 1465 524 1538 Quae
542 1480 617 1525 vero
641 1466 769 1527 aderant
787 1467 847 1526 iarn
867 1473 898 1526 et
911 1463 1067 1539 impende·

10 1549 121 1633 Jbant,
142 1563 276 1622 quonam
290 1548 383 1610 modo
405 1563 443 1608 ea
459 1557 512 1609 aut
533 1548 688 1622 depellere
702 1547 882 1624 potuissetis
897 1554 950 1608 aut
966 1549 1068 1609 ferret

29 1629 195 1704 Imperium
211 1629 238 1690 si
258 1631 311 1691 ille
327 1638 437 1692 nactus
453 1638 553 1702 esset,
575 1631 678 1690 omitto
693 1633 813 1704 socios,
834 1638 955 1691 exteras
969 1630 1066 1691 natio-

29 1729 104 1785 nes,
117 1728 225 1787 reges,
239 1713 423 1773 tetrareham
449 1721 521 1772 vota
535 1710 615 1770 enim
629 1712 781 1785 laceretis,
795 1721 830 1773 ιιι
844 1711 875 1772 in
890 1726 946 1771 eos
961 1728 996 1771 se
1009 1729 1067 1787 po·
1085 1714 1097 1733 '

28 1794 92 1857 tius
106 1793 278 1854 immitteret
293 1810 383 1866 quam
406 1792 438 1852 in
458 1801 578 1853 vestras
599 1794 835 1867 possessiones,
857 1802 960 1853 vestra
976 1802 1067 1867 testa,

29 1884 152 1938 vestras
165 1876 331 1950 pecuniose
346 1873 495 1949 pecunias
510 1874 602 1939 dicut
621 1874 767 1949 alibaris,
781 1874 900 1936 medius
916 1873 1018 1946 lidius,
1036 1884 1067 1936 et

29 1979 52 2021 a
81 1957 262 2031 coniugibus
289 1957 402 2018 vestris
428 1973 592 2031 numquam
618 1956 669 2016 iile
690 1956 854 2018 effrenatas
874 1973 948 2018 suas
969 1955 1067 2017 libidi-

29 2059 89 2104 nes
119 2038 317 2101 cohibuisset.
365 2038 453 2115 Fingi
478 2040 556 2100 haee
582 2038 710 2115 putatis,
738 2057 818 2116 quae
844 2046 963 2115 patent,
987 2054 1068 2113 quae

28 2133 105 2187 nota
120 2131 190 2184 sunt
204 2123 353 2195 omnibus,
370 2139 450 2197 quae
463 2129 626 2185 tenenturt
641 2139 800 2184 servorum
814 2121 968 2183 exereitus
984 2120 1067 2183 illum
1123 2142 1127 2147 ·
1150 2142 1153 2147 ’

30 2209 64 2271 in
80 2207 156 2267 urbe
173 2205 416 2281 conscripturum
432 2206 542 2279 luisse,
558 2223 614 2281 per
630 2223 710 2282 quos
722 2215 816 2268 totam
829 2222 892 2267 rem
911 2204 1067 2281 publicam

28 2306 148 2365 resque
168 2287 304 2364 privatas
326 2290 468 2351 omniurn·
482 2288 679 2366 possiderem
703 2287 753 2352 77.
772 2289 869 2362 Quom
888 2289 929 2352 ob
950 2304 1015 2351 rem
1038 2287 1066 2350 si

30 2381 192 2434 cruentum
200 2372 332 2447 gladium
341 2379 449 2433 tenens
457 2374 601 2434 clamaret
607 2373 640 2431 T.
650 2373 784 2432 Annius:
796 2373 923 2445 Adeste,
937 2388 1067 2449 quaeso,

28 2465 125 2531 atque
141 2455 254 2528 audite,
271 2455 371 2516 cives:
385 2456 418 2516 P.
432 2455 569 2517 clodium
583 2454 737 2530 interfeci,
755 2456 822 2516 eius
837 2458 968 2529 furores,
986 2471 1065 2530 quos

29 2540 123 2600 nullis
144 2538 204 2599 iam
228 2538 365 2613 legibus,
394 2539 484 2599 nullis
505 2537 625 2600 iudiciis
647 2538 765 2598 frenare
787 2546 991 2612 poteramus„
1006 2537 1067 2598 lroo

29 2625 114 2683 ferro
130 2630 161 2682 et
175 2622 233 2682 hac
250 2623 378 2683 dextera
393 2638 411 2681 a
425 2620 597 2683 cervicibus
617 2619 729 2682 vestris
743 2620 880 2696 reppuli,
901 2627 1068 2695 permeat

28 2721 126 2767 unum
141 2704 205 2777 ius,
222 2705 376 2780 aequitas,
390 2696 491 2779 leges,
507 2704 645 2777 libertas,
660 2704 769 2779 pudor,
784 2702 930 2780 pudicitia
947 2702 978 2762 in
993 2701 1066 2763 eivi-

29 2795 95 2849 tate
112 2796 282 2848 manerentt
295 2796 380 2849 esset
393 2804 467 2849 varo
480 2787 655 2858 timendum,
672 2803 803 2861 quonam
819 2787 911 2848 modo
926 2785 959 2845 id
975 2786 1068 2846 terret

28 2868 157 2932 civitas!
179 2869 266 2931 iluna
280 2870 446 2945 enimquis
460 2878 508 2931 est
524 2869 649 2945 quinon
666 2868 792 2945 probet,
810 2870 862 2945 qui
877 2884 940 2928 non
954 2867 1066 2940 laudet,

30 2951 87 3027 qui
109 2967 169 3012 non
191 2969 285 3014 unum
306 2961 379 3028 post
396 2952 553 3015 hominum
573 2951 749 3013 memoriam
768 2955 802 3017 T.
816 2950 950 3012 Annium
973 2951 1066 3026 piuri-

28 3050 115 3095 mum
135 3032 180 3095 rei
200 3036 341 3110 publicae
362 3035 533 3112 proluisse,
553 3035 685 3097 maxima
704 3034 818 3096 laetitia
837 3036 987 3109 populum
1005 3035 1066 3095 Ro-

28 3132 170 3191 manum,
184 3119 470 3193 cunctamltaliam,
487 3118 627 3182 nationes
642 3134 750 3179 omnes
768 3117 923 3179 adiecisse
941 3116 1067 3179 etdieat

27 3209 63 3261 et
89 3200 220 3262 sentiatt
253 3202 319 3263 lion
342 3220 423 3278 queo
449 3209 553 3262 vetera
585 3201 637 3262 illa
664 3203 770 3277 populi
798 3200 927 3263 Romani
945 3199 1067 3277 gaudia

31 3293 147 3357 quanta
161 3284 273 3346 luerint
289 3284 439 3347 iudicare:
454 3286 562 3345 multas
579 3291 679 3347 tamen
693 3282 754 3345 iam
769 3300 953 3347 summorum
970 3284 1067 3357 impe·

27 3375 166 3428 satorum
178 3367 361 3429 clarissimas
371 3367 516 3432 victorias
530 3374 615 3429 oetas
629 3372 734 3430 nostru
745 3366 828 3443 vidit,
844 3383 973 3444 quorum
984 3366 1067 3428 nulla
