2340 3788
12 266 15 273 .
95 148 177 267 ''ato
303 132 334 149 '¹
393 132 489 291 ''qu
502 183 534 281 r.
549 181 680 243 susrro
696 181 878 277 <tl-asse..

96 296 190 397 ¹datia
214 335 324 409 quibus
337 331 451 394 utinam
464 331 541 407 ipsis
558 308 733 393 evenisse‘nt
746 347 904 557 suffitae
917 340 980 392 turn
994 333 1134 397 homines

46 462 50 469 .
111 416 315 495 precabantur
321 425 334 475 t.
350 431 452 488 neque
468 432 526 475 nos
539 415 726 491 provinciam
738 415 789 491 Illa
848 410 949 487 oniam
964 431 1035 475 eum
1048 434 1133 479 exer-

12 562 23 573 „
39 572 43 579 ¹
94 568 97 573 ,
112 501 173 565 citu
187 515 288 574 neque
303 499 467 574 equitatum
482 498 512 556 in
527 497 617 574 Syria
636 507 666 558 et
681 476 789 558 corlon
860 490 969 571 puteas
979 488 1132 583 perdidis—

80 654 83 659 ,
113 599 226 655 semus.
272 577 322 642 ta.
340 583 448 641 Ineunt
463 581 668 655 magistratum
683 580 793 641 tribuni
815 581 929 655 plebis,
956 574 1009 655 qui
1029 599 1132 644 omnes

113 660 149 728 se
159 666 198 726 de
210 680 259 724 me
269 664 512 741 promulgaturos
524 664 742 725 confirmarant.
763 664 810 721 Ex
823 665 861 723 iis
872 664 1018 744 princeps
1030 667 1133 727 emitur

112 751 151 810 ab
165 747 295 810 inimicis
309 747 394 820 meis,
409 746 452 817 is,
468 764 557 821 quern
571 745 708 808 homines
723 748 753 805 in
767 747 851 806 luctu
868 745 1030 808 irridentes
1044 749 1132 809 Grae·

32 834 35 839 '
63 814 79 839 ⁸
112 834 206 915 chum
216 832 381 921 uqcabautz
397 830 538 905 quoniam
553 830 585 889 id
599 830 688 890 etiam
703 830 795 889 iatum
809 829 940 889 civitatis
955 829 1025 904 luit,
1041 832 1133 891 utilia

112 932 153 975 ex
169 912 341 989 vepreculis
352 912 496 973 ‘exueste
509 912 643 991 nitedula
656 927 719 971 rem
739 911 890 987 publicam
908 921 1071 973 conaretur
1084 916 1133 973 ad-

66 1004 74 1017 *
91 990 232 1059 '‘mdere.
258 999 345 1057 Alter
357 1012 448 1068 vero,
465 995 590 1061 nonille
605 992 753 1058 Serranus
769 995 807 1053 ab
821 1002 936 1065 aratro,
955 995 1012 1055 sed
1030 1011 1069 1055 ex
1084 998 1132 1056 de-

112 1088 195 1141 serto
206 1080 292 1139 Gavii
303 1078 417 1140 Ofellus
429 1079 517 1155 berto
529 1076 634 1139 calatis
644 1076 747 1137 Gaviis
761 1073 791 1136 in
805 1077 956 1136 Calatinos
966 1077 1078 1138 Atilios
1092 1079 1133 1137 in·

113 1165 206 1237 situs,
226 1161 342 1232 subito,
363 1150 580 1223 nouiinlb'u‘s'in
594 1160 712 1221 tabutas
726 1159 844 1232 relatis,
865 1176 977 1219 nomen
992 1177 1080 1220 suum
1096 1162 1134 1220 de

113 1246 216 1307 tabula
231 1243 360 1304 sustulit.
394 1244 528 1304 Veniunt
539 1244 695 1306 Kalendae
710 1242 881 1302 Ianuariae:
909 1259 968 1302 vos
982 1244 1059 1303 haec
1072 1259 1135 1302 me-

15 1370 18 1375 ·
112 1328 173 1389 tius
184 1326 263 1387 scire
274 1328 417 1400 potestis=
432 1324 572 1400 equidem
583 1325 685 1385 audita
697 1326 781 1385 dico=
798 1341 876 1399 quae
890 1334 952 1385 tum
966 1326 1136 1401 frequentia

113 1418 254 1481 senatus,
273 1425 352 1482 quae
372 1409 559 1481 exspectatio
575 1408 696 1482 populi,
716 1408 769 1481 qui
784 1424 952 1468 concursus
969 1411 1136 1482 legatorum

114 1508 155 1551 ex
168 1491 253 1550 ltalia
266 1500 398 1562 cuncta,¹
411 1507 490 1581 quae
506 1491 616 1565 virtus,
631 1491 725 1563 actio,
742 1491 874 1564 manius
885 1491 917 1550 P.
931 1492 1049 1551 Lentuli
1064 1507 1135 1552 con—

114 1573 190 1633 sulis
204 1574 306 1644 merit,
329 1568 419 1633 etiam
433 1590 512 1647 quae
525 1575 661 1648 collegae
674 1573 741 1633 eius
753 1574 920 1655 moderatio
935 1574 973 1631 de
988 1589 1052 1631 me:
1083 1573 1137 1647 qui

114 1672 207 1731 quum
221 1655 390 1717 inimicitias
402 1656 460 1717 sibi
473 1672 592 1717 meeum
601 1672 641 1717 ex
653 1655 699 1715 rei
714 1657 852 1730 publicae
861 1653 1052 1717 dissensione
1065 1672 1136 1715 sus-

114 1748 221 1813 ceptae
242 1755 314 1800 esse
335 1738 477 1812 dixisset,
509 1756 564 1800 eas
583 1756 619 1800 se
638 1740 774 1814 patribus
795 1737 976 1813 conscriptis
1005 1736 1083 1797 dixit
1106 1747 1138 1797 et

113 1822 301 1896 temporibus
315 1822 360 1883 rei
373 1822 512 1898 publicae
529 1823 753 1898 permissurum.

197 1905 329 1965 XXXIV.
353 1903 402 1967 ta.
423 1907 497 1966 Turn
512 1907 655 1982 princeps
669 1914 793 1979 rogatus
809 1903 988 1964 sententiam
1000 1904 1035 1963 L.
1051 1904 1137 1964 Cotta

114 1987 192 2048 dixit
204 1988 245 2060 id,
262 1989 345 2065 quod
359 1989 568 2063 dignissimum
579 2005 613 2049 re
625 1988 745 2062 publica
757 1988 824 2059 luit,
840 1987 912 2046 nihil
927 1988 965 2046 de
976 2002 1026 2046 me
1037 1995 1137 2047 actum

115 2088 186 2131 esse
207 2072 287 2144 iure,
313 2070 386 2131 nihil
407 2088 489 2131 more
514 2072 675 2142 maiorum,
707 2071 778 2130 nihil
799 2070 932 2143 legibus:
957 2086 1020 2129 non
1042 2086 1137 2143 posse

115 2168 299 2228 quemquam
312 2155 350 2214 de
364 2154 483 2215 civitate
496 2155 561 2214 tolli
576 2155 642 2215 sine
656 2154 783 2213 iudicio:
799 2153 838 2210 de
852 2153 951 2226 eapite
966 2169 1028 2211 non
1044 2154 1137 2211 modo

115 2234 201 2307 ferri,
217 2237 273 2296 sed
287 2253 325 2295 ne
340 2237 466 2297 iudicari
482 2238 603 2311 quidem
619 2252 713 2313 posse
724 2237 783 2295 nisi
798 2236 926 2294 comitiis
945 2235 1136 2294 centuriatis:

115 2317 177 2374 virn
194 2318 290 2378 luisse
306 2319 403 2393 illam,
420 2319 571 2379 flammam
587 2326 750 2394 quassatae
763 2319 807 2377 rei
821 2318 961 2392 publicae
979 2318 1137 2392 perturba—

115 2408 275 2474 torumque
292 2411 458 2477 temporum
475 2405 539 2463 iure
555 2402 737 2476 iudiciisque
753 2401 894 2461 sublatis:
910 2417 1021 2474 magna
1035 2417 1138 2459 rerum

114 2484 339 2558 perturbatione
359 2486 552 2561 impendente
573 2484 744 2545 declinasse
758 2501 806 2543 me
823 2485 957 2558 paullum
973 2493 1005 2545 et
1017 2499 1077 2558 spe
1089 2499 1137 2541 re·

114 2566 218 2641 tiqir'ae
235 2568 455 2644 tranquillitatis
473 2578 650 2644 praesentes
671 2567 783 2628 fluetus
804 2575 1077 2640 tempestatemque
1092 2567 1138 2624 iu-

115 2651 214 2723 gissa:
237 2669 298 2725 qua
319 2669 367 2725 re,
385 2669 475 2727 quum
494 2652 605 2712 absens
618 2668 682 2711 rem
703 2651 855 2725 publicam
876 2667 936 2709 non
958 2649 1059 2708 minus
1073 2665 1137 2706 rna-

115 2733 183 2808 gnis
201 2736 344 2810 periculis
366 2753 454 2810 quarn
474 2736 605 2810 quodam
624 2744 761 2809 tempore
782 2748 929 2809 praesens
948 2733 1137 2801 liberassem,

115 2835 177 2878 non
200 2818 318 2879 restitui
334 2835 382 2878 me
402 2819 515 2890 solum,
543 2819 598 2878 sed
618 2820 707 2879 etiam
720 2816 828 2889 ¹ornari
852 2833 870 2875 a
892 2823 1001 2875 senatu
1014 2814 1138 2873 decere.

114 2900 288 2974 Disputavit
301 2902 391 2961 etiam
412 2903 504 2962 multa
521 2901 697 2976 prudenter,
719 2900 759 2961 ita
776 2900 815 2959 de
831 2915 879 2958 me
897 2899 979 2959 illum
994 2897 1138 2979 amentis-

116 2982 224 3044 simum
240 2993 270 3046 et
281 2983 559 3059 profligatissimum
571 2985 688 3045 hostem
699 2983 827 3058 pudoris
840 2988 869 3042 et
878 2978 1138 3067 pudicitiaq''scri-

116 3064 219 3137 psisse
232 3085 310 3142 quae
325 3070 498 3142 scripserat,
514 3068 551 3127 iis
565 3067 675 3138 verbis,
690 3068 793 3139 rebus,
807 3064 975 3137 sententiis,
990 3072 1032 3136 ut,
1048 3063 1139 3121 etiam

116 3145 144 3204 si
158 3145 222 3206 iure
240 3159 322 3211 esset
337 3160 490 3225 rogatum,
507 3160 605 3210 tamen
620 3149 680 3208 vim
692 3149 804 3208 habere
815 3164 874 3206 non
887 3156 1008 3222 possetz
1027 3162 1089 3219 qua
1106 3160 1139 3202 re

116 3245 179 3300 me,
196 3232 247 3303 qui
264 3236 345 3293 nulla
361 3237 428 3308 lege
442 3235 597 3304 abessem,
618 3249 679 3291 non
692 3231 808 3290 restitui
823 3232 904 3304 lege,
927 3232 983 3290 sed
997 3225 1139 3287 revocari

117 3321 243 3372 senatus
259 3317 436 3378 auctoritate
452 3325 601 3390 oportere.
636 3313 686 3376 74.
706 3314 792 3372 Hunc
808 3330 896 3373 nemo
912 3322 977 3372 erat
997 3311 1071 3386 quin
1088 3325 1137 3366 ve-

114 3394 236 3456 rissime
251 3398 362 3460 sentire
378 3399 500 3459 diceret.
531 3398 593 3458 Sed
607 3406 679 3476 post
694 3413 762 3456 eum
775 3406 900 3471 rogatus
913 3396 964 3455 Cn.
972 3392 1139 3469 Pompeius
