2340 3788
367 178 450 239 cAP.
466 187 594 242 rsa-te.
609 185 637 246 S·
650 188 779 243 88-44.
1020 178 1084 246 435

63 330 157 389 sellus
173 344 233 404 qua
248 327 325 389 facie
336 327 433 402 fuerit,
451 344 510 404 qna
524 336 646 400 statura,
663 344 724 404 quo
734 326 906 405 municipio,
923 333 1082 409 quatribu.

62 410 142 472 Nihil
158 411 232 485 scio,
246 409 358 487 inquis,
376 411 435 472 nisi
452 426 531 486 quae
544 412 670 487 praedia
682 411 831 472 habuerit
848 410 947 486 'Igitur
962 417 1083 477 hatrern

62 494 254 555 exheredans
269 504 298 555 te
312 493 443 556 faciebat
454 494 608 554 heredem.
638 495 676 554 ln
692 495 803 555 malms
817 502 976 569 praeterea
988 514 1082 574 pecu-

62 575 129 637 nias
144 575 395 638 alienissimorum
412 577 565 638 hominum
583 576 689 639 eiectis
711 575 795 637 veris
808 574 988 653 heredibus,
1007 590 1082 641 tam·

62 674 153 735 quam
166 659 257 722 heres
272 666 369 733 esset,
384 658 504 720 invasit
545 657 597 721 42.
612 659 800 736 Quamquam
812 660 872 721 hoc
887 660 1017 721 maxime
1029 665 1082 722 ad-

62 740 187 802 miratus
202 758 284 818 etum,
304 740 487 804 mentionem
502 750 535 803 te
548 741 748 805 hereditatum
762 758 871 805 ausum
886 745 1081 819 esse-lacere,

62 840 154 900 quum
170 824 238 900 ipse
253 821 450 885 hereditatem
465 823 560 900 patris
573 842 635 886 non
651 824 782 887 adisses.

66 918 69 923 ·
120 906 214 968 XVII.
230 908 315 968 Haec
329 913 361 966 ut
377 907 552 983 colligeres,
565 908 657 970 homo
670 906 891 982 amentissime,
911 916 956 970 tot
969 908 1036 969 dies
1050 907 1083 969 in

62 987 158 1049 aliena
178 991 249 1050 villa
268 990 465 1051 declamauit
486 1004 669 1067 quamquam
684 999 715 1052 tu
729 991 866 1066 quidem,
887 998 920 1052 ιιι
939 990 983 1051 tui
997 990 1083 1051 farni-

62 1071 212 1133 liarissimi
223 1071 372 1145 dictitent
387 1070 450 1133 vini
463 1074 640 1146 exhalandi,
656 1089 719 1133 non
728 1073 842 1148 ingenii
851 1072 980 1135 acuendi
990 1088 1084 1134 cauea

62 1154 223 1216 declamas.
257 1158 298 1216 At
315 1171 390 1216 vero
410 1154 566 1217 adhibes
557 1156 618 1217 roci
634 1172 728 1219 causa
738 1155 917 1254 magistrum
935 1154 1081 1232 suillagio

62 1246 110 1299 luo
127 1245 157 1298 et
171 1246 381 1313 compotorum
390 1246 510 1300 tuorum
522 1239 682 1311 rhetorem,
697 1239 747 1301 cui
763 1238 944 1300 concessisti
957 1248 991 1301 ut
1006 1238 1037 1300 in
1050 1246 1082 1299 te

62 1334 140 1395 quae
156 1320 244 1381 vellet
258 1319 380 1395 diceret,
395 1312 508 1384 salsum
520 1324 641 1384 omnino
652 1321 814 1397 hominem,
831 1324 886 1384 sed
898 1321 1022 1385 materia
1038 1322 1081 1382 fe·

62 1401 126 1463 cilis
142 1401 231 1463 estin
244 1410 273 1464 te
284 1403 358 1464 etrn
371 1412 443 1467 tuos
457 1405 537 1467 dicta
547 1406 658 1467 dicere.
674 1405 754 1468 Vide
764 1414 864 1467 autem
876 1405 951 1483 quid
965 1405 1083 1469 intersit

62 1492 136 1544 ,nter
146 1492 176 1545 te
184 1492 214 1546 cl
226 1502 316 1548 avum
329 1494 422 1549 tuum.
440 1488 494 1550 llle
507 1489 622 1551 sensim
635 1488 755 1552 dicebat
767 1489 851 1566 quod
864 1504 978 1551 causae
988 1489 1081 1566 prod-

62 1577 156 1629 esset:
175 1576 207 1629 tu
228 1570 342 1631 cursim
364 1571 441 1632 dicis
461 1570 569 1633 aliena.
611 1570 662 1633 43.
683 1574 725 1632 At
745 1579 858 1647 quanta
875 1586 995 1633 merces
1009 1573 1080 1633 rhe-

62 1648 116 1710 ;ori
125 1650 196 1711 data
211 1661 272 1712 estt
301 1652 423 1723 Audite,
438 1652 548 1723 audite,
562 1662 664 1727 patres
675 1653 850 1728 conscriptl,
865 1660 895 1714 et
904 1655 1082 1728 cognoscite

62 1736 101 1794 ei
116 1731 256 1807 publicae
269 1734 402 1792 vulnera.
426 1734 494 1792 lluo
505 1732 587 1792 milia
596 1733 734 1808 iugerum
747 1734 847 1810 campi
859 1734 998 1797 Leontini
1009 1736 1082 1796 Sex.

62 1813 164 1877 :lodio
177 1813 290 1874 rhetori
303 1812 470 1890 adsignasti
482 1822 513 1875 et
526 1813 648 1890 quidem
668 1814 826 1891 immunia,
847 1824 882 1878 ut
901 1818 1009 1892 populi
1021 1818 1081 1878 Ito

62 1895 140 1959 nani
152 1904 235 1957 ιιιιιι
254 1897 396 1958 mercede
417 1896 491 1956 nihil
511 1912 621 1973 sapere
641 1895 786 1959 disceres.
815 1899 893 1960 llum
907 1899 997 1960 etiam
1010 1899 1080 1973 hoc,

62 1991 150 2041 nomo
172 1979 389 2054 audacissime,
408 1995 447 2040 ex
468 1978 608 2042 cassans
629 1979 874 2043 commentariist
900 1980 964 2043 Sed
983 1979 1083 2042 dicam

62 2062 117 2124 alio
144 2064 213 2125 loco
236 2070 267 2123 et
286 2063 326 2124 de
343 2025 490 2126 Leontino
512 2078 586 2140 agro
609 2071 640 2126 et
662 2064 702 2126 de
718 2065 889 2140 campano·
917 2081 997 2141 quos
1024 2065 1083 2125 iste

62 2160 150 2221 agros
171 2152 299 2242 ereptos·
313 2163 358 2208 rer
349 2145 512 2222 publicae
525 2145 710 2224 turpissimis
730 2147 993 2224 possessoribus
983 2145 1082 2223 mqui-

62 2227 149 2289 1avit.
174 2229 237 2288 lam
250 2226 339 2304 enim,
360 2230 502 2307 quoniam
513 2229 688 2293 criminibus
703 2230 770 2293 eius
784 2231 858 2292 satis
870 2231 1028 2308 respondi,
1043 2231 1082 2291 de

62 2328 127 2387 pso
141 2311 336 2374 emendatore
346 2320 376 2372 et
388 2323 561 2376 correctore
575 2322 681 2377 nostro
695 2314 845 2391 quaedam
858 2312 989 2377 dicenda
1002 2322 1081 2377 sunt.

62 2396 119 2455 ‚tec
136 2393 215 2455 enim
231 2395 332 2456 omnia
348 2395 517 2472 elitandum,
537 2404 585 2471 ut,
607 2397 634 2459 si
655 2399 779 2475 saepius
799 2397 1015 2459 decertandum
1033 2400 1081 2468 sit,

62 2486 90 2540 ιι
104 2479 176 2552 erit,
198 2488 319 2554 semper
338 2496 437 2543 novus
451 2479 585 2541 veniam=
604 2497 696 2558 quam
711 2482 882 2542 facultatem
896 2479 968 2541 mihi
984 2480 1081 2541 multi·

62 2560 131 2623 udo
146 2559 234 2623 istius
249 2562 389 2623 vitiorum
405 2573 663 2641 peccatorumque
678 2564 811 2641 largitur.

116 2644 222 2706 xvltl.
243 2643 294 2707 44.
308 2646 405 2707 Visne
419 2644 508 2721 igitur
518 2654 548 2708 te
560 2645 759 2724 inspiciamus
773 2663 792 2708 a
805 2651 925 2723 pueros
949 2643 1001 2706 Sic
1016 2642 1082 2720 opi-

62 2742 127 2789 ter:
144 2744 163 2787 a
179 2727 328 2805 principio
343 2727 505 2791 ordiamur.
542 2728 682 2792 Tenesne
696 2728 843 2792 memorie
856 2734 1080 2806 praetextatum

62 2827 86 2872 ,ι
105 2810 290 2874 decoxisse!
307 2811 417 2887 Patris,
437 2810 572 2888 inquies,
591 2812 651 2875 ista
667 2814 758 2891 culpa
770 2822 827 2875 est.
856 2812 1008 2874 Concedo.
1031 2810 1082 2871 Et·

62 2892 118 2954 rim
134 2903 182 2955 est
198 2894 317 2970 pietatis
333 2897 423 2971 plena
444 2895 592 2957 defensio.
623 2896 702 2958 lllud
717 2906 818 2959 tamen
833 2894 982 2957 audaciae
1000 2904 1081 2968 tuae,

62 2977 142 3053 quod
162 2976 270 3039 sedisti
291 2978 321 3039 in
343 2976 584 3054 quattuordecim
608 2978 781 3054 ordinibus,
803 2994 897 3056 quum
911 2986 996 3039 esset
1014 2979 1082 3053 lege

62 3058 171 3123 Roscia
185 3060 400 3123 decoctoribus
415 3067 517 3123 certus
531 3063 618 3123 loeus
632 3062 831 3136 constitutus,
856 3060 995 3137 quamvls
1011 3061 1082 3137 quis

62 3145 196 3205 brtunae
210 3142 374 3219 vitio„non
390 3160 448 3206 suo
463 3145 647 3207 decoxisset
672 3144 836 3222 Sumpsisti
849 3143 975 3218 virilem,
991 3158 1082 3219 quam

62 3226 156 3287 rtatim
171 3226 347 3289 muliebrem
359 3238 460 3303 togam
472 3226 642 3290 reddidisti.
677 3228 777 3289 Primo
791 3228 917 3302 vulgare
931 3236 1080 3288 scortum=

62 3318 139 3371 terta
153 3308 259 3386 flagitii
273 3326 405 3385 merces,
421 3327 478 3372 nec
493 3327 531 3372 ea
543 3326 655 3387 parva.
670 3312 726 3373 sed
736 3313 794 3372 cito
806 3309 897 3373 durio
910 3306 1082 3384 intervenit,

62 3391 109 3469 qui
122 3401 153 3454 te
169 3392 368 3456 ameretricio
385 3404 515 3471 quaestu
534 3394 661 3456 abduxit
680 3402 711 3457 ct
730 3403 885 3536 ww
906 3393 1014 3456 stolam
1028 3391 1079 3453 de
