2340 3788
336 213 567 281 censo-aa.
588 221 762 282 son-ol.
1001 218 1063 285 ml
1149 288 1155 295 .

16 381 87 427 nos
107 361 232 439 quidem
248 365 474 437 contemnendi,
496 364 548 441 qui
559 375 713 427 auctorem
731 364 861 442 odimus,
873 379 943 432 aeta
956 372 1062 433 delen·

18 450 141 509 dimus.
184 447 334 507 XXXVIII
359 445 409 510 97.
431 448 509 522 Quid
534 463 593 523 ego
618 450 657 509 de
678 449 903 511 commentariis
924 453 1059 530 infinitis,

24 531 104 606 quid
119 531 159 589 de
173 527 444 592 innumerabilibus
459 531 815 614 ehirograpbisloquarl
831 548 960 608 quorum
971 538 1060 598 attam

24 613 188 674 Institutas
212 623 296 686 sunt,
320 614 372 688 qui
390 630 427 674 ea
441 623 595 690 tamquam
607 616 808 689 gladiatorum
826 615 946 676 libellos
961 621 1060 692 palem

25 695 195 757 venditent.
222 698 328 773 Itaque
343 699 415 758 tanti
430 692 533 758 acervi
549 713 709 759 rumorum
723 699 806 774 apud
819 698 911 760 istum
926 707 1063 760 constru-

26 789 136 852 untur,
157 778 270 839 utiam
290 780 518 855 expendantur,
536 797 597 842 non
619 791 813 843 numerentur
831 782 991 858 pecuniae.
1023 783 1065 844 nt

30 878 121 938 quarn
135 877 229 922 caeca
242 861 370 923 avaritia
385 872 445 924 estt
465 865 569 939 Nuper
582 865 644 924 fixa
658 865 760 926 tabula
774 874 830 938 est,
848 882 910 940 qua
926 862 1064 925 civitates

28 945 290 1022 locupletissimae
302 946 491 1008 Cretensium
506 947 705 1021 vectigalibus
720 947 893 1023 liberantur,
911 949 1063 1008 statulttu-

24 1046 106 1104 ¹oue,
128 1045 168 1089 ne
192 1035 263 1103 post
282 1029 322 1087 Μ.
343 1029 466 1090 Brutum
488 1032 705 1104 proconsulem
724 1031 764 1090 sit
785 1031 872 1093 Grata
895 1031 1063 1106 provincia

28 1111 71 1174 Tu
87 1113 198 1172 mentIs
214 1128 249 1173 es
265 1119 415 1186 compost
433 1119 467 1174 tu
483 1128 545 1173 non
563 1114 839 1187 constringendust
857 1116 907 1173 An
923 1111 1063 1174 Caesaris

28 1196 154 1256 decreto
172 1195 260 1255 Creta
280 1202 352 1270 post
366 1193 407 1253 ll.
420 1194 509 1256 Bruti·
521 1195 683 1256 decessum
699 1195 798 1271 potuit
812 1196 947 1271 liberari,
970 1210 1063 1272 quum

29 1278 119 1339 creta
138 1277 211 1337 nihil
234 1278 272 1336 ad
290 1278 416 1337 Brutum
438 1276 570 1338 caesare
588 1278 660 1340 vivo
686 1281 874 1354 pertineret?
906 1282 947 1341 At
972 1278 1063 1339 hulus

25 1360 206 1421 'venditione
226 1360 397 1421 decreti-
412 1377 450 1421 ne
472 1360 545 1421 nihil
568 1371 669 1423 actum
690 1361 803 1438 putetis
817 1396 859 1409 -
873 1362 1074 1438 provincIam·

27 1445 146 1505 cretam
166 1443 352 1518 perdiolsos.
389 1442 517 1505 Omnino
539 1461 628 1506 nemo
645 1445 736 1507 ullius
750 1445 795 1507 rei
810 1446 865 1507 luit
880 1455 1000 1523 emptor
1014 1443 1063 1506 cui

27 1525 158 1588 deluerit
178 1527 227 1586 hic
246 1525 398 1588 venditor.
441 1527 492 1588 98.
514 1528 552 1588 Et
572 1530 611 1588 de
639 1528 797 1589 exsulibus
823 1531 937 1605 legem,
971 1544 1063 1604 quarn

28 1608 139 1681 fixisti,
162 1610 275 1671 Caesar
290 1609 378 1670 tulit‘l
408 1609 527 1669 Nullius
550 1609 685 1670 insector
705 1609 918 1670 calamitatem:
946 1621 1062 1674 tanturn

31 1707 159 1766 queror,
183 1691 313 1764 primum
328 1704 434 1751 eorum
448 1689 563 1749 reditus
580 1689 772 1763 inquInatos,
795 1708 923 1764 quorum
939 1709 1062 1754 causam

29 1775 142 1836 Caesar
162 1771 341 1832 dissimilem
361 1770 517 1832 iudicarits
539 1770 650 1830 deinde
665 1772 771 1831 nescio
787 1786 842 1832 cur
859 1789 920 1832 non
935 1773 1062 1848 reliquis

29 1856 111 1918 idem
124 1853 249 1916 tribuas.
279 1855 390 1934 Neque,
402 1853 482 1914 enirn
497 1855 568 1928 plus
585 1869 676 1927 quam
691 1861 754 1913 tres
769 1865 821 1914 aut
836 1854 977 1929 quattuor
994 1857 1063 1916 reli·

31 1943 80 2016 qul
99 1946 178 1999 sunt.
209 1937 266 2012 Qui
280 1937 369 1998 simili
384 1938 414 1998 in
434 1937 602 1998 calamitate
618 1945 703 2010 sunl,
720 1951 773 1996 cur
788 1943 840 1996 lua
854 1936 1063 1998 misericordia

31 2023 119 2084 simili
139 2037 201 2081 non
223 2024 384 2083 fruuntur?
405 2037 461 2083 cur
481 2037 537 2082 eos
557 2020 653 2081 habes
673 2021 704 2079 in
719 2021 787 2080 loco
806 2019 927 2095 patruit
947 2020 986 2081 de
1001 2035 1062 2094 quo

29 2109 138 2179 ferre,
155 2122 248 2180 quum
277 2106 318 2164 de
339 2103 467 2180 reliquis
486 2105 598 2178 lennes,
627 2103 766 2165 noluistis
801 2118 891 2177 quem
913 2102 1002 2162 etiam
1023 2102 1064 2162 ad

30 2205 190 2251 censuram
201 2188 365 2264 petendam
377 2186 531 2264 impuIIsti,
547 2186 858 2262 eamquepetitionem
869 2184 1061 2260 comparasti,

32 2289 111 2349 quae
126 2279 157 2332 et
170 2273 252 2332 risus
268 2269 424 2331 hominum
442 2281 472 2332 et
486 2273 627 2346 querelas
643 2277 790 2331 moveret.
823 2268 873 2336 99.
890 2269 950 2330 Cur
962 2278 1063 2330 autem

29 2374 64 2418 ea
89 2354 212 2416 camilla
233 2371 293 2414 non
315 2353 470 2415 habuisti?
490 2370 530 2413 an
554 2353 626 2430 quia
639 2353 777 2414 tribunus
792 2354 890 2426 plebIs
908 2351 1061 2414 sInistrum

26 2440 143 2502 lulmen
167 2437 351 2498 nunclabatt
378 2437 474 2512 Quum
494 2446 546 2498 tue
568 2437 640 2512 quid
663 2437 803 2507 Interest,
823 2438 906 2496 nulla
926 2434 1064 2508 auspicia

26 2531 116 2586 sums
139 2539 231 2596 quum
252 2529 386 2596 tuorum,
408 2529 470 2581 tum
490 2521 535 2580 fis‘
548 2519 722 2594 religiosus.
758 2518 857 2592 Quldr
876 2518 1016 2578 eumdem
1031 2515 1064 2575 in

24 2605 249 2683 septemviram
265 2620 368 2665 nonne
383 2602 567 2664 destitulstil
581 2601 742 2663 intervenit
756 2601 845 2675 enim,
863 2599 912 2661 cui
922 2596 1064 2664 metuisti.

23 2691 141 2761 eredo,
161 2706 201 2749 ne
220 2690 308 2751 salvo
330 2686 431 2762 capite
451 2702 565 2762 negare
586 2703 648 2746 non
667 2701 792 2761 posses.
825 2682 970 2744 Omnibus
994 2696 1064 2742 eum

24 2773 222 2837 contumeliis
244 2771 393 2842 onerasti,
415 2787 505 2846 quem
527 2769 620 2844 patris
641 2771 726 2844 loeo,
750 2769 776 2850 si
799 2768 861 2829 ulla
875 2769 905 2826 in
921 2774 950 2827 te
964 2763 1062 2839 pletas

23 2865 132 2931 esset,
156 2858 257 2917 colere
271 2855 417 2916 debebas.
450 2851 555 2913 Filiam
569 2855 652 2927 eius,
668 2866 805 2913 sororem
822 2861 918 2922 tuam,
935 2845 1061 2920 eiecisti,

23 2940 90 3004 alia
106 2939 287 3000 condicione
302 2936 440 3015 quaesite
455 2945 485 2997 et
500 2944 569 2997 onte
584 2944 758 3012 prospecta.
780 2934 847 2994 Non
861 2942 908 2993 est
919 2930 1005 2993 satis
1020 2960 1062 2975 -

22 3023 138 3086 Probri
164 3023 345 3085 insimulasti
365 3018 594 3097 pudicissImam
617 3019 769 3079 laminam.
814 3015 893 3090 Quid
912 3022 960 3075 est
980 3012 1064 3088 quod

24 3107 104 3168 addi
114 3107 240 3182 possitl
260 3110 421 3168 contentus
436 3120 475 3164 eo
491 3118 552 3163 non
567 3102 660 3164 luisti
681 3099 941 3177 Frequentissimo
956 3103 1064 3157 senatu

23 3192 179 3253 Kalendis
192 3190 340 3251 Ianuariis
354 3189 482 3250 sedente
495 3194 606 3263 patruo
628 3185 708 3246 banc
720 3182 774 3244 tibi
798 3198 869 3244 essa
884 3196 953 3242 cum
973 3178 1063 3273 Dola·

25 3276 112 3336 bello
137 3290 262 3335 causam
287 3271 350 3334 odii
374 3271 477 3332 dicere
497 3286 592 3331 ausus
614 3285 664 3342 es,
691 3266 775 3343 quod
795 3265 834 3325 ab
856 3279 894 3326 ao
913 3276 1013 3344 soron
1034 3264 1065 3318 et

24 3359 120 3419 uxori
142 3366 213 3418 tuae
233 3365 370 3432 stuprum
392 3356 525 3414 oblatum
547 3368 618 3414 csse
633 3347 849 3426 comperisses.
886 3344 960 3421 Quis
973 3344 1064 3402 inter

24 3439 146 3518 precari
163 3447 279 3517 potest,
302 3436 558 3543 impudendorne,
582 3434 635 3512 qui
648 3434 678 3496 in
694 3441 802 3497 senatu
809 3423 1064 3576 ssnsimpmbm’
