2340 3788
284 143 287 150 ’
329 178 411 240 our.
426 187 557 280 6-6
578 186 605 248 s
621 191 753 249 sn--aa
994 190 1057 261 187

13 329 139 391 crimen
168 326 339 389 adducitur
393 325 445 392 56.
473 330 557 403 Quae
580 348 673 406 quum
700 331 761 395 sint
780 336 897 410 gravia,
927 334 1057 413 iudIces,

16 421 85 474 turn
106 409 185 470 illud
202 397 435 473 acerbissimum
461 421 524 486 est,
552 415 636 488 quod
657 414 749 476 habet
771 433 827 480 eos
847 428 1055 495 accusatores,

16 511 83 557 non
104 492 159 569 qui
181 490 278 553 odIo'
270 492 492 575 6666666666
507 496 553 555 ad
567 497 790 569 accusandum,
813 502 870 561 sed
884 501 937 576 qui
953 503 1056 565 studio

18 574 194 639 accusandi
221 575 262 635 ad
287 576 459 638 inimicitias
488 579 720 649 descenderent.
773 583 848 642 llam
869 592 902 644 ut
921 585 1057 647 omittam

19 659 167 721 Servium
181 656 365 734 SquIcium,
387 678 478 736 6666
496 660 630 737 intelligo
652 679 713 724 non
728 662 883 726 iniuriaL.
897 665 1054 741 Murenae,

20 745 80 806 sed
92 742 229 803 -honoris
250 741 445 804 contentione
465 752 652 819 permotum,
676 755 801 807 accusat
822 755 967 823 paternus
982 751 1055 811 ami-

21 842 96 899 cus,
118 826 172 887 66.
185 824 377 898 Postumius,
397 835 503 900 vetus,
517 835 551 887 ut
566 827 608 889 ait
621 827 704 904 ipse,
725 829 845 892 vicinus
859 846 897 890 66
911 846 1055 893 necessa·

20 909 102 971 rius·
124 908 177 983 qui
191 908 430 971 necessitudinis
452 926 562 970 causas
579 913 752 986 complures
766 912 904 987 protulit,
921 913 1056 975 simulta

22 993 59 1054 tis
74 991 191 1052 nullam
206 1007 445 1053 commemorare
459 993 573 1069 potuit:
589 1005 715 1056 accusat
730 996 796 1056 Ser.
813 994 983 1092 Salmous,
1004 1013 1057 1056 so-

23 1074 104 1136 dalis
120 1073 185 1151 lilii,
202 1075 289 1145 cuius
305 1074 427 1151 ingenio
442 1076 561 1152 paterni
575 1093 683 1138 omnes
698 1078 866 1140 necessarii
876 1077 1057 1139 66666666
1089 1150 1091 1154 ,

21 1174 94 1220 esse
118 1138 285 1219 debebant:
311 1168 438 1221 accusat
452 1161 492 1220 Μ.
509 1161 597 1232 Cato,
620 1161 673 1236 qui
691 1179 874 1238 66666666
894 1161 1056 1222 6Μι6666

20 1242 106 1303 nulla
125 1256 160 1300 re
177 1257 322 1316 666666
343 1242 462 1305 alienus
485 1244 554 1317 luit,
582 1253 683 1305 tamen
704 1262 741 1306 ea
762 1244 943 1306 condIoione
964 1243 1055 1304 nobis

20 1332 87 1386 erat
106 1322 139 1385 in
159 1323 218 1384 hac
233 1323 355 1387 ciuitate
369 1335 475 1401 natus,
496 1335 530 1388 ut
543 1326 610 1388 eius
626 1344 720 1403 opes,
744 1338 778 1390 ut
794 1328 948 1404 ingenium
965 1343 1055 1402 prae·

21 1406 104 1469 sidio
131 1405 234 1468 multis
266 1407 356 1469 6666
387 1412 509 1484 alienis,
547 1410 641 1472 exitio
676 1412 728 1472 vix
757 1412 899 1488 cuiquam
930 1410 1054 1472 inimico

21 1506 94 1551 esse
109 1490 244 1552 deberet.
274 1488 326 1555 57.
347 1495 555 1571 Respondebo
570 1493 661 1569 igitur
673 1495 827 1556 Postumio
843 1496 982 1571 primum,
1001 1493 1056 1569 qui

21 1572 128 1634 nescio
147 1591 208 1650 quo
223 1575 402 1649 pacto-mihi
417 1577 538 1638 videtur
553 1578 724 1651 praetorius
740 1579 919 1640 candidatus
933 1577 965 1639 in
980 1593 1054 1638 con-

21 1658 153 1717 sularem
186 1659 275 1732 quasi
307 1661 493 1720 desultorius
512 1658 543 1718 in
568 1660 783 1735 quadrigarum
805 1662 987 1722 curriculum
1008 1659 1054 1720 in·

21 1755 154 1801 currere.
199 1740 291 1800 Cuius
307 1741 529 1814 competitores
543 1739 572 1799 si
591 1740 665 1799 nihil
688 1743 896 1837 deliquerunt,
916 1743 1056 1817 dignitati

21 1839 129 1883 eorum
146 1821 310 1892 concessit,
326 1839 419 1895 quum
431 1830 536 1895 petere
551 1821 679 1881 destitit:
702 1823 749 1884 sin
765 1833 865 1885 autem
880 1840 987 1893 eorum
999 1825 1057 1885 aliz

20 1903 91 2002 quis
102 1901 238 1997 'largitus
253 1909 315 1974 est,
336 1904 527 1979 expetendus
542 1903 658 1962 amicus
673 1913 720 1965 est
739 1905 792 1979 qui
806 1906 935 1965 alienam
951 1904 1055 1979 potius

19 1986 162 2048 iniuriam
178 1999 269 2058 quam
285 2000 371 2045 suam
389 1993 601 2062 persequatur.

105 2068 151 2127 Ds
165 2067 311 2127 Posruurr
326 2085 505 2135 6666666.
538 2069 583 2130 Du
601 2067 707 2128 Ssnvrr
722 2084 948 2132 nuouuscsmrs.

104 2151 239 2211 XXVIII.
254 2148 304 2214 58.
325 2152 424 2214 Venio
445 2169 527 2214 nuno
546 2152 586 2212 ad
604 2152 644 2215 M.
662 2152 820 2228 catonem,
842 2156 925 2227 quod
942 2161 990 2214 est
1002 2152 1055 2214 lir-

19 2243 204 2296 mamentum
219 2251 255 2295 ac
269 2235 363 2296 robur
376 2236 469 2301 totius
482 2235 702 2297 accusationis=
720 2235 772 2312 qui
782 2244 882 2297 tamen
894 2237 936 2299 ita
949 2235 1054 2312 gravis

19 2327 66 2379 est
81 2326 244 2379 accusator
259 2327 289 2379 et
306 2319 479 2394 vehemens,
497 2329 530 2382 ut
542 2321 635 2382 multo
650 2319 747 2396 magis
762 2320 829 2381 elus
844 2321 1059 2385 auctoritatem·

20 2417 113 2476 quam
134 2398 373 2462 ruminationem
392 2403 614 2476 pertimescam.
648 2404 680 2461 ln
706 2420 767 2478 quo
789 2419 846 2478 ego
861 2412 1052 2476 accusatore,

18 2483 147 2556 iudices,
159 2483 290 2560 primum
300 2485 376 2545 illud
387 2481 586 2560 deprecabor,
598 2501 636 2544 ne
644 2486 758 2560 quldL.
765 2487 909 2548 Murenae
920 2484 1056 2560 dignitus

17 2566 116 2639 illius,
138 2576 178 2627 'ne
199 2568 273 2642 quid
294 2568 484 2643 exspectatio
498 2569 684 2643 tribunatus,
707 2586 746 2629 ne
768 2569 842 2644 quid
858 2569 951 2645 totIus
973 2565 1055 2626 vitae

18 2650 169 2724 splendor
184 2658 214 2711 et
228 2650 362 2725 gravitas
378 2658 502 2725 noceat,
526 2651 659 2727 denique
674 2669 712 2712 ne
733 2668 770 2712 ea
785 2651 843 2712 soli
860 2652 931 2712 hnic
952 2648 1055 2710 obsint

17 2734 102 2792 bona
115 2733 155 2791 M.
171 2732 309 2806 catonis,
327 2749 406 2809 quae
419 2733 470 2794 ille
487 2735 617 2809 adeptus
632 2744 693 2808 est,
717 2743 750 2796 ut
762 2733 863 2795 multis
879 2732 1055 2808 prodesset.

16 2816 73 2876 Bis
88 2818 197 2876 consul
215 2817 313 2877 luerat
325 2815 356 2876 P.
370 2815 534 2880 Africanus
555 2826 585 2878 et
601 2817 680 2878 duos
699 2826 832 2879 terrores
849 2815 939 2875 huius
956 2812 1054 2887 impe·

16 2897 70 2970 rii,
86 2898 303 2976 Karthaginem
316 2899 581 2975 Numantiamque,
599 2899 768 2973 deleverat,
788 2914 881 2974 quum
896 2894 1055 2958 accusavit

16 2981 51 3040 L.
68 2980 195 3041 Cottam.
224 2983 296 3041 Erat
310 2981 340 3041 in
352 2999 389 3043 eo
404 2998 521 3043 summa
536 2983 718 3057 eloquentia,
736 2997 854 3042 66666
867 2980 954 3053 fides,
970 2995 1053 3040 sum-

16 3080 69 3123 ma
84 3063 255 3139 integritas,
278 3065 442 3126 auotoritas
456 3074 539 3126 tanta
554 3073 667 3141 quanta
680 3065 711 3124 in
726 3064 854 3140 imperio
869 3062 977 3139 populi
991 3065 1052 3124 Ro-

17 3148 115 3221 mani,
138 3149 222 3222 quod
237 3147 318 3208 illius
333 3164 428 3224 opera
442 3150 608 3210 tenebatur.
643 3148 745 3223 Saepe
760 3148 819 3208 hoc
833 3147 965 3208 maiores
979 3152 1054 3206 natu

17 3230 123 3297 dicere
134 3229 245 3303 audivi,
263 3231 342 3292 hanc
358 3233 545 3293 accusatoris
557 3230 699 3292 eximiam
710 3230 781 3303 vim,
797 3230 972 3306 dignitatem
985 3232 1051 3304 plu-

16 3311 128 3373 65666
142 3314 175 3373 L.
188 3312 292 3375 cottae
306 3314 471 3389 profulsse.
495 3314 663 3377 Noluerunt
672 3312 891 3389 sapientissimi
901 3311 1052 3382 homines,

18 3396 72 3470 qui
92 3405 155 3457 tum
170 3413 234 3457 rem
250 3397 332 3458 illam
351 3395 538 3471 iudicabant,
563 3397 605 3458 ita
625 3413 810 3473 quemquam
827 3397 938 3458 cadere
960 3393 991 3453 in
1006 3390 1052 3453 itu
