2340 3788
394 192 481 253 ‘CAR
496 199 591 255 1-3.
605 196 631 259 8·
646 199 740 257 1-1.
1046 180 1088 245 M

62 352 148 407 sent:
171 356 266 403 unum
276 337 432 416 cupidinis
447 356 648 403 marmoreum
661 339 808 405 Praxiteli.
837 341 981 404 Nimirum
994 342 1085 404 didici

62 428 170 497 etiam,
187 426 259 485 dum
276 422 306 484 in
320 423 410 484 istum
424 423 559 499 inquiro,
573 422 722 483 artificum
736 423 867 487 nomina
897 427 998 501 Idem,
1019 426 1085 502 opi·
1146 472 1149 477 ·

62 520 134 583 nor,
161 507 272 568 artifex
295 506 431 567 eiusdem
450 506 533 568 modi
558 505 737 581 Cupidinem
753 506 823 568 lecit
841 509 938 581 illum,
965 508 1018 586 qui
1037 517 1086 578 est

62 590 215 667 Thespiis,
229 597 355 666 propter
372 607 463 665 quern
479 588 628 664 Thespiae
641 587 794 650 visuntur=
810 606 879 650 nam
892 592 951 652 alia
964 591 1085 654 visendi

64 692 159 737 causa
174 675 258 733 nulla
275 681 330 735 cst.
362 675 463 748 Atque
477 672 527 733 ille
541 672 574 730 L.
588 670 763 745 Mummius,
781 689 873 746 quum
887 675 1083 752 Thespiades,

67 774 145 834 quae
159 756 202 817 ed
216 755 323 816 aedem
336 755 499 817 Felicitatis
521 764 604 827 sunt,
627 763 809 830 coeteraque
825 758 951 830 prolana
972 775 1014 818 ex
1032 757 1090 819 illo¹

67 840 182 917 oppido
205 840 293 913 signa
310 840 442 911 tolleret,
463 839 543 899 hunc
562 854 760 899 marmoreum
786 837 977 912 Cupidinem,
1001 841 1085 914 quod

68 932 127 985 erat
154 932 370 993 consecratus,
399 939 460 982 non
485 920 587 997 attigit.
618 923 668 981 ΙΙΙ.
697 920 726 982 5.
760 924 872 981 Verum
897 930 930 983 ut
954 923 993 982 ad
1011 922 1086 982 illud

70 1004 233 1067 sacrarium
249 1005 385 1078 redeam,
408 1004 527 1079 signum
542 1013 605 1065 erat
624 1004 698 1078 hoc,
724 1005 808 1081 quod
821 1004 906 1077 dico,
929 1003 1084 1080 Cupidinis

70 1104 264 1157 marmores
282 1103 322 1147 ex
336 1089 429 1148 altera
443 1096 528 1162 parte
538 1089 693 1161 Hercules,
710 1087 830 1163 egregie
845 1089 942 1150 lactus
954 1104 993 1155 ex
1003 1102 1084 1148 aere.

70 1171 274 1233 indicebatur
295 1187 366 1230 esse
379 1170 530 1248 Myronis,
557 1179 590 1232 ut
609 1171 732 1245 opinor:
754 1180 785 1232 et
805 1179 896 1232 certe.
927 1172 1000 1231 ltern
1014 1177 1085 1230 ante

71 1254 124 1315 lros
145 1255 223 1314 deos
245 1260 331 1313 erant
350 1255 469 1327 arulae,
491 1270 570 1329 quae
584 1253 681 1315 cnivis
698 1253 875 1328 religionem
897 1252 1021 1315 sacrarii
1043 1251 1084 1312 si·

72 1337 212 1413 pellicere
238 1345 376 1410 possent.
409 1337 502 1399 Erant
522 1341 618 1397 aenea
638 1338 699 1399 duo
719 1345 876 1412 praeterea
895 1337 998 1413 signa,
1021 1351 1083 1397 non

72 1418 206 1490 amima,
226 1436 329 1481 verum
343 1418 455 1487 eximia.
466 1428 637 1493 venustate,
661 1419 797 1495 virginali
811 1420 913 1482 habitu
927 1429 1019 1496 atque
1031 1436 1084 1480 ve-

72 1503 155 1575 stitu,
170 1501 400 1576 quaemanibus
415 1503 541 1564 sublatis
552 1519 644 1564 »sacra
659 1504 807 1579 quaedam
822 1519 906 1564 more
921 1501 1084 1565 Athenien-

72 1585 145 1649 sium
162 1585 311 1660 virginum
325 1586 460 1661 reposita
479 1587 509 1645 in
527 1586 675 1662 capitibus
696 1585 893 1648 sustinebant.
929 1586 1090 1662 Cancepbo·¹

71 1684 120 1730 roe
133 1668 222 1743 ipsae
240 1669 434 1729 vocabantur.
467 1669 530 1728 Sed
544 1685 646 1728 earum
666 1668 825 1742 artificem,
849 1677 960 1744 queml
980 1684 1084 1745 quem-

71 1758 157 1811 nam?
187 1750 281 1810 Recte
292 1752 449 1831 admones,
462 1749 640 1825 Polyclitum
655 1765 726 1809 esse
736 1751 886 1811 dicebant.
911 1751 1084 1813 Messanam

71 1842 98 1895 ut
111 1833 247 1909 quisque
264 1841 400 1890 nestrum
416 1838 554 1901 venerat,
575 1831 650 1889 haec
671 1830 772 1890 visere
793 1833 923 1892 solebam
947 1833 1085 1892 omnibus

71 1916 141 1979 brec
160 1914 203 1973 ad
215 1913 376 1972 visendum
390 1912 532 1987 patebant
547 1911 672 1993 cotidie-z
688 1912 796 1973 domus
811 1921 875 1972 erat
888 1929 948 1973 non
964 1914 1084 1974 domino

71 2000 165 2075 nugis
182 2003 356 2056 ornamento
373 2011 463 2070 quam
480 1993 601 2055 civitati.
620 1995 650 2057 6.
670 1994 702 2054 C.
715 1995 867 2067 Claudius,
883 1995 968 2056 cuius
982 1995 1085 2056 aedili-

69 2091 158 2144 tatem
172 2076 500 2153 magnificentissimam
515 2076 627 2139 scimus
644 2077 755 2150 luisse,
771 2095 845 2139 usus
860 2087 907 2139 est
920 2081 979 2140 hoc
995 2078 1085 2154 dupi-

70 2166 137 2227 tline
158 2171 220 2223 tarn
245 2161 310 2235 diu,
328 2161 400 2222 dum
422 2163 519 2227 lorurn
541 2161 589 2222 dis
603 2161 820 2231 immortalibus
833 2164 1010 2237 populoque
1024 2163 1085 2223 Ro·

69 2264 157 2309 mano
181 2244 285 2306 habuit
313 2226 467 2306 ornicum
494 2253 537 2316 et,
570 2262 662 2319 quum
685 2244 801 2320 hospes
824 2253 909 2306 essct
931 2245 1083 2318 Heiorum,
1142 2261 1143 2265 ¹

69 2328 236 2391 Mamertini
251 2336 351 2389 autem
365 2327 472 2404 populi
486 2335 645 2403 patronus,
670 2336 704 2389 ut
717 2327 776 2388 illis
790 2326 928 2404 benignis
942 2345 1017 2390 usus
1037 2337 1087 2391 est

69 2414 108 2475 od
126 2411 395 2482 commodandum,
420 2410 464 2470 sic
482 2411 550 2486 ipse
567 2410 694 2485 diligens
722 2411 777 2471 luit
797 2413 837 2471 ad
859 2413 1084 2487 reportandum.

67 2497 170 2573 lluper
184 2494 323 2554 homines
337 2492 455 2554 nobiles
470 2493 536 2553 eius
550 2494 646 2564 modi,
662 2494 793 2568 ludices,
814 2503 844 2555 et
860 2494 933 2570 quid
947 2494 1017 2557 dico
1031 2511 1086 2553 nu·

66 2586 144 2656 porr
157 2577 248 2637 immo
265 2576 444 2637 veremudo
460 2591 496 2634 ac
510 2577 599 2649 plane
615 2578 716 2649 paullo
731 2586 800 2638 ante
815 2577 959 2648 vidimus,
974 2575 1027 2650 qui
1041 2575 1086 2634 lo·

66 2676 132 2723 rum
150 2659 336 2721 etbasilicas
350 2676 411 2720 non
436 2657 542 2732 spoliis
566 2651 802 2731 provinciaium,
828 2661 885 2719 sed
904 2655 1087 2718 ornamentis

67 2744 249 2815 amicorum,
265 2741 432 2803 commodis
446 2739 615 2815 hospitum,
636 2758 696 2802 non
711 2743 797 2803 furtis
813 2740 984 2801 nocentium
999 2755 1086 2799 orna-

67 2836 150 2889 rent:
173 2826 225 2902 qui
244 2833 343 2896 tamen
366 2824 453 2898 signa
474 2833 565 2898 atque
590 2832 764 2884 ornarnenta
785 2841 842 2883 sna
857 2822 966 2894 cuique
978 2823 1086 2883 redde·

67 2912 156 2981 tent,
173 2926 233 2969 non
248 2909 347 2968 ablata
363 2925 402 2967 ex
418 2907 544 2967 urbibus
556 2904 707 2966 s'ociornm
722 2915 812 2979 atque
823 2902 996 2977 amicorum,
1013 2922 1085 2981 qua-

69 2990 170 3055 dridui
185 3007 293 3062 cauea,
319 3007 373 3065 per
397 2989 617 3050 simulationem
642 2987 818 3058 aedilitatis,
841 2986 961 3046 domum
976 2989 1085 3050 deinde

70 3086 163 3151 atquc
179 3075 219 3134 ad
232 3089 305 3133 suas
324 3072 410 3138 villas
425 3073 608 3134 auferebant
639 3068 668 3130 7.
695 3072 779 3130 Haec
794 3067 902 3141 omnia,
921 3088 999 3146 quae
1013 3072 1086 3144 dlxi,

69 3158 172 3234 signa,
193 3155 325 3228 iudices,
347 3156 385 3215 ab
407 3157 482 3216 Heio
501 3155 665 3216 esacrario
681 3154 793 3213 Verres
808 3153 942 3215 abstulit:
964 3158 1087 3227 nullum,

70 3241 211 3317 inquam,
233 3238 339 3298 horum
359 3239 479 3313 reliquit
500 3254 599 3314 neque
623 3237 705 3298 aliud
728 3237 820 3296 ullum
844 3244 942 3298 tamen
967 3245 1088 3313 praeter

72 3341 163 3386 uuum
178 3329 321 3396 pervetus
341 3322 488 3396 ligneum,
508 3324 611 3383 Bonae
626 3322 789 3394 Fortunae,
810 3328 843 3380 ut
861 3319 977 3394 opinor.
1014 3319 1087 3383 Eam

72 3406 130 3469 isle
145 3406 258 3466 habere
275 3404 356 3465 domi
372 3421 445 3466 suae
461 3404 566 3466 noluit.
976 3439 978 3443 -
