2340 3788
351 180 432 250 dAP.
448 197 543 255 7-9.
565 198 591 259 s.
606 202 738 258 21-27.
994 200 1058 266 aee
1146 161 1150 165 ⁴

29 339 144 401 tientur
169 354 204 399 se
223 338 281 398 abs
294 345 338 412 le,
362 338 422 399 nisi
445 339 554 401 virtute
572 339 743 416 vincentur,
767 342 883 406 honore
907 346 1053 420 superari

28 422 82 484 25.
105 424 145 482 At
166 420 207 493 si,
227 419 359 495 iudices,
384 423 511 483 caeteris
532 422 667 498 patriciis
687 441 736 483 me
753 432 783 484 et
799 442 855 486 vos
875 427 1053 502 peregrinos

29 503 129 564 videri
141 511 302 578 oporteret,
320 519 338 562 a
352 505 504 580 Torquato
519 513 620 565 tamen
631 505 691 566 hoc
705 505 810 566 vitium
824 507 971 585 sileretur.
1000 510 1055 570 Est

29 587 112 647 enirn
128 584 197 661 ipse
211 593 345 646 materno
360 602 472 661 genere
487 586 686 663 municipalis,
702 589 909 650 honestissimi
922 606 958 650 ac
969 591 1054 652 nobi-

30 667 140 731 lissimi
162 667 297 742 generis,
318 671 376 730 sed
397 679 496 730 tamen
511 670 667 730 Asculani.
700 675 763 731 Ant
781 671 872 746 igitur
887 672 995 732 doceat
1007 673 1052 732 Pi-

30 760 136 813 centes
159 753 243 811 solos
263 768 324 811 non
347 768 418 812 esse
437 752 616 827 peregrinos
642 760 694 813 aut
716 753 848 829 gaudeat
870 769 926 813 suo
951 753 1054 826 generi

29 850 79 894 me
99 848 199 893 meum
213 850 274 894 non
288 840 482 910 anteponere.
520 835 584 909 Qua
597 851 631 895 re
644 852 745 910 neque
757 844 789 897 tu
803 852 850 895 me
864 836 1053 909 peregrinum

29 915 160 993 posthac
178 915 306 990 dixeris,
322 934 360 977 ne
376 919 499 992 gravius
513 919 660 991 relutere,
675 934 774 993 neque
788 930 905 992 regem,
922 933 960 976 nc
974 917 1052 977 deri-

30 1001 133 1060 deare.
162 999 226 1059 Nisi
240 1001 318 1060 lorte
331 1001 447 1074 regium
460 999 514 1060 tibi
529 1000 647 1061 videtur
660 1001 702 1062 ita
714 1001 824 1070 vivere,
841 1007 874 1058 ut
885 1014 944 1058 non
960 1000 1051 1059 modo
1135 1015 1141 1024 ¹

28 1081 144 1143 homini
157 1081 277 1155 nemini,
292 1085 400 1143 sedne
415 1083 571 1159 cupiditati
577 1083 705 1157 ,quidem
716 1084 767 1143 ulli
779 1080 905 1154 servias,
920 1090 1052 1142 contem·

28 1180 104 1226 nere
118 1180 224 1225 omnes
239 1164 390 1239 libidines,
406 1182 466 1226 non
481 1166 556 1239 auri,
573 1182 634 1225 non
649 1165 851 1241 argentinon
867 1172 1052 1224 caeterarum

27 1263 131 1309 rerum
145 1245 297 1322 indigere,
318 1248 349 1308 in
364 1258 471 1311 senatu
485 1249 598 1312 sentire
613 1249 720 1317 libere,
741 1245 847 1321 populi
862 1247 958 1322 magis
973 1247 1052 1308 utili·

25 1332 80 1392 tati
96 1331 258 1392 consulere
271 1347 360 1406 quam
374 1333 535 1394 voluntati:
553 1332 663 1392 nemini
675 1329 792 1401 cedere,
806 1330 906 1407 mullis
921 1329 1049 1392 obsiste·

24 1429 72 1474 re.
104 1411 139 1472 Si
152 1413 211 1475 hoe
226 1423 314 1488 putas
329 1432 400 1477 esse
416 1416 547 1491 regium,
562 1432 610 1475 me
624 1426 725 1486 regem
740 1426 810 1472 esse
826 1413 986 1473 confiteor:
1003 1413 1049 1473 sin
1077 1436 1082 1460 ·

25 1506 57 1558 te
75 1497 217 1570 potentia
236 1513 316 1570 mea,
343 1499 370 1558 si
392 1498 572 1569 dominatio,
596 1496 622 1554 si
643 1490 775 1567 denique
794 1485 918 1569 aliquod
939 1496 1049 1556 dictum

24 1579 181 1653 adrogans
205 1588 258 1640 aut
279 1581 444 1657 superbum
466 1586 581 1648 movet,
608 1575 677 1648 quin
699 1584 732 1635 tu
751 1575 784 1634 id
803 1577 904 1650 potius
929 1580 1049 1653 prolers

25 1676 122 1739 quam
136 1663 221 1721 verbi
235 1662 379 1722 invidiam
396 1660 666 1730 contumeliamque
681 1657 853 1718 maledictit

113 1744 163 1802 IX.
179 1743 229 1804 26.
251 1745 325 1817 Ego,
344 1743 432 1803 tantis
447 1759 465 1800 a
480 1756 527 1798 me
541 1736 698 1796 beneficiis
713 1738 742 1796 in
753 1741 920 1812 republica
931 1739 1049 1815 positis,

23 1826 183 1888 ei-nullum
194 1824 275 1883 aliud
291 1823 363 1882 mihi
377 1820 540 1897 praemium
555 1819 593 1876 ab
608 1827 715 1881 senatu
726 1822 902 1895 populoque
912 1823 1047 1881 Romano

22 1909 84 1972 alsi
96 1909 260 1965 honestum
272 1906 371 1966 ocium
383 1901 581 1976 postularem,
600 1900 669 1974 quis
683 1917 744 1960 non
762 1903 965 1962 concederet?
985 1900 1049 1962 Sibi

22 1987 323 2060 laberenthonores,
336 1984 391 2046 slbi
398 1982 531 2057 imperia,
546 1981 603 2042 sibi
611 1981 794 2057 provincias,
807 1983 1048 2059 sibitriumphos,

23 2074 83 2136 obi
104 2070 166 2130 alia
187 2072 356 2145 praeclarae
376 2065 474 2125 laudis
495 2064 639 2140 insigniar
666 2065 737 2125 mihi
753 2066 856 2126 liceret
872 2066 938 2128 eius
954 2065 1047 2143 urbis,

23 2172 117 2232 quam
145 2163 387 2220 conservassem,
410 2157 579 2222 conspectu
600 2149 761 2224 tranquillo
783 2149 882 2210 animo
901 2159 931 2211 et
945 2150 1047 2226 quieto

23 2238 94 2301 lrui.
128 2234 227 2308 Quina
242 2233 268 2293 si
281 2229 340 2289 hoc
351 2246 412 2289 non
431 2233 567 2305 postulo:
586 2231 612 2291 si
626 2231 676 2293 ille
693 2233 778 2292 labor
793 2249 879 2294 meus
892 2232 1047 2308 pristinus,

23 2324 46 2383 si
67 2317 258 2383 sollicitudo,
287 2312 314 2372 si
335 2313 451 2384 officia,
480 2314 507 2374 si
532 2331 658 2390 operae,
685 2315 712 2375 si
732 2315 855 2390 vigiliae
874 2309 1049 2377 deserviunt

22 2400 147 2470 amicis,
163 2401 292 2474 praesto.
303 2402 373 2455 sunt
387 2395 541 2457 omnibus:
560 2398 585 2457 si
603 2413 703 2472 neque
717 2397 805 2458 amici
819 2398 849 2458 in
864 2401 930 2460 loro
943 2397 1048 2473 requi-

21 2492 93 2548 runt
111 2477 245 2542 studium
265 2493 364 2538 meum
386 2493 486 2553 neque
506 2495 555 2539 res
577 2481 698 2555 publica
711 2480 742 2540 in
758 2481 856 2541 curia:
881 2481 908 2541 si
924 2497 1048 2541 menon

21 2567 113 2629 nodo
131 2576 194 2621 non
213 2577 314 2621 rerum
334 2569 487 2635 gestarum
507 2562 642 2636 vacatio,
665 2565 721 2623 sed
738 2580 839 2638 neque
852 2562 977 2624 honoris
994 2578 1046 2622 ne·

21 2662 83 2725 que
94 2643 207 2706 aetatis
222 2643 380 2704 excusatio
394 2644 528 2706 vindicat
547 2646 700 2706 elabere:
723 2646 750 2706 si
766 2648 906 2707 voluntas
920 2661 1002 2715 mea,
1020 2641 1047 2703 si

19 2724 187 2799 industria,
204 2726 231 2786 si
245 2727 368 2798 domne,
387 2727 414 2786 si
428 2727 560 2800 animus,
578 2729 605 2787 si
620 2744 709 2788 aures
726 2736 829 2803 patent
843 2728 998 2789 omnibus=
1019 2724 1048 2784 si

19 2812 92 2873 mihi
112 2825 156 2870 ne
169 2809 209 2868 ad
226 2825 263 2868 ea
280 2809 417 2885 quidem,
439 2826 518 2884 quae
539 2827 594 2885 pro
617 2812 713 2872 salute
731 2811 862 2872 omnium
879 2808 977 2885 gessi,
999 2823 1047 2869 re-

17 2893 180 2957 cordanda
193 2899 223 2952 et
237 2892 397 2967 cogitanda
409 2892 575 2969 quidquam
587 2894 765 2969 relinquitur
777 2893 930 2967 temporis,
947 2900 1047 2953 tamen

17 2972 82 3040 boc
95 2990 227 3049 regnum
247 2976 462 3050 appellabitur,
491 2975 578 3037 cuius
599 2977 729 3037 vicarius
752 2976 803 3052 qui
821 2976 892 3035 velit
912 2991 983 3037 esse
1001 2974 1047 3034 in·
1079 3022 1083 3028 ,

16 3059 117 3123 renni
133 3073 224 3118 nemo
241 3064 365 3133 potestt
390 3059 494 3133 Longe
513 3060 635 3119 abesto
653 3076 702 3120 me
717 3058 802 3134 regni
818 3057 969 3133 suspicio=
996 3054 1047 3119 27.

18 3145 66 3205 sin
82 3139 210 3219 quaeris
231 3140 283 3214 qul
297 3140 358 3201 sint
370 3142 486 3201 Rornae
505 3158 632 3216 regnum
650 3157 801 3216 occupare
816 3140 933 3215 conati,
956 3148 1047 3201 utne

16 3226 155 3305 replices
173 3223 325 3284 annalium
339 3224 528 3297 memoriam,
550 3241 589 3284 cx
609 3224 784 3285 domesticis
805 3222 985 3311 imaginibus
1002 3221 1045 3280 in-

17 3309 139 3371 venies.
168 3308 230 3366 Res
246 3306 325 3366 enim
338 3315 458 3381 gestae,
481 3308 588 3378 credo,
606 3323 692 3367 meae
708 3324 756 3366 me
772 3305 860 3365 nimls
877 3307 1047 3365 extulerunt

17 3409 53 3454 ac
74 3388 153 3453 nrihi
173 3389 280 3450 nescio
303 3405 382 3464 quos
406 3388 530 3464 spiritus
550 3392 719 3450 attulerunt.
764 3387 881 3462 Quibus
898 3389 940 3446 de
955 3385 1057 3443 rdnus

86 3485 146 3528 crc.
167 3483 258 3529 onar.
803 3465 850 3531 ill
