2340 3788
11 164 18 185 '
101 203 169 272 zen·
401 202 474 263 nno
491 203 523 262 e.
539 202 666 263 sunna
684 201 834 262 canno.

104 354 196 416 nolite
210 351 301 412 armis
317 350 382 413 suis
396 353 555 427 spoliatam
573 360 671 429 atque¹
679 352 820 412 nudatam
836 351 969 413 obiicere
983 352 1128 432 invidiae,

105 436 218 497 dedere
233 434 410 510 suspicioni.
437 434 552 495 Munite
565 450 756 494 communem
770 449 870 493 arcem
884 435 1050 511 bonorum,
1074 440 1129 499 ob

65 518 68 523 '
105 518 210 580 struite
230 517 368 593 perfugia
387 517 606 592 improborum:
633 519 732 577 valeat
744 516 785 576 ad
805 532 932 591 poenam
947 521 1030 578 etad
1046 524 1137 581 satu,

102 610 162 662 tem
179 599 352 676 plurimum,
374 617 464 675 quam
484 602 581 661 solam
596 599 704 659 videtis
722 599 821 674 ipsam
836 615 876 658 ex
891 616 947 661 sua
960 609 1068 662 natura
1084 603 1127 664 ia-

105 683 213 744 cillime
228 682 375 759 perspici,
392 684 491 745 subito
505 682 587 743 flecti
601 683 736 757 fingique
749 699 810 742 non
826 699 930 756 posse.

184 767 288 827 XXIX.
303 766 353 831 80.
375 764 451 840 Quid
466 772 563 829 vero?
588 765 665 825 haee
679 765 899 843 auctoritas-
912 782 1033 841 semper
1046 768 1129 829 enim

103 850 142 909 de
158 865 196 909 ea
212 849 374 910 dicendum
394 855 456 922 est,
477 864 659 923 quemquam
673 864 692 907 a
706 863 754 906 me
769 847 871 908 timide
885 849 1066 924 modiceque
1082 851 1126 910 di·

88 940 187 993 cetur
199 962 249 1004 -,
267 931 349 1006 quid,
364 931 495 1006 inquam,
511 932 587 991 haec
598 929 762 991 auctoritas
773 938 886 1002 nostra,
903 931 955 1005 qui
965 948 983 990 a
995 933 1126 993 caeteris

103 1014 319 1076 coniurationis
332 1014 433 1074 causis
445 1013 654 1086 abstinuimus,
667 1014 699 1073 P.
712 1012 826 1074 Sullam
837 1013 1037 1089 defendimus,
1051 1015 1126 1075 nibil

101 1098 181 1159 hunc
193 1096 459 1159 tondemiuvabita
480 1098 578 1157 Grave
589 1105 636 1156 est
646 1096 704 1156 boc
716 1095 827 1156 dictum
839 1097 978 1169 tortasse,
989 1097 1137 1175 iudicese

102 1196 204 1255 grave,
221 1181 246 1240 si
262 1178 432 1254 appetimus
446 1179 576 1254 aliquid:
594 1179 620 1239 si
635 1196 727 1254 quum
744 1178 854 1239 caeteri
868 1179 906 1238 de
920 1180 1009 1239 nobis
1025 1180 1128 1245 sitem,

101 1279 163 1324 non
177 1263 270 1322 etiam.
280 1270 399 1321 nosmet
412 1261 471 1336 ipsi
485 1269 636 1334 tacemus,
655 1278 763 1336 grave:
784 1263 857 1333 sed,
875 1261 901 1321 si
915 1262 1078 1337 laedimur,
1097 1264 1125 1324 si

101 1360 293 1418 accusamur,
308 1343 336 1403 si
350 1344 380 1408 iu
394 1343 536 1404 invidiam
551 1360 710 1416 vocamur,
730 1344 867 1419 proiecto
883 1346 1066 1420 conceditis,
1079 1345 1124 1405 iu·

101 1426 201 1498 dices,
223 1434 257 1487 ut
270 1425 358 1486 nobis
373 1426 539 1487 libertatem
553 1426 683 1488 retinere
700 1426 802 1499 liceat,
821 1427 960 1489 siminus
975 1429 1066 1488 liceat
1079 1427 1124 1487 di·

101 1508 252 1585 gnitatem.
282 1506 333 1570 81.
355 1511 499 1570 accusati
513 1517 584 1570 sunt
597 1526 658 1571 uno
673 1509 794 1577 nomine
809 1513 1001 1581 consulares,
1016 1510 1125 1572 utiam

100 1592 238 1653 videatur
250 1591 376 1652 honoris
387 1591 565 1668 amplissimi
578 1609 687 1653 nomen
700 1595 769 1667 ptus
781 1592 913 1653 invidiae
924 1609 1014 1669 quam
1027 1593 1124 1668 digni-

100 1673 169 1735 tatis
179 1676 308 1735 adferre.
328 1676 508 1748 Adtuerunt,
522 1675 628 1750 inquit,
643 1675 786 1736 Catilinae
797 1677 941 1751 illumque
952 1678 1124 1737 laudarunt

99 1757 186 1818 Nulla
204 1766 266 1819 tum
287 1759 423 1833 patebat,
444 1760 525 1819 nulla
546 1766 610 1819 erat
629 1759 750 1834 cognita
770 1760 952 1821 coniuratio=
979 1759 1122 1835 deiende·

99 1840 173 1901 bant
189 1841 331 1915 amicum,
359 1842 485 1902 aderant
504 1840 653 1917 supptiei,
678 1843 759 1902 vitae
779 1842 845 1903 eius
860 1841 1077 1916 turpitudinem
1090 1841 1122 1901 in

99 1925 226 1985 summis
240 1923 305 1984 eius
320 1923 463 2000 periculis
474 1942 536 1986 non
545 1926 791 1999 insequebantur.
821 1925 897 1998 Quin
910 1925 998 1985 etiam
1007 1940 1124 2006 parens

99 2016 184 2079 tuus,
203 2006 370 2082 Torquate,
393 2006 503 2068 consui
513 2025 567 2068 reo
584 2008 622 2068 de
637 2007 774 2083 pecuniis
787 2007 964 2083 repetundis
978 2007 1124 2066 Catilinae

100 2089 155 2149 tuit
170 2090 346 2163 advocatus,
363 2090 501 2165 improbo
517 2091 639 2164 homini,
656 2100 687 2150 at
702 2090 841 2165 supplici,
859 2092 988 2151 tortasse
1002 2088 1122 2159 audaci,

100 2180 130 2231 at
143 2172 306 2244 aliquando
327 2173 434 2232 amico.
478 2173 530 2233 Cui
547 2191 638 2248 quum
656 2173 842 2248 adtuitrpost
857 2175 985 2233 delatam
999 2173 1040 2231 ad
1054 2188 1123 2231 eum

54 2299 57 2308 .
100 2252 227 2328 primam
248 2255 329 2314 ittam
350 2254 602 2330 coniurationem,
625 2256 771 2316 indicavit
793 2273 827 2315 se
852 2257 976 2316 audisse
996 2255 1120 2328 aliquid,

99 2351 161 2395 non
176 2335 352 2398 credidisse.
368 2372 403 2383 -
419 2343 459 2399 At
473 2337 551 2397 idem
567 2356 627 2398 non
642 2339 738 2399 adicit
753 2339 812 2399 alio
827 2339 857 2398 in
874 2339 1001 2411 iudicio,
1028 2354 1123 2411 quum

101 2420 245 2479 adessent
259 2421 379 2479 caeteri.
389 2454 432 2466 -
443 2420 474 2482 Si
485 2430 594 2497 postea
604 2430 750 2495 cognorat
766 2423 833 2497 ipse
851 2422 974 2497 aliquid,
994 2421 1077 2495 quod
1092 2419 1122 2477 in

100 2503 260 2563 consulatu
273 2500 456 2581 ignorasset,
479 2504 699 2578 ignoscendum
715 2513 762 2566 est
778 2506 831 2576 iis,
853 2507 904 2579 qni
921 2512 1030 2579 postea
1049 2502 1123 2560 nihil

100 2584 273 2646 audierunt:
302 2585 349 2646 sin
370 2587 420 2646 illa
437 2604 488 2647 res
510 2587 606 2661 prima
629 2586 736 2659 valuit,
763 2603 834 2646 num
849 2588 1014 2646 inveterata
1032 2600 1122 2659 quam

99 2684 207 2729 recens
227 2669 331 2728 debuit
353 2686 423 2729 esse
443 2670 583 2744 gravior?
624 2669 686 2730 Sed
708 2670 735 2730 si
756 2668 826 2730 tuus
848 2686 959 2744 parens
980 2669 1070 2727 etiarn
1091 2667 1122 2724 in

98 2749 168 2825 ipsa
182 2751 357 2826 suspicione
373 2753 499 2827 periculi
513 2752 575 2826 sui,
594 2761 693 2813 tamen
708 2751 891 2813 humanitate
905 2752 1053 2811 adductus
1067 2749 1121 2806 ad·
1165 2797 1168 2802 .

99 2833 288 2894 vocationem
298 2834 430 2895 hominis
441 2835 658 2910 improbissimi
669 2837 743 2896 sella
755 2835 850 2895 curuii
861 2843 952 2910 atque
964 2846 1120 2892 omamen-

98 2914 139 2976 tis
159 2923 188 2975 et
209 2919 272 2978 suis
293 2926 323 2977 et
345 2920 520 2979 consulatus
535 2919 720 2992 honestavit,
741 2919 814 2992 quid
836 2927 883 2978 est
897 2933 987 2992 quam
1001 2916 1040 2977 ob
1056 2929 1122 2972 rem

100 3000 285 3073 consulares
298 3001 347 3074 qui
356 3001 500 3061 Catilinae
508 3002 963 3076 adfueruntreprehendantnrt
972 3031 1014 3045 -—
1024 2996 1124 3057 82At

99 3078 190 3138 iidem
210 3080 263 3153 iis,
287 3083 339 3157 qui
359 3093 428 3144 ante
448 3086 529 3144 hunc
550 3101 672 3145 causam
694 3085 732 3144 de
749 3084 956 3144 coniuratione
972 3083 1124 3151 dixerunt,

100 3162 337 3225 nonadiuerunt.
347 3198 390 3210 -
400 3170 493 3229 Tanto
502 3170 619 3227 scelere
630 3167 761 3228 astrictis
772 3167 943 3227 hominibus
955 3171 1125 3225 statuerunt

100 3244 172 3304 nihil
188 3260 207 3303 a
223 3261 258 3304 se
276 3247 453 3321 adiumenti,
475 3250 549 3309 nihii
569 3250 652 3324 opis,
673 3250 746 3309 nihii
763 3249 865 3309 auxilii
882 3249 954 3308 terri
971 3256 1123 3323 oportere.

99 3330 202 3403 Atque
215 3337 248 3388 ut
265 3330 420 3391 decorum
437 3333 604 3393 constantia
619 3341 710 3407 atque
726 3332 825 3392 animo
843 3331 873 3392 in
890 3349 954 3391 rem
970 3330 1125 3406 publicam

100 3410 208 3488 dicam,
220 3423 347 3488 quorum
358 3413 447 3474 tacita
458 3415 591 3488 gravitas
602 3423 631 3474 et
641 3416 719 3476 fides
731 3415 770 3475 de
781 3432 841 3476 uno
855 3430 978 3491 quoque
988 3411 1127 3490 loquitur
