2340 3788
107 177 172 245 25⁶
405 173 479 236 rao
495 174 528 239 r.
544 173 676 235 suano
692 175 861 275 anano,¹
1055 208 1065 221 κ

107 329 232 389 banturr
247 323 353 407 armati
366 324 505 387 homines
519 325 618 388 iorum
630 325 781 423 “99¹3qu
794 340 829 395 cs
843 328 1000 391 tenebant:
1019 334 1130 395 caedes

107 408 372 484 lapidationesque
395 407 522 469 fiebanta
547 409 648 468 nutius
667 414 737 469 'erat
756 424 832 469 sena
866 424 898 482 s,
926 411 1002 473 nihil
1023 415 1129 492 reliqui

35 508 38 513 ·
107 491 316 568 magistratus:
341 508 422 552 unus
439 506 558 552 omnem
575 490 708 551 omnium
724 499 905 567 potestatem
927 495 1020 556 armis
1040 507 1075 559 et
1093 500 1129 560 ia·

33 610 40 639 .·
108 573 244 637 trociniis
258 573 451 649 possidebat,
472 590 534 633 non
552 573 654 648 aliqua
668 573 783 649 visua,
799 575 856 635 sed
870 592 965 650 quum
979 580 1043 640 duo
1061 598 1131 643 cou-

109 659 193 719 suies
207 673 226 716 a
240 673 274 717 re
288 656 410 732 publica
423 656 646 731 provinciarum
661 657 785 719 foedere
796 657 988 747 retraxisset,
1006 659 1132 739 insulta·

108 742 174 816 bat,
189 739 412 812 dominabatur,
429 739 496 800 aliis
511 720 902 815 pollicebatur„abiidid·dc
914 726 1133 823 metuntu'itos‘,

108 825 213 900 piures
227 822 317 884 etiam
332 838 389 897 spe
405 830 436 883 et
449 821 609 897 promissis
623 823 783 909 tenebetk,
955 833 959 840 ·

191 903 242 967 35.
263 906 346 979 Quae
361 922 453 979 quum
470 913 575 967 essent
587 903 653 965 eius
667 892 767 976 madi,
786 902 918 980 iudices,
933 923 1025 983 quum
1038 925 1132 972 sena·

20 1044 24 1057 ,
39 994 42 999 “
60 1038 64 1049 .
107 996 157 1050 tus
170 988 265 1050 duces
277 988 376 1048 nullos
389 1003 425 1047 ac
439 1004 496 1065 pro
508 986 638 1050 ducibus
648 988 819 1063 proditores
829 997 882 1051 aut
895 989 994 1065 potius
1006 1003 1132 1067 apertos

19 1142 22 1147 ¹
107 1071 214 1133 hostes
235 1070 374 1149 haberet,
398 1070 541 1153 equester
558 1062 633 1133 ordo
645 1087 765 1159 ,qeupvp
786 1073 963 1151 consulibus
979 1070 1131 1157 citaretur,

27 1154 30 1159 '
107 1155 211 1216 ltaliae
225 1153 318 1214 totius
333 1153 496 1215 auctoritas
511 1142 736 1229 repudiaretur,
744 1148 807 1215 “aiii
825 1150 1002 1218 adminaiim
1013 1148 1131 1233 'religa-

106 1247 225 1311 rentur,
240 1236 291 1297 aiii
304 1245 385 1297 metu
396 1253 432 1296 ac
443 1237 577 1312 periculo
591 1242 790 1317 terrerentur,
802 1254 888 1300 arma
898 1248 1004 1301 esseut
1015 1241 1046 1301 iu
1057 1249 1131 1311 tem-

107 1319 184 1396 piis,
206 1319 312 1381 armati
333 1320 363 1380 in
385 1320 466 1392 toro,
488 1336 588 1397 eaque
604 1312 800 1383 nonsiientio
814 1322 976 1383 'consulum
989 1311 1130 1389 dissimu-

49 1404 52 1411 '
90 1404 254 1475 iurentur,
280 1403 336 1463 sed
362 1410 393 1463 et
411 1410 539 1473 voceet
560 1403 709 1464 sententia
729 1405 1013 1480 comprobarentur,
1036 1425 1130 1482 quum

97 1501 214 1553 -omnes
228 1485 332 1546 urbem
347 1485 480 1547 nondum
494 1485 630 1547 excisam
643 1493 674 1546 et
687 1502 842 1563 eversam,
863 1488 920 1551 sed
934 1487 995 1576 iam
1009 1497 1130 1563 captam

106 1572 199 1645 atque
218 1584 399 1644 oppressam
421 1567 608 1641 videremus,
633 1576 733 1649 tamen
752 1568 800 1651 his
823 1568 1019 1657 tantismaiis
1043 1579 1128 1632 tanto

56 1688 59 1693 -
106 1652 255 1713 bonorum
276 1651 393 1725 studio,
413 1650 546 1726 iudices,
568 1650 802 1714 restitissemusa
828 1646 1011 1741 sed'ur‘e'e'bi
1027 1662 1128 1716 metus

104 1742 197 1811 atque
211 1734 288 1797 aliae
304 1750 395 1796 curae
410 1734 665 1811 suspicionesque
678 1736 846 1797 movenmt

187 1818 265 1880 xvl.
280 1816 330 1879 36.
351 1819 511 1899 Exppnam
525 1817 604 1899 enim
617 1817 765 1879 hodierno
780 1818 845 1895 die,
860 1817 994 1895 iudices,
1008 1835 1128 1880 omnem

103 1898 251 1962 rationem
266 1901 336 1961 tacti
352 1910 383 1962 et
395 1900 515 1963 corrsiiii
529 1899 602 1974 mei,
618 1916 718 1975 neque
727 1900 798 1963 buic
811 1911 914 1971 vestro
929 1911 1011 1967 tanto
1027 1902 1128 1979 studio
1150 1981 1153 1985 Ι

103 1982 248 2044 audiendi
266 1999 323 2042 nec
342 2000 415 2043 vero
435 1984 505 2044 huic
523 1991 622 2044 tantae
642 1984 838 2059 multitudini,
858 1980 972 2060 quauta
985 1986 1053 2046 mea
1066 1982 1129 2047 mel

104 2065 200 2125 moria
214 2081 376 2138 numquam
396 2066 457 2126 uilo
479 2065 509 2125 in
525 2066 636 2128 iudicio
651 2067 722 2141 fuit,
745 2068 847 2127 deero.
890 2068 966 2127 Nam
984 2069 1011 2129 si
1025 2086 1083 2144 ego
1098 2071 1129 2129 in

104 2163 199 2207 causa
215 2155 274 2207 tam
287 2147 384 2220 bona,
406 2155 487 2208 tanto
502 2149 602 2210 studio
619 2158 758 2227 senatus,
781 2164 934 2210 consensu
954 2158 1016 2210 tam
1031 2151 1128 2213 inere·

104 2227 188 2288 dibiii
206 2231 355 2289 bonorum
377 2230 524 2303 omnium,
547 2241 606 2292 tam
622 2230 748 2317 parato,
766 2240 828 2323 tqta
841 2231 974 2308 denique
988 2233 1074 2294 ltalia
1088 2235 1129 2295 ad

104 2325 224 2371 omnem
239 2312 460 2375 contentionem
474 2313 618 2391 expedito
631 2315 714 2375 cessi
726 2313 838 2377 tribuni
850 2315 965 2391 plebis,
985 2315 1128 2390 despica-

102 2392 212 2457 tissimi
231 2394 377 2475 hominis,
401 2396 510 2471 furori,
530 2396 857 2473 contemptissimorum
876 2399 1032 2461 consutum
1050 2400 1128 2463 levi-

102 2486 194 2540 tatem
213 2478 433 2557 audaciamque
456 2478 610 2556 pertimui,
632 2480 755 2542 nimium
775 2498 823 2543 me
843 2481 992 2558 timidum,
1013 2481 1127 2543 nullius

101 2560 209 2636 animi,
223 2560 333 2622 nullius
349 2561 468 2624 consilii
482 2563 577 2624 tuisse
593 2565 748 2626 confiteor.
775 2563 825 2627 37.
843 2564 921 2638 Quid
935 2582 953 2626 e
975 2565 1014 2624 im
1028 2563 1128 2626 simile

102 2643 158 2707 tuit
170 2644 201 2706 iu
217 2645 250 2720 Q.
262 2644 417 2729 Metellae
426 2645 512 2725 cuius
527 2662 651 2708 causam
665 2646 723 2708 etsi
740 2663 846 2717 omnes
860 2648 938 2708 boni·
985 2648 1126 2723 obabant,

101 2738 202 2790 tamen
222 2745 324 2803 neque
345 2736 469 2792 senatus
489 2728 610 2805 publice
630 2747 730 2806 neque
744 2732 825 2792 uilu's
846 2732 921 2792 ordo
936 2730 962 2807 p'
976 2734 980 2743 '
994 2729 1059 2804 prie
1072 2746 1126 2790 ne·

103 2829 162 2887 que
175 2811 239 2874 suis
250 2811 380 2872 decretis
390 2812 474 2872 ltalia
486 2820 547 2873 tota
558 2823 745 2889 susceperat.
769 2815 819 2875 Ad
831 2831 918 2876 suam
929 2831 965 2874 en
978 2829 1008 2873 m
1020 2829 1125 2887 quam-

102 2896 171 2954 dam
185 2894 282 2971 magis
297 2894 347 2954 iile
359 2895 485 2970 gloriam
504 2912 592 2971 quern
609 2897 648 2958 ad
663 2896 857 2975 perspicuam
871 2899 966 2959 salute
1010 2896 1055 2955 rei
1070 2913 1125 2971 pu·

101 2975 198 3038 blicae
222 2987 286 3039 tum
311 2987 476 3053 spectarat,
505 2997 596 3055 quum
617 2997 695 3040 unus
717 2978 748 3039 in
767 2980 865 3057 legem
887 2980 941 3056 per
978 2978 1018 3039 im
1035 2979 1126 3039 latam

101 3057 201 3119 iurare
215 3064 367 3123 noluerat:
394 3062 526 3136 denique
542 3061 699 3124 videbatur
718 3079 755 3124 ea
769 3056 949 3124 condicione
963 3046 1022 3147 iam
1039 3063 1125 3141 tortis

102 3140 214 3216 fuisse,
237 3153 270 3204 ut
284 3161 352 3205 curn
372 3145 488 3221 patriae
504 3145 627 3209 caritate
642 3142 829 3207 constantiae
848 3147 975 3221 gloriani
992 3160 1125 3208 commu·

101 3231 186 3285 teret.
214 3225 285 3286 Erat
299 3236 399 3288 autem
414 3246 464 3288 res
478 3226 507 3289 e'i
522 3245 590 3289 cum
604 3227 737 3289 exercitu
749 3227 781 3288 0.
791 3225 878 3288 Marii
890 3229 1017 3291 invictm
1032 3230 1123 3307 habe:

100 3307 152 3367 bat
163 3305 314 3368 inimicum
326 3311 357 3369 c.
368 3311 509 3385 Marium,
526 3318 771 3372 conservatorem
782 3312 912 3386 patriae,
930 3320 1049 3373 sextum
1064 3311 1123 3396 iam

100 3388 183 3451 iilum
195 3393 383 3453 consulatum
395 3401 563 3469 gerentem:
577 3411 627 3454 res
639 3400 702 3456 erat
712 3408 779 3454 cam
787 3393 820 3454 L.
832 3394 1003 3471 Saturnino,
1016 3388 1131 3456 iterum*
