2332 3772
108 36 126 85 Ἰ

81 110 85 117 ’
371 153 766 222 clemonem-oo.
1021 160 1087 230 tac

54 320 143 381 quem
163 319 259 373 nova=
268 318 368 379 poena
384 301 460 379 legis
478 311 509 364 et
524 303 616 373 domo
633 314 663 365 et
680 315 804 381 parente
819 314 849 367 et
863 304 996 369 omnium
1011 325 1083 371 suo-

52 405 117 449 mm
137 385 360 448 consuetudine
381 395 614 463 conspectuque
633 388 754 461 privata
794 387 851 449 lbit
870 389 961 464 igitur
982 391 1013 452 in
1029 408 1082 452 ex·

54 471 152 532 silium
174 468 290 530 miser?
316 469 404 543 Quo?
428 471 477 530 Ad
498 469 664 531 orientisne
677 479 795 546 partes,
811 470 842 530 in
859 472 969 547 quibus
984 491 1084 536 annos

54 556 162 617 multos
177 554 296 627 legatus
311 553 367 613 luit
380 560 410 613 et
424 553 577 614 exercitus
593 551 679 614 duxit
693 562 723 614 et
736 569 787 614 res
801 555 954 616 maximas·
966 557 1083 632 gessitr

55 638 91 699 lt
111 636 206 698 habet
225 652 367 711 magnum
386 636 538 709 dolorem,
565 637 648 697 unde
671 652 740 697 cum
759 636 875 697 honore
899 639 1082 713 decesseris,

57 720 160 781 codem
175 735 244 779 cum
264 717 430 793 ignominia
448 718 568 781 reverti.
603 723 652 778 An
670 736 705 780 se
725 721 755 779 ln
770 718 949 781 contrariam
964 730 1082 796 partem

57 809 197 864 tammum
211 801 317 874 abdet,
343 810 375 862 ut
390 801 486 862 Gallia
499 801 714 879 Transalpina,
737 819 826 878 quem
843 817 943 876 nuper
962 819 1080 864 summo

60 900 120 946 cum
129 884 258 960 imperio
270 883 468 945 libentissime
481 885 598 958 viderit,
613 888 753 947 eumdem
767 888 928 961 lugentem,
944 902 1081 946 maeren-

61 975 126 1043 tem,
147 969 286 1030 exsulem
306 969 430 1028 videat?
454 969 489 1049 ln
511 985 548 1029 ee
568 984 659 1043 porro
680 969 913 1044 provinciaquo
932 966 1080 1029 animoli.

61 1049 206 1112 llnrenam
220 1051 341 1111 tratrem
358 1067 446 1111 suum
461 1050 610 1127 aspiciere
630 1051 686 1125 Qui
701 1051 791 1113 huius
807 1052 916 1112 dolori
933 1050 985 1126 qui
999 1050 1081 1112 illius

62 1149 169 1195 maeror
182 1133 261 1195 erit?
282 1149 361 1209 quae
375 1133 535 1210 utriusque
550 1134 744 1196 lamentatio?
765 1145 876 1210 quanta
891 1145 991 1197 autem
1010 1148 1079 1209 per·

63 1215 180 1278 turbatio
196 1217 335 1278 fortunae
350 1225 442 1291 atque
458 1216 616 1290 sermonis,
634 1219 726 1293 quod,
747 1218 857 1294 quibus
870 1216 901 1277 in
913 1217 990 1279 locis
1005 1233 1079 1292 pau-

64 1297 99 1359 cis
118 1309 186 1361 ante
207 1298 316 1361 diebus
337 1300 448 1359 lactum
471 1317 542 1362 esse
563 1303 721 1362 consulem
734 1301 891 1363 Murenam
910 1299 1014 1363 nuncii
1034 1299 1079 1359 lit·

64 1385 193 1459 tarneque
213 1383 436 1458 celebrassent,
457 1392 488 1445 et
507 1385 588 1444 unde
608 1383 748 1461 hospites
770 1392 861 1460 atque
875 1384 964 1445 amici
979 1390 1080 1460 gratu·

63 1461 140 1526 bum
153 1468 282 1528 Romam
297 1468 513 1541 concurrerint
533 1477 659 1544 repente
675 1484 712 1529 eo
726 1469 853 1529 accedat
866 1467 935 1543 ipse
949 1467 1080 1531 nuncius

65 1561 125 1609 suaa
141 1548 341 1610 emamiuusa
367 1549 418 1615 90.
440 1551 523 1625 Quae
538 1550 565 1611 si
581 1550 701 1624 acerba,
718 1550 745 1611 si
759 1550 879 1623 misera,
897 1550 924 1611 si
939 1552 1081 1612 luctuosa

64 1639 134 1706 sunt,
157 1630 186 1694 si
201 1631 388 1694 alienissima
405 1650 424 1693 a
440 1635 672 1695 mansuetudine
693 1642 723 1693 et
739 1633 949 1694 misericordia
966 1640 1078 1703 vestra

62 1707 182 1791 iudices,
205 1725 386 1778 conservate
406 1717 512 1792 populi
525 1717 655 1778 Romani
676 1717 872 1777 beneficium=
895 1716 1014 1777 reddite
1033 1713 1079 1775 rei

61 1797 189 1868 publicae
204 1801 375 1861 consulem:
402 1801 472 1860 date
485 1800 545 1860 hoc
561 1800 659 1875 ipsius
674 1799 801 1874 pudori,
820 1800 889 1859 date
904 1798 981 1874 patri
998 1813 1081 1867 mpr-

60 1883 115 1956 tuo,
135 1882 206 1944 date
220 1883 325 1958 generi
339 1885 370 1943 et
386 1882 531 1955 familiae,
552 1885 621 1943 date
636 1881 724 1942 etiam
739 1881 896 1942 Lanuvino
912 1877 1077 1954 municipio

58 1956 278 2040 honestissimo,
301 1965 386 2041 quod
400 1966 430 2025 in
444 1965 501 2026 hac
517 1972 579 2026 tota
595 1981 690 2026 causa
706 1967 851 2040 lrequens
865 1969 1078 2035 maestumque

57 2044 176 2111 vidistis.
204 2047 302 2110 Nolite
316 2065 335 2108 a
349 2048 445 2110 sacris
462 2047 567 2125 patriis
584 2047 709 2111 lunonis
724 2047 882 2125 Sospitae,
904 2044 954 2107 cui
970 2058 1077 2106 omnes

10 2156 12 2165 ·
48 2133 189 2193 ‚consules
205 2132 307 2193 lacere
322 2147 453 2194 neccsse
467 2140 529 2207 est,
551 2129 750 2193 domesticum
768 2139 799 2192 et
815 2147 904 2203 suum
919 2130 1077 2192 consulem
1158 2199 1162 2205 Ι

54 2215 237 2284 potissimum
260 2217 403 2298 avellere.
448 2215 542 2288 Quem
562 2231 620 2292 ego
643 2213 748 2287 vobis,
777 2213 805 2275 si
824 2213 898 2289 quid
912 2213 1004 2275 habet
1024 2190 1078 2273 ard

53 2298 186 2360 momenti
201 2298 423 2360 commendatio
438 2307 491 2359 aut
505 2299 693 2361 auctoritatis
708 2296 895 2359 confirmatio
908 2313 985 2369 mea,
1002 2311 1076 2357 con—

53 2381 92 2443 sul
104 2382 281 2454 consulem,
297 2381 430 2455 iudices,
447 2381 488 2442 ita
502 2382 697 2458 commendo,
711 2390 744 2444 ut
759 2380 989 2457 cupidissimum
1004 2378 1075 2451 ocii,

52 2462 303 2528 studiosissimum
318 2465 477 2538 bonorum,
495 2466 674 2528 acerrimum
691 2474 797 2527 contra
811 2463 999 2536 seditionem,
1014 2463 1078 2522 lor-

50 2544 192 2611 tissimum
216 2546 249 2608 in
273 2546 369 2620 bello,
395 2546 636 2611 inimicissimum
659 2548 729 2611 huic
754 2547 967 2618 coniurationi,
994 2560 1075 2619 quae

49 2641 120 2693 nuuc
143 2647 212 2694 rem
231 2629 384 2706 publicam
405 2632 581 2707 labefactat,
607 2634 740 2695 futurum
760 2647 831 2693 esse
853 2627 1025 2708 promittam
1043 2632 1078 2686 et

48 2716 223 2790 spondeam.
