2340 3788
73 160 119 231 88
217 167 220 172 ’
323 162 362 221 ΙΝ
377 160 586 222 &VERREM
599 162 888 224 nualtellam.

69 330 169 391 onae,
185 312 269 389 quod
279 310 310 373 in
325 327 363 373 ea
376 320 462 388 parte
471 311 623 373 Fortunae
637 313 740 374 lanam
753 314 910 388 annonam
926 314 985 386 luit

67 395 230 473 ¹nominata
241 403 296 468 est,
312 394 343 454 in
357 411 418 469 qua
430 395 621 473 gymnasium
632 396 852 472 amplissimum
868 404 916 459 est
931 405 985 458 etc

76 498 129 541 res
142 480 235 539 aedes
250 494 371 539 sacrae:
394 479 563 554 coliturque
578 494 615 538 ea
629 495 701 553 pars
715 488 745 539 et
758 479 908 540 habitatur
922 481 985 554 lrec

77 562 165 625 sime.
195 561 307 636 onata
330 570 432 622 autem
452 568 511 635 est,
535 577 614 635 quac
633 561 709 636 quia
732 570 887 637 postrema
907 577 984 622 coaa

77 655 141 718 est,
160 644 304 719 Neapolis
319 645 504 706 nominatum
527 660 618 719 quarn
632 645 671 704 ad
686 661 833 706 summam
847 645 986 705 theatrun

78 745 173 789 mum=
189 734 347 802 praeterea
362 729 422 788 duo
439 730 552 802 templa
565 735 636 788 sunt
651 728 790 804 egregia,
806 727 924 788 Cereris
940 745 985 787 un·

78 811 315 872 terumliberae
331 811 511 884 signumque
526 809 696 884 Apollinis,
717 809 770 885 qui
783 810 954 870 Temenites
971 827 985 869 v

2 945 6 954 .
77 892 312 970 pulcherrimum
327 902 358 953 et
371 893 548 952 maximum=
575 894 659 967 quod
681 892 740 953 iste
760 892 788 952 si
808 901 931 968 portare
944 909 985 968 po

75 994 139 1039 uon
153 975 322 1037 dubitasset
338 977 466 1034 auferre.

161 1060 237 1119 LIV.
267 1055 336 1118 120.
367 1058 452 1118 Nunc
468 1058 508 1116 ad
520 1057 697 1118 Marcellum
709 1064 857 1131 revertar,
876 1074 917 1118 na
931 1057 985 1119 hac

76 1142 145 1205 sina
171 1156 265 1201 causa
290 1147 522 1209 commemorata
546 1156 618 1200 esse
645 1140 818 1201 videantur:
851 1139 904 1216 qui
928 1157 985 1214 qun

75 1225 263 1302 praeclaram
276 1222 381 1282 urbem
398 1222 428 1281 vi
443 1222 602 1298 copiisque
614 1222 765 1298 cepisset,
779 1240 840 1284 non
855 1221 973 1298 putavit

77 1308 148 1367 dem
164 1298 272 1380 popttt
286 1305 413 1365 Romani
428 1305 487 1366 hoc
501 1307 666 1380 pertinere,
691 1307 770 1371 hanc
791 1305 985 1382 pulcritudint

77 1406 140 1465 quc
153 1388 331 1463 praesertim
345 1387 472 1462 periculi
487 1388 560 1448 nihil
575 1390 802 1464 ostenderetur,
822 1391 925 1449 delere
939 1396 972 1448 et

76 1486 180 1547 guare.
207 1471 313 1545 ltaque
334 1471 481 1531 aediliciis
497 1472 652 1545 omnibus,
680 1471 811 1547 publicis
839 1470 982 1546 privatis,

76 1552 229 1630 profanis,
247 1553 292 1613 sic
305 1553 451 1628 pepercit,
467 1553 555 1629 quasi
566 1554 605 1613 ad
618 1571 655 1614 ea
669 1554 862 1618 defendenda
877 1570 947 1615 cum
962 1570 985 1615 e:

76 1652 140 1697 non
151 1637 361 1711 oppugnanda
374 1635 518 1697 venisset.
551 1637 584 1695 ln
601 1647 710 1699 ornatu
732 1638 816 1697 urbis
837 1637 942 1697 habuit
963 1642 985 1696 vi

76 1718 238 1792 rationem,
252 1718 357 1779 habuit
370 1718 573 1780 humanitatis.
602 1719 757 1781 Victoriae
778 1720 902 1795 putabat
922 1736 985 1780 csst

75 1805 202 1865 Romam
214 1802 383 1877 deportare,
399 1819 478 1876 quae
495 1811 670 1864 ornamento
683 1802 750 1863 urbi
763 1819 834 1865 esse
848 1811 985 1878 possent,

76 1886 177 1948 nitatis
198 1902 259 1946 non
279 1888 371 1962 plane
386 1885 561 1961 exspoliare
577 1887 696 1957 urbem,
719 1885 897 1960 praesertim
919 1902 985 1960 quat

76 1986 201 2030 servare
216 1970 374 2029 voluisset.
408 1968 478 2031 121.
504 1970 538 2028 In
552 1969 610 2029 hac
629 1968 791 2043 partitione
808 1976 934 2031 ornatus
954 1985 985 2028 nt

76 2051 203 2121 victoria
216 2052 351 2111 Marcelli
365 2054 481 2126 populo
494 2053 633 2113 Romano
653 2051 801 2126 appetivit
822 2069 912 2128 quarn
934 2052 985 2110 hur

77 2133 281 2211 Syracusanis
295 2134 471 2195 reservavit.
492 2136 619 2194 Romam
634 2151 714 2208 quae
729 2143 888 2210 apportata
906 2140 985 2208 sunt,

76 2217 147 2274 dem
160 2215 292 2274 Honoris
309 2224 338 2276 et
353 2216 479 2276 Virtutis
504 2217 636 2290 itemque
656 2217 723 2276 aliis
745 2218 775 2277 in
792 2217 868 2278 locis
887 2219 985 2278 videm

74 2297 118 2356 hil
132 2296 162 2356 in
176 2297 320 2370 aedibus,
336 2299 417 2363 nihil,
425 2298 456 2358 in
472 2298 567 2359 hortis
581 2297 693 2372 posuit,
708 2301 782 2361 nihil
798 2300 828 2360 in
845 2302 985 2361 suburba

77 2379 165 2452 tavit,
183 2378 209 2437 si
228 2379 310 2438 urbis
329 2390 504 2442 ornamenta
522 2382 644 2442 domurn
662 2398 747 2442 suam
764 2401 824 2444 non
840 2384 985 2446 contuliss

77 2480 160 2523 mum
177 2478 264 2522 suam
281 2473 456 2524 ornamento
471 2463 539 2524 urbi
561 2465 701 2524 loturam.
730 2465 894 2543 Syracusis
915 2476 985 2528 autc

76 2549 168 2606 multa
184 2553 275 2619 atquc
290 2547 411 2620 egregia
426 2546 560 2622 reliquit=
576 2549 666 2608 deum
682 2565 753 2609 vero
767 2551 881 2609 nullum
890 2550 985 2610 violat

75 2633 138 2691 lum
152 2629 256 2704 attigit.
288 2628 428 2689 Conferte
442 2631 583 2690 Verrem=
604 2647 665 2691 non
686 2641 719 2692 ut
733 2632 884 2692 hominem
901 2649 970 2694 cum

75 2713 273 2788 comparetis,
290 2728 329 2771 ne
345 2729 405 2786 qua
420 2712 471 2772 tali
486 2713 550 2774 viro
568 2723 686 2775 mortuo
702 2714 755 2774 liat
773 2712 896 2787 iniuria,
924 2717 981 2775 sed

73 2813 142 2856 cem
156 2813 224 2857 cum
239 2795 334 2868 bello,
349 2797 434 2868 leges
450 2811 518 2855 curn
535 2797 579 2871 vi,
594 2799 693 2857 lorum
707 2805 736 2856 et
757 2797 830 2858 iuris
853 2798 986 2860 dictione

76 2879 156 2938 lerro
171 2888 200 2939 et
217 2878 323 2952 armis,
339 2879 503 2939 adventum
516 2886 547 2939 et
559 2879 732 2940 comitatum
746 2897 815 2940 cum
827 2881 959 2941 exercitu
972 2898 985 2942 ε

73 2960 120 3017 ria
134 2963 306 3022 conferatis.

159 3042 221 3102 LV.
249 3045 319 3106 122.
346 3044 442 3106 Aedis
457 3042 613 3105 Minervae
638 3045 729 3104 estin
744 3048 862 3119 Insula,
893 3046 931 3106 de
953 3065 985 3121 qt

75 3120 155 3181 dixi:
175 3123 264 3197 quarn
281 3127 444 3188 Marcellus
458 3144 518 3187 non
537 3126 647 3202 attigit,
665 3144 755 3202 quam
770 3132 890 3205 plenam
905 3138 985 3204 atqu<

75 3215 137 3266 tam
154 3204 288 3280 reliquit:
311 3226 390 3282 quae
405 3211 443 3269 ab
457 3208 516 3270 isto
533 3211 577 3269 sic
595 3212 725 3285 spoliata
738 3220 830 3288 atque
842 3213 960 3287 direpta
975 3229 985 3273 ε

75 3297 109 3350 ut
120 3287 159 3348 ab
173 3289 263 3348 hoste
276 3289 394 3364 aliquo,
411 3292 464 3365 qui
480 3301 578 3352 tamen
596 3291 626 3352 in
643 3295 723 3353 bello
738 3296 916 3370 religionum
933 3304 963 3356 et
977 3313 985 3354 t

76 3371 189 3434 tudinis
202 3369 267 3431 iura
282 3373 456 3447 contineret,
473 3377 530 3435 sed
547 3384 579 3435 ut
593 3393 612 3436 a
627 3375 761 3437 barbaris
774 3378 982 3453 praedonibus
