<?xml version="1.0" encoding="UTF-8"?>
<!DOCTYPE html PUBLIC "-//W3C//DTD XHTML 1.0 Transitional//EN"
    "http://www.w3.org/TR/xhtml1/DTD/xhtml1-transitional.dtd">
<html xmlns="http://www.w3.org/1999/xhtml" xml:lang="en" lang="en">
 <head>
  <title>
</title>
<meta http-equiv="Content-Type" content="text/html;charset=utf-8" />
  <meta name='ocr-system' content='tesseract 3.04.00' />
  <meta name='ocr-capabilities' content='ocr_page ocr_carea ocr_par ocr_line ocrx_word'/>
</head>
<body>
  <div class='ocr_page' id='page_1' title='image "./orationesselect01cicegoog/orationesselect01cicegoog_0476.png"; bbox 0 0 2340 3788; ppageno 0'>
   <div class='ocr_carea' id='block_1_1' title="bbox 345 166 1063 235">
    <p class='ocr_par' dir='ltr' id='par_1_1' title="bbox 345 166 1063 235">
     <span class='ocr_line' id='line_1_1' title="bbox 345 166 1063 235; baseline 0.011 -8"><span class='ocrx_word' id='word_1_1' title='bbox 345 166 425 228; x_wconf 71' lang='lat' dir='ltr'><strong>cnr.</strong></span> <span class='ocrx_word' id='word_1_2' title='bbox 440 173 571 229; x_wconf 76' lang='lat' dir='ltr'><strong>as-to.</strong></span> <span class='ocrx_word' id='word_1_3' title='bbox 592 171 618 233; x_wconf 81' lang='lat' dir='ltr'><strong>s.</strong></span> <span class='ocrx_word' id='word_1_4' title='bbox 632 174 762 230; x_wconf 79' lang='lat' dir='ltr'><strong>as-oo-</strong></span> <span class='ocrx_word' id='word_1_5' title='bbox 1000 168 1063 235; x_wconf 75' lang='lat'><strong>441</strong></span> 
     </span>
    </p>
   </div>
   <div class='ocr_carea' id='block_1_2' title="bbox 10 313 1072 3439">
    <p class='ocr_par' dir='ltr' id='par_1_2' title="bbox 10 313 1072 3439">
     <span class='ocr_line' id='line_1_2' title="bbox 43 313 1064 393; baseline 0 -14"><span class='ocrx_word' id='word_1_6' title='bbox 43 319 171 379; x_wconf 89' lang='lat' dir='ltr'><strong>domum</strong></span> <span class='ocrx_word' id='word_1_7' title='bbox 186 317 237 378; x_wconf 91' lang='lat' dir='ltr'><strong>ubi</strong></span> <span class='ocrx_word' id='word_1_8' title='bbox 257 318 402 378; x_wconf 74' lang='lat' dir='ltr'>habitaret</span> <span class='ocrx_word' id='word_1_9' title='bbox 416 318 538 391; x_wconf 74' lang='lat' dir='ltr'><strong>tegerat</strong></span> <span class='ocrx_word' id='word_1_10' title='bbox 581 313 658 388; x_wconf 81' lang='lat' dir='ltr'><strong>Quid</strong></span> <span class='ocrx_word' id='word_1_11' title='bbox 672 330 729 390; x_wconf 75' lang='lat' dir='ltr'><strong>ego</strong></span> <span class='ocrx_word' id='word_1_12' title='bbox 744 313 831 375; x_wconf 84' lang='lat' dir='ltr'><strong>istius</strong></span> <span class='ocrx_word' id='word_1_13' title='bbox 842 317 970 391; x_wconf 87' lang='lat' dir='ltr'><strong>decreto,</strong></span> <span class='ocrx_word' id='word_1_14' title='bbox 990 317 1064 393; x_wconf 89' lang='lat' dir='ltr'><strong>quid</strong></span> 
     </span>
     <span class='ocr_line' id='line_1_3' title="bbox 41 397 1064 476; baseline 0.003 -17"><span class='ocrx_word' id='word_1_15' title='bbox 41 400 187 475; x_wconf 88' lang='lat' dir='ltr'><strong>rapinas,</strong></span> <span class='ocrx_word' id='word_1_16' title='bbox 208 400 280 474; x_wconf 85' lang='lat' dir='ltr'><strong>qnid</strong></span> <span class='ocrx_word' id='word_1_17' title='bbox 294 399 491 460; x_wconf 82' lang='lat' dir='ltr'><strong>hereditatum</strong></span> <span class='ocrx_word' id='word_1_18' title='bbox 505 397 720 472; x_wconf 86' lang='lat' dir='ltr'><strong>possessiones</strong></span> <span class='ocrx_word' id='word_1_19' title='bbox 737 397 840 471; x_wconf 85' lang='lat' dir='ltr'><strong>datas,</strong></span> <span class='ocrx_word' id='word_1_20' title='bbox 857 399 929 472; x_wconf 85' lang='lat' dir='ltr'><strong>quid</strong></span> <span class='ocrx_word' id='word_1_21' title='bbox 942 409 1064 476; x_wconf 85' lang='lat' dir='ltr'><strong>ereptas</strong></span> 
     </span>
     <span class='ocr_line' id='line_1_4' title="bbox 42 480 1063 557; baseline 0.002 -14"><span class='ocrx_word' id='word_1_22' title='bbox 42 483 219 557; x_wconf 83' lang='lat' dir='ltr'><strong>proteramt</strong></span> <span class='ocrx_word' id='word_1_23' title='bbox 238 482 370 557; x_wconf 84' lang='lat' dir='ltr'><strong>cogebat</strong></span> <span class='ocrx_word' id='word_1_24' title='bbox 389 489 526 556; x_wconf 77' lang='lat' dir='ltr'><strong>egestas:</strong></span> <span class='ocrx_word' id='word_1_25' title='bbox 549 496 609 556; x_wconf 91' lang='lat' dir='ltr'><strong>quo</strong></span> <span class='ocrx_word' id='word_1_26' title='bbox 630 494 664 539; x_wconf 92' lang='lat' dir='ltr'><strong>se</strong></span> <span class='ocrx_word' id='word_1_27' title='bbox 690 486 819 540; x_wconf 88' lang='lat' dir='ltr'><strong>verteret</strong></span> <span class='ocrx_word' id='word_1_28' title='bbox 841 495 901 540; x_wconf 93' lang='lat' dir='ltr'><strong>non</strong></span> <span class='ocrx_word' id='word_1_29' title='bbox 919 480 1063 544; x_wconf 71' lang='lat' dir='ltr'><strong>habebata</strong></span> 
     </span>
     <span class='ocr_line' id='line_1_5' title="bbox 40 561 1065 635; baseline 0.003 -12"><span class='ocrx_word' id='word_1_30' title='bbox 40 564 180 625; x_wconf 90' lang='lat' dir='ltr'><strong>nondum</strong></span> <span class='ocrx_word' id='word_1_31' title='bbox 200 565 228 624; x_wconf 92' lang='lat' dir='ltr'><strong>ei</strong></span> <span class='ocrx_word' id='word_1_32' title='bbox 248 572 330 625; x_wconf 89' lang='lat' dir='ltr'><strong>tanta</strong></span> <span class='ocrx_word' id='word_1_33' title='bbox 349 563 416 624; x_wconf 85' lang='lat' dir='ltr'><strong>aL.</strong></span> <span class='ocrx_word' id='word_1_34' title='bbox 430 561 559 635; x_wconf 87' lang='lat' dir='ltr'><strong>Rubrio,</strong></span> <span class='ocrx_word' id='word_1_35' title='bbox 583 578 644 623; x_wconf 91' lang='lat' dir='ltr'><strong>non</strong></span> <span class='ocrx_word' id='word_1_36' title='bbox 670 561 891 622; x_wconf 84' lang='lat' dir='ltr'><strong>aL.·Turselio</strong></span> <span class='ocrx_word' id='word_1_37' title='bbox 913 561 1065 626; x_wconf 73' lang='lat' dir='ltr'>hereditas</span> 
     </span>
     <span class='ocr_line' id='line_1_6' title="bbox 39 644 1064 720; baseline -0.001 -13"><span class='ocrx_word' id='word_1_38' title='bbox 39 654 184 707; x_wconf 80' lang='lat' dir='ltr'><strong>venerat:</strong></span> <span class='ocrx_word' id='word_1_39' title='bbox 204 647 337 708; x_wconf 92' lang='lat' dir='ltr'><strong>nondum</strong></span> <span class='ocrx_word' id='word_1_40' title='bbox 358 647 389 705; x_wconf 92' lang='lat' dir='ltr'><strong>in</strong></span> <span class='ocrx_word' id='word_1_41' title='bbox 411 645 463 705; x_wconf 80' lang='lat' dir='ltr'><strong>cn.</strong></span> <span class='ocrx_word' id='word_1_42' title='bbox 476 644 610 720; x_wconf 87' lang='lat' dir='ltr'><strong>Pompeii</strong></span> <span class='ocrx_word' id='word_1_43' title='bbox 631 644 731 719; x_wconf 84' lang='lat' dir='ltr'><strong>iocum</strong></span> <span class='ocrx_word' id='word_1_44' title='bbox 749 646 970 720; x_wconf 87' lang='lat' dir='ltr'><strong>multorumque</strong></span> <span class='ocrx_word' id='word_1_45' title='bbox 990 646 1064 706; x_wconf 88' lang='lat' dir='ltr'><strong>aiio·</strong></span> 
     </span>
     <span class='ocr_line' id='line_1_7' title="bbox 38 726 1065 803; baseline -0.002 -14"><span class='ocrx_word' id='word_1_46' title='bbox 38 744 127 799; x_wconf 88' lang='lat' dir='ltr'><strong>rum,</strong></span> <span class='ocrx_word' id='word_1_47' title='bbox 154 727 205 803; x_wconf 89' lang='lat' dir='ltr'><strong>qui</strong></span> <span class='ocrx_word' id='word_1_48' title='bbox 228 731 369 802; x_wconf 89' lang='lat' dir='ltr'><strong>aberant,</strong></span> <span class='ocrx_word' id='word_1_49' title='bbox 387 726 564 803; x_wconf 87' lang='lat' dir='ltr'><strong>repentinus</strong></span> <span class='ocrx_word' id='word_1_50' title='bbox 589 726 680 788; x_wconf 88' lang='lat' dir='ltr'><strong>heres</strong></span> <span class='ocrx_word' id='word_1_51' title='bbox 699 734 901 788; x_wconf 80' lang='lat' dir='ltr'><strong>successerat.</strong></span> <span class='ocrx_word' id='word_1_52' title='bbox 947 727 1018 788; x_wconf 82' lang='lat' dir='ltr'><strong>Erat</strong></span> <span class='ocrx_word' id='word_1_53' title='bbox 1037 728 1065 787; x_wconf 91' lang='lat' dir='ltr'><strong>ei</strong></span> 
     </span>
     <span class='ocr_line' id='line_1_8' title="bbox 38 809 1067 885; baseline 0.001 -16"><span class='ocrx_word' id='word_1_54' title='bbox 38 809 209 871; x_wconf 88' lang='lat' dir='ltr'><strong>vivendum</strong></span> <span class='ocrx_word' id='word_1_55' title='bbox 227 812 374 872; x_wconf 82' lang='lat' dir='ltr'><strong>latronum</strong></span> <span class='ocrx_word' id='word_1_56' title='bbox 387 811 458 881; x_wconf 85' lang='lat' dir='ltr'><strong>ritu,</strong></span> <span class='ocrx_word' id='word_1_57' title='bbox 474 819 506 871; x_wconf 92' lang='lat' dir='ltr'><strong>ut</strong></span> <span class='ocrx_word' id='word_1_58' title='bbox 521 818 631 870; x_wconf 89' lang='lat' dir='ltr'><strong>tantum</strong></span> <span class='ocrx_word' id='word_1_59' title='bbox 644 809 781 883; x_wconf 87' lang='lat' dir='ltr'><strong>haberet,</strong></span> <span class='ocrx_word' id='word_1_60' title='bbox 800 817 944 884; x_wconf 89' lang='lat' dir='ltr'><strong>quantum</strong></span> <span class='ocrx_word' id='word_1_61' title='bbox 958 824 1067 885; x_wconf 87' lang='lat' dir='ltr'><strong>rapere</strong></span> 
     </span>
     <span class='ocr_line' id='line_1_9' title="bbox 41 892 207 969; baseline -0.006 -16"><span class='ocrx_word' id='word_1_62' title='bbox 41 892 207 969; x_wconf 88' lang='lat' dir='ltr'><strong>potuisset.</strong></span> 
     </span>
     <span class='ocr_line' id='line_1_10' title="bbox 10 971 1066 1050; baseline -0.002 -15"><span class='ocrx_word' id='word_1_63' title='bbox 10 984 12 989; x_wconf 82' lang='lat'>&#39;</span> <span class='ocrx_word' id='word_1_64' title='bbox 104 973 155 1035; x_wconf 80' lang='lat' dir='ltr'><strong>ob.</strong></span> <span class='ocrx_word' id='word_1_65' title='bbox 175 975 236 1036; x_wconf 90' lang='lat' dir='ltr'><strong>Sed</strong></span> <span class='ocrx_word' id='word_1_66' title='bbox 246 974 337 1047; x_wconf 89' lang='lat' dir='ltr'><strong>haec,</strong></span> <span class='ocrx_word' id='word_1_67' title='bbox 353 989 431 1049; x_wconf 89' lang='lat' dir='ltr'><strong>quae</strong></span> <span class='ocrx_word' id='word_1_68' title='bbox 442 971 623 1035; x_wconf 75' lang='lat' dir='ltr'><strong>robustioris</strong></span> <span class='ocrx_word' id='word_1_69' title='bbox 637 972 835 1050; x_wconf 76' lang='lat' dir='ltr'><strong>improbitatis</strong></span> <span class='ocrx_word' id='word_1_70' title='bbox 850 982 935 1046; x_wconf 90' lang='lat' dir='ltr'><strong>sunt,</strong></span> <span class='ocrx_word' id='word_1_71' title='bbox 950 972 1066 1034; x_wconf 85' lang='lat' dir='ltr'><strong>omitta-</strong></span> 
     </span>
     <span class='ocr_line' id='line_1_11' title="bbox 38 1055 1067 1132; baseline 0 -15"><span class='ocrx_word' id='word_1_72' title='bbox 38 1073 129 1117; x_wconf 80' lang='lat' dir='ltr'><strong>mus=</strong></span> <span class='ocrx_word' id='word_1_73' title='bbox 152 1059 312 1132; x_wconf 86' lang='lat' dir='ltr'><strong>loquamur</strong></span> <span class='ocrx_word' id='word_1_74' title='bbox 329 1056 429 1130; x_wconf 89' lang='lat' dir='ltr'><strong>potius</strong></span> <span class='ocrx_word' id='word_1_75' title='bbox 446 1056 486 1117; x_wconf 89' lang='lat' dir='ltr'><strong>de</strong></span> <span class='ocrx_word' id='word_1_76' title='bbox 495 1055 686 1131; x_wconf 88' lang='lat' dir='ltr'><strong>nequissimo</strong></span> <span class='ocrx_word' id='word_1_77' title='bbox 709 1072 822 1130; x_wconf 78' lang='lat' dir='ltr'><strong>genere</strong></span> <span class='ocrx_word' id='word_1_78' title='bbox 843 1056 981 1117; x_wconf 86' lang='lat' dir='ltr'><strong>levitatis.</strong></span> <span class='ocrx_word' id='word_1_79' title='bbox 1023 1056 1067 1117; x_wconf 86' lang='lat' dir='ltr'><strong>Tu</strong></span> 
     </span>
     <span class='ocr_line' id='line_1_12' title="bbox 38 1137 1068 1221; baseline -0.003 -20"><span class='ocrx_word' id='word_1_80' title='bbox 38 1138 112 1201; x_wconf 84' lang='lat' dir='ltr'><strong>istis</strong></span> <span class='ocrx_word' id='word_1_81' title='bbox 130 1140 283 1210; x_wconf 81' lang='lat' dir='ltr'><strong>faucibus,</strong></span> <span class='ocrx_word' id='word_1_82' title='bbox 298 1139 364 1199; x_wconf 90' lang='lat' dir='ltr'><strong>istis</strong></span> <span class='ocrx_word' id='word_1_83' title='bbox 379 1138 536 1212; x_wconf 89' lang='lat' dir='ltr'><strong>lateribus,</strong></span> <span class='ocrx_word' id='word_1_84' title='bbox 557 1137 616 1221; x_wconf 87' lang='lat' dir='ltr'><strong>ista</strong></span> <span class='ocrx_word' id='word_1_85' title='bbox 629 1138 805 1213; x_wconf 79' lang='lat' dir='ltr'><strong>gladiatoria</strong></span> <span class='ocrx_word' id='word_1_86' title='bbox 818 1138 910 1199; x_wconf 88' lang='lat' dir='ltr'><strong>totius</strong></span> <span class='ocrx_word' id='word_1_87' title='bbox 929 1138 1068 1212; x_wconf 87' lang='lat' dir='ltr'><strong>corporis</strong></span> 
     </span>
     <span class='ocr_line' id='line_1_13' title="bbox 37 1218 1067 1296; baseline -0.003 -15"><span class='ocrx_word' id='word_1_88' title='bbox 37 1222 183 1281; x_wconf 82' lang='lat' dir='ltr'><strong>firmitate</strong></span> <span class='ocrx_word' id='word_1_89' title='bbox 209 1228 321 1281; x_wconf 77' lang='lat' dir='ltr'><strong>matum</strong></span> <span class='ocrx_word' id='word_1_90' title='bbox 343 1219 404 1279; x_wconf 85' lang='lat' dir='ltr'><strong>vini</strong></span> <span class='ocrx_word' id='word_1_91' title='bbox 429 1220 459 1280; x_wconf 91' lang='lat' dir='ltr'><strong>in</strong></span> <span class='ocrx_word' id='word_1_92' title='bbox 470 1218 605 1295; x_wconf 79' lang='lat' dir='ltr'><strong>iiippiae</strong></span> <span class='ocrx_word' id='word_1_93' title='bbox 620 1220 732 1296; x_wconf 87' lang='lat' dir='ltr'><strong>nuptiis</strong></span> <span class='ocrx_word' id='word_1_94' title='bbox 749 1222 950 1292; x_wconf 81' lang='lat' dir='ltr'><strong>exhauseras,</strong></span> <span class='ocrx_word' id='word_1_95' title='bbox 965 1226 998 1280; x_wconf 93' lang='lat' dir='ltr'><strong>ut</strong></span> <span class='ocrx_word' id='word_1_96' title='bbox 1013 1219 1067 1281; x_wconf 89' lang='lat' dir='ltr'><strong>tibi</strong></span> 
     </span>
     <span class='ocr_line' id='line_1_14' title="bbox 36 1301 1066 1379; baseline 0.002 -16"><span class='ocrx_word' id='word_1_97' title='bbox 36 1317 175 1363; x_wconf 86' lang='lat' dir='ltr'><strong>necesse</strong></span> <span class='ocrx_word' id='word_1_98' title='bbox 189 1311 272 1362; x_wconf 90' lang='lat' dir='ltr'><strong>esset</strong></span> <span class='ocrx_word' id='word_1_99' title='bbox 285 1301 316 1361; x_wconf 92' lang='lat' dir='ltr'><strong>in</strong></span> <span class='ocrx_word' id='word_1_100' title='bbox 333 1301 438 1377; x_wconf 84' lang='lat' dir='ltr'><strong>popuii</strong></span> <span class='ocrx_word' id='word_1_101' title='bbox 450 1302 578 1363; x_wconf 85' lang='lat' dir='ltr'><strong>Romani</strong></span> <span class='ocrx_word' id='word_1_102' title='bbox 592 1311 759 1379; x_wconf 85' lang='lat' dir='ltr'><strong>conspectu</strong></span> <span class='ocrx_word' id='word_1_103' title='bbox 772 1319 896 1365; x_wconf 91' lang='lat' dir='ltr'><strong>vomere</strong></span> <span class='ocrx_word' id='word_1_104' title='bbox 911 1302 1066 1378; x_wconf 84' lang='lat' dir='ltr'><strong>postridie.</strong></span> 
     </span>
     <span class='ocr_line' id='line_1_15' title="bbox 37 1383 1068 1457; baseline -0.001 -12"><span class='ocrx_word' id='word_1_105' title='bbox 37 1384 68 1445; x_wconf 88' lang='lat'>0</span> <span class='ocrx_word' id='word_1_106' title='bbox 93 1399 156 1443; x_wconf 90' lang='lat' dir='ltr'><strong>rem</strong></span> <span class='ocrx_word' id='word_1_107' title='bbox 178 1399 240 1443; x_wconf 89' lang='lat' dir='ltr'><strong>non</strong></span> <span class='ocrx_word' id='word_1_108' title='bbox 260 1384 351 1445; x_wconf 91' lang='lat' dir='ltr'><strong>modo</strong></span> <span class='ocrx_word' id='word_1_109' title='bbox 369 1383 437 1444; x_wconf 86' lang='lat' dir='ltr'><strong>visu</strong></span> <span class='ocrx_word' id='word_1_110' title='bbox 457 1385 592 1457; x_wconf 83' lang='lat' dir='ltr'><strong>foedam,</strong></span> <span class='ocrx_word' id='word_1_111' title='bbox 613 1387 669 1446; x_wconf 92' lang='lat' dir='ltr'><strong>sed</strong></span> <span class='ocrx_word' id='word_1_112' title='bbox 690 1384 778 1449; x_wconf 86' lang='lat' dir='ltr'><strong>etiam</strong></span> <span class='ocrx_word' id='word_1_113' title='bbox 793 1386 914 1448; x_wconf 87' lang='lat' dir='ltr'><strong>auditui</strong></span> <span class='ocrx_word' id='word_1_114' title='bbox 937 1383 970 1444; x_wconf 84' lang='lat' dir='ltr'><strong>si</strong></span> <span class='ocrx_word' id='word_1_115' title='bbox 990 1383 1068 1445; x_wconf 89' lang='lat' dir='ltr'><strong>inter</strong></span> 
     </span>
     <span class='ocr_line' id='line_1_16' title="bbox 38 1464 1067 1545; baseline 0.001 -18"><span class='ocrx_word' id='word_1_116' title='bbox 38 1480 172 1527; x_wconf 89' lang='lat' dir='ltr'><strong>coenam</strong></span> <span class='ocrx_word' id='word_1_117' title='bbox 188 1466 218 1527; x_wconf 91' lang='lat' dir='ltr'><strong>in</strong></span> <span class='ocrx_word' id='word_1_118' title='bbox 232 1466 310 1541; x_wconf 87' lang='lat' dir='ltr'><strong>ipsis</strong></span> <span class='ocrx_word' id='word_1_119' title='bbox 324 1464 383 1527; x_wconf 89' lang='lat' dir='ltr'><strong>tuis</strong></span> <span class='ocrx_word' id='word_1_120' title='bbox 396 1465 576 1528; x_wconf 85' lang='lat' dir='ltr'><strong>immanibus</strong></span> <span class='ocrx_word' id='word_1_121' title='bbox 591 1467 650 1530; x_wconf 84' lang='lat' dir='ltr'><strong>iiiia</strong></span> <span class='ocrx_word' id='word_1_122' title='bbox 665 1470 784 1545; x_wconf 83' lang='lat' dir='ltr'><strong>poculis</strong></span> <span class='ocrx_word' id='word_1_123' title='bbox 798 1469 857 1531; x_wconf 90' lang='lat' dir='ltr'><strong>hoe</strong></span> <span class='ocrx_word' id='word_1_124' title='bbox 871 1468 924 1531; x_wconf 90' lang='lat' dir='ltr'><strong>tibi</strong></span> <span class='ocrx_word' id='word_1_125' title='bbox 938 1466 1067 1529; x_wconf 88' lang='lat' dir='ltr'><strong>accidis·</strong></span> 
     </span>
     <span class='ocr_line' id='line_1_17' title="bbox 38 1548 1068 1628; baseline 0.001 -18"><span class='ocrx_word' id='word_1_126' title='bbox 38 1555 107 1620; x_wconf 87' lang='lat' dir='ltr'><strong>set,</strong></span> <span class='ocrx_word' id='word_1_127' title='bbox 130 1548 198 1624; x_wconf 83' lang='lat' dir='ltr'><strong>qu&#39;is</strong></span> <span class='ocrx_word' id='word_1_128' title='bbox 219 1567 279 1611; x_wconf 90' lang='lat' dir='ltr'><strong>non</strong></span> <span class='ocrx_word' id='word_1_129' title='bbox 302 1558 391 1625; x_wconf 80' lang='lat' dir='ltr'><strong>turpe</strong></span> <span class='ocrx_word' id='word_1_130' title='bbox 414 1550 559 1611; x_wconf 81' lang='lat' dir='ltr'><strong>ducerett</strong></span> <span class='ocrx_word' id='word_1_131' title='bbox 579 1552 612 1610; x_wconf 91' lang='lat' dir='ltr'><strong>in</strong></span> <span class='ocrx_word' id='word_1_132' title='bbox 628 1560 718 1612; x_wconf 90' lang='lat' dir='ltr'><strong>coetu</strong></span> <span class='ocrx_word' id='word_1_133' title='bbox 730 1568 803 1613; x_wconf 86' lang='lat' dir='ltr'><strong>vero</strong></span> <span class='ocrx_word' id='word_1_134' title='bbox 819 1551 926 1628; x_wconf 91' lang='lat' dir='ltr'><strong>popuii</strong></span> <span class='ocrx_word' id='word_1_135' title='bbox 940 1549 1068 1612; x_wconf 87' lang='lat' dir='ltr'><strong>Romani</strong></span> 
     </span>
     <span class='ocr_line' id='line_1_18' title="bbox 39 1631 1067 1708; baseline 0 -15"><span class='ocrx_word' id='word_1_136' title='bbox 39 1631 206 1706; x_wconf 80' lang='lat' dir='ltr'><strong>negocium</strong></span> <span class='ocrx_word' id='word_1_137' title='bbox 227 1631 383 1706; x_wconf 88' lang='lat' dir='ltr'><strong>pubiicum</strong></span> <span class='ocrx_word' id='word_1_138' title='bbox 401 1646 526 1703; x_wconf 73' lang='lat' dir='ltr'><strong>gerens,</strong></span> <span class='ocrx_word' id='word_1_139' title='bbox 545 1631 689 1704; x_wconf 79' lang='lat' dir='ltr'><strong>magister</strong></span> <span class='ocrx_word' id='word_1_140' title='bbox 710 1632 858 1708; x_wconf 88' lang='lat' dir='ltr'><strong>equitum,</strong></span> <span class='ocrx_word' id='word_1_141' title='bbox 881 1634 929 1693; x_wconf 91' lang='lat' dir='ltr'><strong>eui</strong></span> <span class='ocrx_word' id='word_1_142' title='bbox 949 1643 1067 1695; x_wconf 87' lang='lat' dir='ltr'><strong>ructare</strong></span> 
     </span>
     <span class='ocr_line' id='line_1_19' title="bbox 38 1710 1068 1787; baseline -0.002 -11"><span class='ocrx_word' id='word_1_143' title='bbox 38 1722 134 1787; x_wconf 87' lang='lat' dir='ltr'><strong>turpe</strong></span> <span class='ocrx_word' id='word_1_144' title='bbox 149 1720 247 1784; x_wconf 90' lang='lat' dir='ltr'><strong>esset,</strong></span> <span class='ocrx_word' id='word_1_145' title='bbox 260 1712 288 1771; x_wconf 89' lang='lat' dir='ltr'><strong>is</strong></span> <span class='ocrx_word' id='word_1_146' title='bbox 301 1725 431 1772; x_wconf 89' lang='lat' dir='ltr'><strong>vomens</strong></span> <span class='ocrx_word' id='word_1_147' title='bbox 445 1710 550 1769; x_wconf 82' lang='lat' dir='ltr'><strong>trustis</strong></span> <span class='ocrx_word' id='word_1_148' title='bbox 565 1712 729 1772; x_wconf 88' lang='lat' dir='ltr'><strong>escnientis</strong></span> <span class='ocrx_word' id='word_1_149' title='bbox 744 1715 846 1773; x_wconf 89' lang='lat' dir='ltr'><strong>vinum</strong></span> <span class='ocrx_word' id='word_1_150' title='bbox 860 1714 1068 1774; x_wconf 86' lang='lat' dir='ltr'><strong>redolentibus</strong></span> 
     </span>
     <span class='ocr_line' id='line_1_20' title="bbox 37 1791 1066 1872; baseline -0.001 -18"><span class='ocrx_word' id='word_1_151' title='bbox 37 1793 192 1872; x_wconf 73' lang='lat' dir='ltr'><strong>gremium</strong></span> <span class='ocrx_word' id='word_1_152' title='bbox 207 1808 295 1854; x_wconf 90' lang='lat' dir='ltr'><strong>suum</strong></span> <span class='ocrx_word' id='word_1_153' title='bbox 309 1799 447 1853; x_wconf 87' lang='lat' dir='ltr'><strong>ettotam</strong></span> <span class='ocrx_word' id='word_1_154' title='bbox 464 1791 593 1851; x_wconf 88' lang='lat' dir='ltr'><strong>tribunal</strong></span> <span class='ocrx_word' id='word_1_155' title='bbox 609 1791 754 1867; x_wconf 90' lang='lat' dir='ltr'><strong>impievit.</strong></span> <span class='ocrx_word' id='word_1_156' title='bbox 796 1794 858 1854; x_wconf 84' lang='lat' dir='ltr'><strong>Sed</strong></span> <span class='ocrx_word' id='word_1_157' title='bbox 873 1795 932 1854; x_wconf 92' lang='lat' dir='ltr'><strong>hoc</strong></span> <span class='ocrx_word' id='word_1_158' title='bbox 946 1793 1014 1868; x_wconf 89' lang='lat' dir='ltr'><strong>ipse</strong></span> <span class='ocrx_word' id='word_1_159' title='bbox 1025 1794 1066 1853; x_wconf 84' lang='lat' dir='ltr'><strong>ia-</strong></span> 
     </span>
     <span class='ocr_line' id='line_1_21' title="bbox 35 1871 1030 1957; baseline -0.003 -20"><span class='ocrx_word' id='word_1_160' title='bbox 35 1885 125 1943; x_wconf 83' lang='lat' dir='ltr'><strong>tetur</strong></span> <span class='ocrx_word' id='word_1_161' title='bbox 135 1890 205 1936; x_wconf 87' lang='lat' dir='ltr'><strong>esse</strong></span> <span class='ocrx_word' id='word_1_162' title='bbox 220 1875 251 1935; x_wconf 90' lang='lat' dir='ltr'><strong>iu</strong></span> <span class='ocrx_word' id='word_1_163' title='bbox 262 1873 327 1935; x_wconf 89' lang='lat' dir='ltr'><strong>suis</strong></span> <span class='ocrx_word' id='word_1_164' title='bbox 343 1871 500 1934; x_wconf 68' lang='lat' dir='ltr'><strong>sordibusr</strong></span> <span class='ocrx_word' id='word_1_165' title='bbox 509 1872 671 1935; x_wconf 83' lang='lat' dir='ltr'><strong>-veniomus</strong></span> <span class='ocrx_word' id='word_1_166' title='bbox 685 1876 725 1935; x_wconf 89' lang='lat' dir='ltr'><strong>ad</strong></span> <span class='ocrx_word' id='word_1_167' title='bbox 739 1874 956 1949; x_wconf 83' lang='lat' dir='ltr'><strong>splendidiora</strong></span> <span class='ocrx_word' id='word_1_168' title='bbox 1022 1944 1030 1957; x_wconf 31' lang='grc' dir='ltr'><em>Ι</em></span> 
     </span>
     <span class='ocr_line' id='line_1_22' title="bbox 108 1955 1069 2033; baseline 0.001 -15"><span class='ocrx_word' id='word_1_169' title='bbox 108 1955 281 2021; x_wconf 79' lang='lat' dir='ltr'><strong>xxv1.64.</strong></span> <span class='ocrx_word' id='word_1_170' title='bbox 302 1956 415 2018; x_wconf 81' lang='lat' dir='ltr'><strong>Caesar</strong></span> <span class='ocrx_word' id='word_1_171' title='bbox 432 1957 626 2018; x_wconf 84' lang='lat' dir='ltr'><strong>Aiexandrea</strong></span> <span class='ocrx_word' id='word_1_172' title='bbox 646 1973 681 2019; x_wconf 89' lang='lat' dir='ltr'><strong>se</strong></span> <span class='ocrx_word' id='word_1_173' title='bbox 703 1956 831 2033; x_wconf 90' lang='lat' dir='ltr'><strong>recepit,</strong></span> <span class='ocrx_word' id='word_1_174' title='bbox 857 1957 944 2029; x_wconf 86' lang='lat' dir='ltr'><strong>ieiix,</strong></span> <span class='ocrx_word' id='word_1_175' title='bbox 964 1964 998 2017; x_wconf 93' lang='lat' dir='ltr'><strong>ut</strong></span> <span class='ocrx_word' id='word_1_176' title='bbox 1011 1956 1069 2019; x_wconf 90' lang='lat' dir='ltr'><strong>sibi</strong></span> 
     </span>
     <span class='ocr_line' id='line_1_23' title="bbox 41 2037 1070 2119; baseline -0.001 -17"><span class='ocrx_word' id='word_1_177' title='bbox 41 2041 169 2119; x_wconf 90' lang='lat' dir='ltr'><strong>quidem</strong></span> <span class='ocrx_word' id='word_1_178' title='bbox 186 2039 358 2102; x_wconf 85' lang='lat' dir='ltr'><strong>videbatur=</strong></span> <span class='ocrx_word' id='word_1_179' title='bbox 376 2056 443 2100; x_wconf 89' lang='lat' dir='ltr'><strong>mea</strong></span> <span class='ocrx_word' id='word_1_180' title='bbox 459 2045 559 2101; x_wconf 89' lang='lat' dir='ltr'><strong>autem</strong></span> <span class='ocrx_word' id='word_1_181' title='bbox 575 2039 732 2115; x_wconf 87' lang='lat' dir='ltr'><strong>sententia,</strong></span> <span class='ocrx_word' id='word_1_182' title='bbox 748 2040 800 2117; x_wconf 91' lang='lat' dir='ltr'><strong>qui</strong></span> <span class='ocrx_word' id='word_1_183' title='bbox 814 2039 858 2101; x_wconf 87' lang='lat' dir='ltr'><strong>rei</strong></span> <span class='ocrx_word' id='word_1_184' title='bbox 872 2037 1011 2114; x_wconf 83' lang='lat' dir='ltr'><strong>pubiioae</strong></span> <span class='ocrx_word' id='word_1_185' title='bbox 1030 2039 1070 2101; x_wconf 89' lang='lat' dir='ltr'><strong>sit</strong></span> 
     </span>
     <span class='ocr_line' id='line_1_24' title="bbox 40 2122 1068 2200; baseline -0.003 -14"><span class='ocrx_word' id='word_1_186' title='bbox 40 2123 165 2194; x_wconf 75' lang='lat' dir='ltr'><strong>infelix,</strong></span> <span class='ocrx_word' id='word_1_187' title='bbox 180 2124 252 2185; x_wconf 83' lang='lat' dir='ltr'><strong>ieiix</strong></span> <span class='ocrx_word' id='word_1_188' title='bbox 275 2139 346 2185; x_wconf 90' lang='lat' dir='ltr'><strong>esse</strong></span> <span class='ocrx_word' id='word_1_189' title='bbox 359 2138 448 2184; x_wconf 90' lang='lat' dir='ltr'><strong>nemo</strong></span> <span class='ocrx_word' id='word_1_190' title='bbox 466 2131 577 2199; x_wconf 87' lang='lat' dir='ltr'><strong>potest.</strong></span> <span class='ocrx_word' id='word_1_191' title='bbox 619 2125 714 2185; x_wconf 82' lang='lat' dir='ltr'><strong>Hasta</strong></span> <span class='ocrx_word' id='word_1_192' title='bbox 734 2123 833 2200; x_wconf 85' lang='lat' dir='ltr'><strong>posita</strong></span> <span class='ocrx_word' id='word_1_193' title='bbox 847 2139 903 2199; x_wconf 92' lang='lat' dir='ltr'><strong>pro</strong></span> <span class='ocrx_word' id='word_1_194' title='bbox 922 2122 999 2183; x_wconf 88' lang='lat' dir='ltr'><strong>aede</strong></span> <span class='ocrx_word' id='word_1_195' title='bbox 1019 2122 1068 2183; x_wconf 94' lang='lat' dir='ltr'><strong>lo·</strong></span> 
     </span>
     <span class='ocr_line' id='line_1_25' title="bbox 42 2205 1070 2293; baseline -0.003 -25"><span class='ocrx_word' id='word_1_196' title='bbox 42 2207 95 2268; x_wconf 88' lang='lat' dir='ltr'><strong>vis</strong></span> <span class='ocrx_word' id='word_1_197' title='bbox 112 2205 239 2268; x_wconf 88' lang='lat' dir='ltr'><strong>Statoris</strong></span> <span class='ocrx_word' id='word_1_198' title='bbox 257 2205 549 2293; x_wconf 80' lang='lat' dir='ltr'><strong>bonocn.1&gt;ompeii</strong></span> <span class='ocrx_word' id='word_1_199' title='bbox 567 2238 610 2253; x_wconf 86' lang='lat'><strong>-</strong></span> <span class='ocrx_word' id='word_1_200' title='bbox 630 2206 771 2269; x_wconf 86' lang='lat' dir='ltr'><strong>miserum</strong></span> <span class='ocrx_word' id='word_1_201' title='bbox 792 2214 855 2268; x_wconf 90' lang='lat' dir='ltr'><strong>met</strong></span> <span class='ocrx_word' id='word_1_202' title='bbox 881 2205 1070 2280; x_wconf 83' lang='lat' dir='ltr'><strong>consumptis</strong></span> 
     </span>
     <span class='ocr_line' id='line_1_26' title="bbox 42 2287 1069 2363; baseline -0.006 -10"><span class='ocrx_word' id='word_1_203' title='bbox 42 2289 126 2353; x_wconf 89' lang='lat' dir='ltr'><strong>enim</strong></span> <span class='ocrx_word' id='word_1_204' title='bbox 141 2289 272 2350; x_wconf 85' lang='lat' dir='ltr'><strong>lacrimis</strong></span> <span class='ocrx_word' id='word_1_205' title='bbox 286 2297 384 2349; x_wconf 86' lang='lat' dir='ltr'><strong>tamen</strong></span> <span class='ocrx_word' id='word_1_206' title='bbox 403 2289 516 2349; x_wconf 83' lang='lat' dir='ltr'><strong>infixus</strong></span> <span class='ocrx_word' id='word_1_207' title='bbox 527 2289 632 2351; x_wconf 84' lang='lat' dir='ltr'><strong>haeret</strong></span> <span class='ocrx_word' id='word_1_208' title='bbox 644 2289 745 2350; x_wconf 88' lang='lat' dir='ltr'><strong>animo</strong></span> <span class='ocrx_word' id='word_1_209' title='bbox 762 2290 851 2351; x_wconf 91' lang='lat' dir='ltr'><strong>doior</strong></span> <span class='ocrx_word' id='word_1_210' title='bbox 862 2321 905 2335; x_wconf 89' lang='lat'><strong>-·-</strong></span> <span class='ocrx_word' id='word_1_211' title='bbox 918 2290 1008 2363; x_wconf 90' lang='lat' dir='ltr'><strong>bona,</strong></span> <span class='ocrx_word' id='word_1_212' title='bbox 1024 2287 1069 2348; x_wconf 89' lang='lat' dir='ltr'><strong>in·</strong></span> 
     </span>
     <span class='ocr_line' id='line_1_27' title="bbox 43 2370 1070 2449; baseline -0.002 -16"><span class='ocrx_word' id='word_1_213' title='bbox 43 2388 153 2449; x_wconf 84' lang='lat' dir='ltr'><strong>quarn,</strong></span> <span class='ocrx_word' id='word_1_214' title='bbox 178 2371 234 2432; x_wconf 84' lang='lat' dir='ltr'><strong>cm&#39;</strong></span> <span class='ocrx_word' id='word_1_215' title='bbox 244 2370 380 2446; x_wconf 89' lang='lat' dir='ltr'><strong>Pompeii</strong></span> <span class='ocrx_word' id='word_1_216' title='bbox 396 2370 497 2446; x_wconf 76' lang='lat' dir='ltr'><strong>Magni</strong></span> <span class='ocrx_word' id='word_1_217' title='bbox 519 2372 589 2433; x_wconf 89' lang='lat' dir='ltr'><strong>voci</strong></span> <span class='ocrx_word' id='word_1_218' title='bbox 604 2371 819 2434; x_wconf 88' lang='lat' dir='ltr'><strong>acerbissimae</strong></span> <span class='ocrx_word' id='word_1_219' title='bbox 832 2371 968 2433; x_wconf 86' lang='lat' dir='ltr'><strong>subiecta</strong></span> <span class='ocrx_word' id='word_1_220' title='bbox 983 2386 1070 2446; x_wconf 85' lang='lat' dir='ltr'><strong>prae·</strong></span> 
     </span>
     <span class='ocr_line' id='line_1_28' title="bbox 43 2451 1069 2529; baseline -0.005 -12"><span class='ocrx_word' id='word_1_221' title='bbox 43 2453 145 2517; x_wconf 88' lang='lat' dir='ltr'><strong>conis.</strong></span> <span class='ocrx_word' id='word_1_222' title='bbox 187 2455 254 2516; x_wconf 86' lang='lat' dir='ltr'><strong>Una</strong></span> <span class='ocrx_word' id='word_1_223' title='bbox 276 2453 307 2512; x_wconf 90' lang='lat' dir='ltr'><strong>in</strong></span> <span class='ocrx_word' id='word_1_224' title='bbox 327 2453 379 2513; x_wconf 89' lang='lat' dir='ltr'><strong>iiia</strong></span> <span class='ocrx_word' id='word_1_225' title='bbox 399 2470 434 2513; x_wconf 90' lang='lat' dir='ltr'><strong>re</strong></span> <span class='ocrx_word' id='word_1_226' title='bbox 448 2454 602 2516; x_wconf 86' lang='lat' dir='ltr'><strong>servitutis</strong></span> <span class='ocrx_word' id='word_1_227' title='bbox 619 2455 711 2516; x_wconf 87' lang='lat' dir='ltr'><strong>obiita</strong></span> <span class='ocrx_word' id='word_1_228' title='bbox 728 2454 836 2516; x_wconf 86' lang='lat' dir='ltr'><strong>civitas</strong></span> <span class='ocrx_word' id='word_1_229' title='bbox 847 2451 991 2529; x_wconf 78' lang='lat' dir='ltr'><strong>ingemuit</strong></span> <span class='ocrx_word' id='word_1_230' title='bbox 1005 2468 1069 2512; x_wconf 85' lang='lat' dir='ltr'><strong>ser·</strong></span> 
     </span>
     <span class='ocr_line' id='line_1_29' title="bbox 43 2533 1070 2612; baseline -0.003 -14"><span class='ocrx_word' id='word_1_231' title='bbox 43 2537 262 2612; x_wconf 87' lang='lat' dir='ltr'><strong>vientibusque</strong></span> <span class='ocrx_word' id='word_1_232' title='bbox 276 2534 400 2610; x_wconf 87' lang='lat' dir='ltr'><strong>animis,</strong></span> <span class='ocrx_word' id='word_1_233' title='bbox 415 2547 506 2610; x_wconf 85' lang='lat' dir='ltr'><strong>quum</strong></span> <span class='ocrx_word' id='word_1_234' title='bbox 522 2537 622 2598; x_wconf 84' lang='lat' dir='ltr'><strong>omnia</strong></span> <span class='ocrx_word' id='word_1_235' title='bbox 637 2547 719 2598; x_wconf 90' lang='lat' dir='ltr'><strong>metu</strong></span> <span class='ocrx_word' id='word_1_236' title='bbox 732 2546 920 2608; x_wconf 82' lang='lat' dir='ltr'><strong>tenerentur,</strong></span> <span class='ocrx_word' id='word_1_237' title='bbox 940 2533 1070 2611; x_wconf 71' lang='lat' dir='ltr'><strong>gemitus</strong></span> 
     </span>
     <span class='ocr_line' id='line_1_30' title="bbox 41 2616 1070 2696; baseline -0.006 -14"><span class='ocrx_word' id='word_1_238' title='bbox 41 2629 148 2682; x_wconf 87' lang='lat' dir='ltr'><strong>tamen</strong></span> <span class='ocrx_word' id='word_1_239' title='bbox 171 2619 276 2696; x_wconf 90' lang='lat' dir='ltr'><strong>popuii</strong></span> <span class='ocrx_word' id='word_1_240' title='bbox 294 2619 423 2678; x_wconf 87' lang='lat' dir='ltr'><strong>Romani</strong></span> <span class='ocrx_word' id='word_1_241' title='bbox 443 2618 518 2677; x_wconf 91' lang='lat' dir='ltr'><strong>iiber</strong></span> <span class='ocrx_word' id='word_1_242' title='bbox 539 2619 602 2681; x_wconf 83' lang='lat' dir='ltr'><strong>tuit.</strong></span> <span class='ocrx_word' id='word_1_243' title='bbox 649 2619 903 2696; x_wconf 84' lang='lat' dir='ltr'><strong>Exspectantibus</strong></span> <span class='ocrx_word' id='word_1_244' title='bbox 930 2616 1070 2677; x_wconf 88' lang='lat' dir='ltr'><strong>omnibus</strong></span> 
     </span>
     <span class='ocr_line' id='line_1_31' title="bbox 46 2698 1070 2778; baseline -0.005 -15"><span class='ocrx_word' id='word_1_245' title='bbox 46 2703 189 2777; x_wconf 86' lang='lat' dir='ltr'><strong>quisnam</strong></span> <span class='ocrx_word' id='word_1_246' title='bbox 209 2707 292 2763; x_wconf 91' lang='lat' dir='ltr'><strong>esset</strong></span> <span class='ocrx_word' id='word_1_247' title='bbox 304 2709 365 2762; x_wconf 88' lang='lat' dir='ltr'><strong>tam</strong></span> <span class='ocrx_word' id='word_1_248' title='bbox 377 2698 498 2775; x_wconf 85' lang='lat' dir='ltr'><strong>impius,</strong></span> <span class='ocrx_word' id='word_1_249' title='bbox 512 2708 572 2761; x_wconf 88' lang='lat' dir='ltr'><strong>tam</strong></span> <span class='ocrx_word' id='word_1_250' title='bbox 589 2704 730 2778; x_wconf 90' lang='lat' dir='ltr'><strong>demens,</strong></span> <span class='ocrx_word' id='word_1_251' title='bbox 745 2711 806 2765; x_wconf 87' lang='lat' dir='ltr'><strong>tam</strong></span> <span class='ocrx_word' id='word_1_252' title='bbox 820 2701 868 2762; x_wconf 87' lang='lat' dir='ltr'><strong>dis</strong></span> <span class='ocrx_word' id='word_1_253' title='bbox 886 2698 1070 2761; x_wconf 89' lang='lat' dir='ltr'><strong>bominibus-</strong></span> 
     </span>
     <span class='ocr_line' id='line_1_32' title="bbox 45 2782 1070 2860; baseline -0.003 -16"><span class='ocrx_word' id='word_1_254' title='bbox 45 2799 110 2860; x_wconf 87' lang='lat' dir='ltr'><strong>quc</strong></span> <span class='ocrx_word' id='word_1_255' title='bbox 124 2783 236 2858; x_wconf 89' lang='lat' dir='ltr'><strong>hostis,</strong></span> <span class='ocrx_word' id='word_1_256' title='bbox 258 2783 310 2859; x_wconf 90' lang='lat' dir='ltr'><strong>qui</strong></span> <span class='ocrx_word' id='word_1_257' title='bbox 330 2783 370 2843; x_wconf 88' lang='lat' dir='ltr'><strong>ad</strong></span> <span class='ocrx_word' id='word_1_258' title='bbox 388 2782 461 2843; x_wconf 92' lang='lat' dir='ltr'><strong>iiiud</strong></span> <span class='ocrx_word' id='word_1_259' title='bbox 483 2784 584 2845; x_wconf 89' lang='lat' dir='ltr'><strong>scelus</strong></span> <span class='ocrx_word' id='word_1_260' title='bbox 602 2784 747 2848; x_wconf 85' lang='lat' dir='ltr'><strong>sectionis</strong></span> <span class='ocrx_word' id='word_1_261' title='bbox 760 2786 894 2847; x_wconf 68' lang='lat' dir='ltr'><strong>‘auderet</strong></span> <span class='ocrx_word' id='word_1_262' title='bbox 912 2782 1070 2853; x_wconf 84' lang='lat' dir='ltr'><strong>accedere,</strong></span> 
     </span>
     <span class='ocr_line' id='line_1_33' title="bbox 43 2867 1072 2944; baseline -0.003 -16"><span class='ocrx_word' id='word_1_263' title='bbox 43 2867 190 2928; x_wconf 88' lang='lat' dir='ltr'><strong>inventus</strong></span> <span class='ocrx_word' id='word_1_264' title='bbox 209 2875 256 2928; x_wconf 90' lang='lat' dir='ltr'><strong>est</strong></span> <span class='ocrx_word' id='word_1_265' title='bbox 279 2881 368 2928; x_wconf 91' lang='lat' dir='ltr'><strong>nemo</strong></span> <span class='ocrx_word' id='word_1_266' title='bbox 388 2872 508 2941; x_wconf 87' lang='lat' dir='ltr'><strong>praeter</strong></span> <span class='ocrx_word' id='word_1_267' title='bbox 518 2867 696 2941; x_wconf 87' lang='lat' dir='ltr'><strong>Antonium,</strong></span> <span class='ocrx_word' id='word_1_268' title='bbox 716 2867 892 2944; x_wconf 88' lang='lat' dir='ltr'><strong>praesertim</strong></span> <span class='ocrx_word' id='word_1_269' title='bbox 914 2880 1006 2940; x_wconf 84' lang='lat' dir='ltr'><strong>quum</strong></span> <span class='ocrx_word' id='word_1_270' title='bbox 1026 2870 1072 2925; x_wconf 89' lang='lat' dir='ltr'><strong>tot</strong></span> 
     </span>
     <span class='ocr_line' id='line_1_34' title="bbox 45 2948 1071 3024; baseline -0.005 -13"><span class='ocrx_word' id='word_1_271' title='bbox 45 2958 155 3011; x_wconf 89' lang='lat' dir='ltr'><strong>essent</strong></span> <span class='ocrx_word' id='word_1_272' title='bbox 168 2950 280 3010; x_wconf 88' lang='lat' dir='ltr'><strong>circum</strong></span> <span class='ocrx_word' id='word_1_273' title='bbox 295 2950 413 3011; x_wconf 84' lang='lat' dir='ltr'><strong>hastam</strong></span> <span class='ocrx_word' id='word_1_274' title='bbox 427 2948 523 3024; x_wconf 90' lang='lat' dir='ltr'><strong>iiiam,</strong></span> <span class='ocrx_word' id='word_1_275' title='bbox 540 2948 596 3024; x_wconf 70' lang='lat' dir='ltr'><strong>&#39;qui</strong></span> <span class='ocrx_word' id='word_1_276' title='bbox 610 2949 670 3010; x_wconf 87' lang='lat' dir='ltr'><strong>aiia</strong></span> <span class='ocrx_word' id='word_1_277' title='bbox 684 2950 785 3012; x_wconf 89' lang='lat' dir='ltr'><strong>omnia</strong></span> <span class='ocrx_word' id='word_1_278' title='bbox 808 2950 969 3010; x_wconf 85' lang='lat' dir='ltr'><strong>auderent=</strong></span> <span class='ocrx_word' id='word_1_279' title='bbox 991 2961 1071 3008; x_wconf 92' lang='lat' dir='ltr'><strong>unus</strong></span> 
     </span>
     <span class='ocr_line' id='line_1_35' title="bbox 47 3030 1071 3108; baseline -0.004 -16"><span class='ocrx_word' id='word_1_280' title='bbox 47 3032 192 3093; x_wconf 89' lang='lat' dir='ltr'><strong>inventus</strong></span> <span class='ocrx_word' id='word_1_281' title='bbox 209 3040 257 3093; x_wconf 90' lang='lat' dir='ltr'><strong>est</strong></span> <span class='ocrx_word' id='word_1_282' title='bbox 270 3033 322 3108; x_wconf 90' lang='lat' dir='ltr'><strong>qui</strong></span> <span class='ocrx_word' id='word_1_283' title='bbox 335 3032 366 3092; x_wconf 93' lang='lat' dir='ltr'><strong>id</strong></span> <span class='ocrx_word' id='word_1_284' title='bbox 382 3032 522 3102; x_wconf 87' lang='lat' dir='ltr'><strong>auderet,</strong></span> <span class='ocrx_word' id='word_1_285' title='bbox 545 3033 628 3108; x_wconf 87' lang='lat' dir='ltr'><strong>quod</strong></span> <span class='ocrx_word' id='word_1_286' title='bbox 644 3034 776 3095; x_wconf 90' lang='lat' dir='ltr'><strong>omnium</strong></span> <span class='ocrx_word' id='word_1_287' title='bbox 792 3030 921 3108; x_wconf 76' lang='lat' dir='ltr'><strong>fugisset</strong></span> <span class='ocrx_word' id='word_1_288' title='bbox 934 3039 964 3091; x_wconf 89' lang='lat' dir='ltr'><strong>et</strong></span> <span class='ocrx_word' id='word_1_289' title='bbox 976 3031 1071 3091; x_wconf 89' lang='lat' dir='ltr'><strong>reior-</strong></span> 
     </span>
     <span class='ocr_line' id='line_1_36' title="bbox 46 3113 1071 3191; baseline -0.004 -18"><span class='ocrx_word' id='word_1_290' title='bbox 46 3114 196 3175; x_wconf 89' lang='lat' dir='ltr'><strong>midasset</strong></span> <span class='ocrx_word' id='word_1_291' title='bbox 211 3115 347 3179; x_wconf 89' lang='lat' dir='ltr'><strong>audacia.</strong></span> <span class='ocrx_word' id='word_1_292' title='bbox 384 3113 558 3176; x_wconf 59' lang='lat' dir='ltr'><strong>dinanius</strong></span> <span class='ocrx_word' id='word_1_293' title='bbox 572 3114 704 3189; x_wconf 70' lang='lat' dir='ltr'><strong>igiturne</strong></span> <span class='ocrx_word' id='word_1_294' title='bbox 719 3125 826 3191; x_wconf 86' lang='lat' dir='ltr'><strong>stupor</strong></span> <span class='ocrx_word' id='word_1_295' title='bbox 843 3115 998 3189; x_wconf 88' lang='lat' dir='ltr'><strong>oppressit</strong></span> <span class='ocrx_word' id='word_1_296' title='bbox 1012 3113 1071 3182; x_wconf 90' lang='lat' dir='ltr'><strong>vei,</strong></span> 
     </span>
     <span class='ocr_line' id='line_1_37' title="bbox 46 3192 1072 3272; baseline -0.006 -15"><span class='ocrx_word' id='word_1_297' title='bbox 46 3202 82 3257; x_wconf 91' lang='lat' dir='ltr'><strong>ui</strong></span> <span class='ocrx_word' id='word_1_298' title='bbox 97 3197 199 3258; x_wconf 79' lang='lat' dir='ltr'><strong>verius</strong></span> <span class='ocrx_word' id='word_1_299' title='bbox 214 3197 326 3271; x_wconf 89' lang='lat' dir='ltr'><strong>dicam,</strong></span> <span class='ocrx_word' id='word_1_300' title='bbox 348 3205 447 3258; x_wconf 86' lang='lat' dir='ltr'><strong>tantus</strong></span> <span class='ocrx_word' id='word_1_301' title='bbox 469 3198 567 3272; x_wconf 89' lang='lat' dir='ltr'><strong>iuror,</strong></span> <span class='ocrx_word' id='word_1_302' title='bbox 580 3207 614 3258; x_wconf 93' lang='lat' dir='ltr'><strong>ut</strong></span> <span class='ocrx_word' id='word_1_303' title='bbox 628 3197 772 3272; x_wconf 91' lang='lat' dir='ltr'><strong>primum,</strong></span> <span class='ocrx_word' id='word_1_304' title='bbox 791 3212 883 3272; x_wconf 87' lang='lat' dir='ltr'><strong>quum</strong></span> <span class='ocrx_word' id='word_1_305' title='bbox 904 3206 1006 3259; x_wconf 90' lang='lat' dir='ltr'><strong>sector</strong></span> <span class='ocrx_word' id='word_1_306' title='bbox 1026 3192 1072 3253; x_wconf 89' lang='lat' dir='ltr'><strong>sis</strong></span> 
     </span>
     <span class='ocr_line' id='line_1_38' title="bbox 48 3278 1071 3356; baseline -0.005 -17"><span class='ocrx_word' id='word_1_307' title='bbox 48 3278 109 3340; x_wconf 90' lang='lat' dir='ltr'><strong>isto</strong></span> <span class='ocrx_word' id='word_1_308' title='bbox 128 3282 197 3340; x_wconf 91' lang='lat' dir='ltr'><strong>ioco</strong></span> <span class='ocrx_word' id='word_1_309' title='bbox 218 3287 321 3353; x_wconf 87' lang='lat' dir='ltr'><strong>natus,</strong></span> <span class='ocrx_word' id='word_1_310' title='bbox 344 3279 454 3339; x_wconf 90' lang='lat' dir='ltr'><strong>deinde</strong></span> <span class='ocrx_word' id='word_1_311' title='bbox 469 3296 560 3356; x_wconf 87' lang='lat' dir='ltr'><strong>quum</strong></span> <span class='ocrx_word' id='word_1_312' title='bbox 579 3280 713 3355; x_wconf 84' lang='lat' dir='ltr'><strong>Pompeii</strong></span> <span class='ocrx_word' id='word_1_313' title='bbox 727 3289 842 3353; x_wconf 90' lang='lat' dir='ltr'><strong>sector,</strong></span> <span class='ocrx_word' id='word_1_314' title='bbox 861 3296 922 3343; x_wconf 85' lang='lat' dir='ltr'><strong>non</strong></span> <span class='ocrx_word' id='word_1_315' title='bbox 937 3288 966 3339; x_wconf 86' lang='lat' dir='ltr'><strong>te</strong></span> <span class='ocrx_word' id='word_1_316' title='bbox 982 3289 1071 3336; x_wconf 86' lang='lat' dir='ltr'><strong>exse-</strong></span> 
     </span>
     <span class='ocr_line' id='line_1_39' title="bbox 48 3355 1072 3439; baseline -0.004 -16"><span class='ocrx_word' id='word_1_317' title='bbox 48 3370 164 3423; x_wconf 88' lang='lat' dir='ltr'><strong>cratum</strong></span> <span class='ocrx_word' id='word_1_318' title='bbox 185 3363 300 3439; x_wconf 92' lang='lat' dir='ltr'><strong>popuio</strong></span> <span class='ocrx_word' id='word_1_319' title='bbox 323 3363 469 3437; x_wconf 87' lang='lat' dir='ltr'><strong>Romano,</strong></span> <span class='ocrx_word' id='word_1_320' title='bbox 490 3379 551 3424; x_wconf 90' lang='lat' dir='ltr'><strong>non</strong></span> <span class='ocrx_word' id='word_1_321' title='bbox 571 3363 791 3437; x_wconf 86' lang='lat' dir='ltr'><strong>detestabilem,</strong></span> <span class='ocrx_word' id='word_1_322' title='bbox 810 3379 871 3424; x_wconf 91' lang='lat' dir='ltr'><strong>non</strong></span> <span class='ocrx_word' id='word_1_323' title='bbox 892 3376 997 3425; x_wconf 88' lang='lat' dir='ltr'><strong>omnes</strong></span> <span class='ocrx_word' id='word_1_324' title='bbox 1017 3355 1072 3419; x_wconf 88' lang='lat' dir='ltr'><strong>tibi</strong></span> 
     </span>
    </p>
   </div>
   <div class='ocr_carea' id='block_1_3' title="bbox 0 0 1182 3788">
    <p class='ocr_par' dir='ltr' id='par_1_3' title="bbox 0 0 1182 3788">
     <span class='ocr_line' id='line_1_40' title="bbox 0 0 1182 3788; baseline 0 0"><span class='ocrx_word' id='word_1_325' title='bbox 0 0 1182 3788; x_wconf 95' lang='lat' dir='ltr'><strong> </strong></span> 
     </span>
    </p>
   </div>
  </div>
 </body>
</html>
