2340 3788
271 148 273 155 ’
319 174 547 275 annet—tt.
569 181 595 242 s.
612 182 744 239 to-et.
940 198 948 213 =
998 174 1041 241 73

17 341 117 402 quam
140 320 271 384 indicem
290 321 338 384 sni
357 326 497 398 sceleris,
523 324 705 386 sustulisset.
746 327 850 402 ltaque
879 319 1041 388 tollendam

17 405 111 469 istius
126 406 252 480 imperio
267 407 458 467 locaverunt:
475 422 554 483 quae
570 407 658 467 vobis
673 407 779 468 locatio
794 425 833 468 ex
849 409 980 484 publicis
994 410 1041 472 lit-
1108 432 1111 437 ·

16 489 93 551 teris
112 488 347 562 Segestanorum
360 489 462 563 priore
477 489 596 550 actione
610 489 733 549 recitata
746 498 801 550 est.

105 571 237 631 XXXVl.
264 571 305 630 Te
325 587 418 644 nunc,
439 571 471 629 Ρ.
489 571 608 645 Scipio,
631 579 676 645 te,
694 570 830 645 inquam,
845 573 1039 636 lectissimum

19 653 309 728 ornatissimumque
321 654 545 733 adolescentem
556 655 691 729 appellu=
709 654 938 731 absteollicium
946 665 1037 731 tuum,

21 735 155 798 debitum
170 734 274 811 generi
295 743 324 795 et
337 735 465 809 nomini,
487 737 609 811 requiro
630 744 659 796 et
673 734 786 809 flagito.
825 737 882 795 Cur
899 754 954 811 pro
968 740 1038 813 isto,
1082 752 1093 761 ·

20 819 74 896 qui
98 820 220 878 laudern
243 819 452 894 honoremque
468 819 597 878 familiae
625 826 744 878 vestrae
763 819 962 893 depeculatus
982 831 1039 894 est,

20 908 163 979 pugnasl
184 916 238 960 cur
253 916 321 960 enm
339 900 498 960 defensum
519 917 590 961 esse
604 899 675 961 vist
694 916 749 961 cur
767 915 825 974 ego
847 908 915 960 tuas
937 911 1039 975 partes

19 982 181 1058 suscipiet
202 999 256 1042 cur
269 992 352 1043 tuum
369 998 477 1043 munus
493 983 650 1045 sustinent
665 999 719 1042 cur
735 983 776 1043 Μ.
789 981 903 1042 Tullius
916 982 949 1042 P.
959 984 1040 1043 Atri-

20 1066 87 1127 oani
110 1073 304 1126 monumenta
323 1065 463 1141 requirit,
483 1066 514 1123 P.
534 1065 638 1141 Scipio
660 1083 743 1139 eum,
767 1065 820 1141 qui
838 1062 890 1124 illa
909 1067 1039 1139 sustulit,

19 1147 177 1211 delenditt
197 1148 294 1222 Quum
308 1163 374 1208 nros
389 1165 407 1207 a
420 1147 583 1209 maioribus
599 1148 724 1209 traditus
737 1147 784 1222 sit,
799 1155 833 1209 ut
846 1157 1040 1209 monumenta

18 1230 168 1291 maiorum
185 1230 226 1290 ita
242 1246 365 1290 suorum
381 1230 511 1306 quisque
528 1232 684 1303 defendat,
700 1239 784 1292 utne
799 1229 900 1291 ornari
916 1231 1038 1306 quidem

18 1312 143 1375 nomine
158 1312 285 1373 aliorum
301 1311 393 1375 sinat:
415 1321 446 1374 tu
466 1312 516 1373 isti
536 1313 652 1385 aderis,
679 1313 805 1388 quinon
821 1313 970 1375 obsuunu
984 1314 1038 1375 ali·

17 1412 79 1471 qua
93 1410 135 1455 ex
151 1403 236 1469 parte
253 1404 444 1457 monumento
458 1395 489 1455 P.
505 1395 672 1472 ScipioniS,
688 1395 790 1457 sediti
805 1397 940 1457 funditus
956 1397 1037 1461 dele.-

17 1478 59 1539 vit
80 1492 119 1538 ac
135 1477 276 1539 sustulit?
306 1477 357 1541 80.
385 1478 528 1553 Quisnam
547 1478 650 1553 igilur,
675 1496 730 1553 per
746 1481 822 1540 deos
836 1479 1036 1540 immortales!

16 1561 150 1623 tuebitur
171 1560 203 1618 P.
225 1559 377 1635 Scipionis
397 1561 572 1621 memoriam
593 1562 723 1622 mortuit
750 1561 819 1637 quis
843 1571 1037 1623 monumenta

15 1652 108 1718 etque
126 1641 238 1702 indicia
252 1642 385 1715 virtutis,
406 1643 432 1702 si
453 1652 486 1703 tn
508 1659 545 1702 ea
566 1643 719 1718 relinques
739 1651 792 1704 aut
811 1644 953 1717 deseres,
977 1660 1035 1703 uec

14 1727 116 1787 solum
134 1724 265 1798 spoliata
286 1724 337 1782 illa
359 1723 499 1798 patieris,
524 1725 580 1783 sed
600 1740 704 1785 eornm
731 1725 821 1785 etiam
841 1725 1035 1801 spoliatorem

14 1815 255 1879 vexatoremque
266 1805 434 1864 delendest
445 1805 567 1863 Adsunt
578 1805 744 1878 Segestani,
755 1806 880 1867 clientes
892 1807 944 1879 tui,
959 1808 1036 1869 socii

13 1887 126 1966 populi
140 1885 268 1945 Romani
283 1893 375 1958 atque
390 1883 497 1943 amicit
519 1884 675 1945 certiorem
695 1895 724 1946 te
744 1885 857 1946 iaciunt
874 1888 906 1945 Ρ.
919 1887 1037 1947 Africa-

13 1988 84 2033 num
109 1966 294 2040 Karthagine
314 1967 412 2026 deleta
431 1965 622 2027 simulacrum
640 1966 755 2026 Dianae
784 1967 948 2027 maioribus
972 1969 1036 2028 suis

12 2048 198 2122 restituisse,
213 2048 307 2124 idque
323 2048 405 2123 apud
421 2047 607 2124 Segestanos
625 2048 690 2110 eius
708 2049 900 2125 imperatoris
916 2050 1036 2111 nomine

11 2135 149 2212 positum
164 2147 200 2191 ao
217 2128 386 2191 dedicatum
403 2131 514 2191 luisses
544 2132 602 2193 hoc
619 2116 744 2192 Verrem
765 2133 987 2194 demoliendum
1007 2142 1036 2195 ct

12 2215 233 2294 asportandum
245 2229 416 2288 nomenque
427 2215 587 2275 omninoP.
596 2214 749 2290 Scipionis
761 2216 920 2277 delendum
928 2218 1033 2278 tollen·

12 2301 150 2373 durnque
161 2312 301 2357 curasse:
313 2305 399 2358 orant
410 2303 439 2357 te
450 2305 542 2372 atque
552 2297 721 2371 obsecrant,
735 2306 767 2359 ut
776 2299 834 2359 sibi
847 2299 1033 2375 religionem,

11 2381 118 2457 generi
132 2388 184 2440 tuo
196 2380 314 2440 laudern
325 2378 513 2454 gloriamque
522 2380 675 2454 restituas,
687 2389 734 2455 ut,
747 2383 829 2456 quod
846 2399 901 2458 per
910 2383 942 2442 P.
953 2383 1034 2442 Atri-

10 2478 125 2525 eennm
138 2478 177 2521 ex
191 2462 265 2522 urbe
279 2460 411 2522 hostiurn
425 2461 641 2537 recuperarint,
656 2463 687 2523 id
700 2481 756 2539 per
770 2474 800 2525 te
815 2480 854 2523 ex
867 2465 1033 2539 praedonis

10 2547 103 2608 domo
122 2559 305 2604 conservare
320 2542 449 2618 possint.
480 2545 625 2605 XXXVll.
642 2545 719 2619 Quid
732 2555 784 2607 aut
798 2555 829 2607 tu
842 2547 891 2606 his
905 2562 1032 2619 respon-

10 2628 83 2689 dere
104 2626 234 2687 honeste
252 2633 342 2701 potes
362 2633 414 2686 aut
427 2625 469 2684 illi
484 2627 597 2700 lacere,
620 2628 679 2688 nisi
694 2638 727 2690 ut
740 2637 770 2690 te
785 2646 821 2688 uc
839 2629 931 2688 tidem
951 2635 1032 2688 tuam

10 2709 195 2785 implorent?
226 2709 347 2769 Adsunt
367 2716 397 2768 et
416 2707 585 2781 implorant.
616 2710 705 2772 Potes
726 2709 1032 2785 domesticaellaudis

10 2791 253 2868 amplitudinem,
268 2790 387 2865 Scipio,
402 2792 493 2851 tueri:
516 2799 618 2864 potes=
640 2793 740 2852 omnia
760 2801 831 2854 sunt
848 2792 938 2865 inte,
954 2808 1032 2866 quae

10 2883 59 2937 tut
78 2877 205 2937 fortuna
225 2872 399 2934 hominibus
421 2881 472 2933 aut
491 2883 596 2933 natura
616 2874 754 2949 largitur:
784 2889 844 2932 non
864 2889 1031 2950 praecerpo

10 2958 140 3019 Motum
156 2956 248 3017 officii
265 2957 317 3029 tui,
334 2972 394 3015 non
407 2955 535 3016 alienam
550 2955 622 3014 mihi
637 2957 757 3016 laudern
772 2964 892 3030 appeto,
908 2973 967 3017 non
983 2965 1030 3019 est

10 3040 136 3115 pudoris
154 3039 229 3111 mei,
251 3039 282 3098 P.
299 3037 456 3113 Scipione,
480 3037 702 3103 florentissimo,
718 3039 927 3112 adolescente,
959 3041 1028 3101 vivo

10 3122 206 3194 etincolumi,
223 3137 271 3182 me
287 3130 543 3196 propugnatorem
559 3123 590 3181 P.
609 3119 762 3195 Scipionis
777 3122 1029 3199 defensoremque

10 3204 154 3280 profiteri.
178 3202 229 3267 al.
245 3204 464 3278 Quamobrem
480 3206 506 3265 si
518 3204 651 3281 suscipis
666 3202 850 3264 domesticae
864 3206 964 3267 laudis
975 3223 1028 3280 pa-

10 3287 176 3359 rocinium,
195 3302 242 3347 me
257 3303 318 3346 non
331 3288 429 3347 solum
442 3287 532 3348 silere
547 3289 586 3349 de
601 3287 711 3360 vestris
725 3288 925 3367 monumentis
938 3303 1027 3361 opor·

10 3371 84 3444 altit,
103 3370 163 3432 sed
179 3368 268 3431 edant
284 3368 402 3442 laetari,
424 3369 455 3429 Ρ.
469 3368 604 3431 Africani
618 3372 683 3433 eius
697 3371 778 3433 modi
794 3371 943 3432 lonunam
958 3384 1028 3428 esse
