2332 3772
394 186 476 247 cll).
492 197 585 250 1-t
607 194 633 256 s·
647 198 762 252 r-1c.
1012 189 1076 257 aet

44 337 310 414 monumentisque
330 336 551 399 decorandam!
580 338 619 400 ll.
643 338 749 398 cicero
775 342 858 416 apud
887 352 916 402 te
942 343 1078 406 defendit

46 423 138 482 alium
153 421 182 478 in
198 437 235 479 ea
249 424 404 482 voluntate
418 438 480 480 non
492 421 607 494 luisse,
628 420 658 479 in
675 438 735 495 qua
753 425 902 498 seipsum
918 427 1078 486 confitetur

47 506 158 574 luisse,
180 519 237 562 nee
252 512 319 565 tuas
333 504 440 564 tacitas
459 503 659 580 cogitationes
675 504 847 566 extimescit
862 523 918 567 nee
934 508 1007 583 quid
1024 507 1078 568 tibi

47 590 87 648 de
108 587 166 646 alio
189 587 322 647 audienti
346 589 384 647 de
406 603 440 647 se
461 588 529 661 ipso
551 592 692 646 occurrat
711 589 894 648 reformidat.
934 590 986 648 lll.
996 591 1079 649 Vide

49 687 138 745 quam
152 686 211 728 non
223 671 430 730 manuninum:
445 671 515 729 vide
531 678 645 744 quanta
655 671 709 729 lux
722 669 906 732 liberalitatis
919 681 949 732 et
958 671 1080 745 supien-

49 755 108 814 tiae
129 762 204 823 tuae
217 753 288 812 mihi
311 754 394 827 apud
414 761 442 813 te
459 753 573 813 dicenti
595 753 763 814 oboriatur:
791 763 937 829 quantum
962 763 1080 828 potero,

51 852 129 896 voce
144 837 335 908 contendam,
351 844 384 895 ut
398 837 535 910 populus
549 836 608 896 loc
624 837 783 897 Romanus
798 838 954 898 exaudiam
969 835 997 898 7.
1012 853 1081 896 sus-

53 927 141 994 cepto
169 920 266 988 bello,
283 919 411 993 Caesar,
432 927 519 993 gesto
546 919 635 978 etiam
656 936 695 980 ex
718 929 802 994 parte
817 937 939 994 magna,
953 920 1038 980 nulla
1053 917 1082 977 vi

51 1010 185 1072 coaetus,
199 1000 312 1062 iudicio
324 1017 360 1060 ae
370 1003 525 1062 voluntate
536 1003 576 1061 ad
590 1018 628 1062 ca
639 1018 723 1062 anna
739 1005 894 1078 proiectus
910 1019 987 1074 sum,
1004 1016 1082 1077 quae

52 1094 138 1145 erant
156 1092 276 1158 sumpta
291 1092 396 1144 contra
409 1091 449 1144 te.
473 1087 567 1160 Apud
580 1102 669 1161 quem
687 1086 776 1160 igitur
789 1087 848 1146 hoc
866 1086 955 1146 dicet
968 1085 1083 1158 Nempe

52 1169 135 1243 apud
151 1181 228 1236 eum,
245 1165 306 1240 qui,
323 1184 415 1242 quum
428 1168 488 1227 hoc
505 1168 607 1242 sciret,
621 1177 719 1229 temen
738 1187 795 1240 me,
811 1179 879 1230 ante
895 1184 984 1243 quam
1000 1164 1083 1237 uidit,

52 1252 97 1310 rei
119 1249 258 1324 publicae
277 1250 424 1311 reddidit=
447 1250 499 1326 qui
520 1253 560 1310 ad
581 1268 628 1311 me
651 1268 691 1312 ex
705 1255 847 1328 aegypto
865 1251 978 1312 litteras
994 1249 1083 1319 misit,

52 1338 87 1394 ut
103 1348 202 1392 essem
217 1331 366 1407 idemqui
382 1333 522 1394 fuissem:
539 1334 599 1409 qui,
617 1351 709 1409 quum
722 1335 792 1410 ipse
802 1333 1006 1410 imperatorin
1022 1341 1084 1392 toto

54 1415 181 1491 imperio
199 1415 302 1490 populi
313 1416 442 1476 Romani
462 1432 542 1477 unus
557 1426 655 1489 esset,
676 1434 747 1478 esse
767 1435 816 1479 me
831 1420 957 1478 alterum
972 1431 1085 1492 passus

55 1509 117 1560 est:
139 1515 157 1558 a
181 1515 240 1573 quo
259 1499 317 1559 hoc
338 1498 450 1574 ipsoc.
465 1500 565 1560 Pansa
578 1500 742 1560 mririlrune
754 1503 896 1562 nuncium
913 1501 1086 1576 perferente

57 1598 225 1643 concessos
249 1582 351 1642 fasces
373 1585 527 1643 laureatos
550 1583 650 1656 tenui,
674 1585 776 1658 quoad
794 1584 948 1645 tenendos
966 1582 1085 1657 putavi:

59 1666 110 1741 qui
124 1665 196 1724 milri
211 1674 274 1725 tum
289 1665 422 1739 denique
437 1680 472 1724 se
485 1666 613 1723 salutem
629 1664 746 1738 putavit
763 1667 851 1738 dare,
874 1665 900 1724 si
916 1680 982 1722 eam
998 1663 1086 1724 nullis

58 1749 218 1823 spoliatam
234 1746 417 1805 ornamentis
433 1746 579 1805 dedisset.
611 1745 640 1806 8.
656 1747 745 1819 Vide,
763 1763 888 1822 quaeso,
903 1746 1031 1818 Tubero,
1045 1752 1088 1816 ut,

60 1831 110 1905 qui
127 1832 165 1889 de
182 1844 249 1886 meo
265 1829 345 1887 lacte
361 1842 421 1888 non
437 1828 586 1900 dubitem,
608 1828 647 1885 de
660 1827 770 1901 Ligarii
791 1845 851 1889 non
873 1828 1002 1887 audeam
1017 1842 1089 1886 cou-

58 1913 146 1974 fiteri.
190 1913 292 1984 Atque
311 1910 387 1969 llaec
409 1918 572 1984 propterea
593 1909 631 1968 de
651 1926 700 1969 me
716 1906 799 1982 dixi,
818 1918 852 1969 ut
872 1909 945 1969 milri
960 1909 1088 1979 Tubero,

61 2011 152 2071 quum
168 1993 207 2051 de
220 2008 256 2052 se
269 1993 376 2051 cadem
391 1992 532 2066 dicerem,
549 1992 735 2067 ignoscerem
752 1993 837 2053 cuius
853 2009 910 2067 ego
925 1989 1091 2051 industriae

59 2076 237 2155 gloriaeque
258 2077 345 2134 laven
369 2076 418 2134 vel
438 2084 563 2151 propter
584 2074 787 2151 propinquam
803 2073 1027 2150 cognationem,
1040 2073 1092 2131 vel

62 2161 145 2237 quod
169 2159 235 2218 eius
250 2158 371 2232 ingenio
384 2157 555 2234 studiisque
571 2159 715 2233 delector,
726 2161 775 2218 vel
788 2159 870 2235 quod
885 2159 1003 2217 laudem
1018 2157 1092 2216 ado-

62 2242 206 2304 lescentis
222 2240 387 2317 propinqui
396 2240 537 2303 existimo
549 2242 640 2302 etiam
651 2242 690 2302 ad
704 2258 803 2302 mcum
819 2242 948 2316 aliquem
964 2240 1093 2300 iruetum

61 2327 242 2386 redundare.
259 2323 289 2384 9.
302 2322 364 2383 Sed
378 2324 437 2384 hoc
453 2322 583 2399 quaere=
604 2320 678 2398 Quis
690 2334 774 2400 putat
788 2340 858 2385 esse
871 2324 984 2384 crimen
996 2322 1094 2384 luisse

62 2411 92 2470 in
109 2408 232 2467 Airieat
244 2408 360 2481 Nempe
374 2407 417 2480 is,
432 2409 484 2483 qui
502 2409 614 2483 etipse
627 2409 657 2468 in
673 2409 779 2468 eadem
794 2407 898 2468 Alrica
912 2423 983 2467 esse
998 2403 1095 2464 voluit

63 2502 94 2553 ct
114 2491 298 2566 prohibitum
318 2506 353 2549 se
373 2490 524 2566 aLigario
546 2491 695 2567 queritur,
721 2501 751 2552 et
770 2499 851 2551 certe
867 2498 971 2550 conua
994 2487 1096 2563 ipsum

65 2576 225 2636 Caesarem
243 2581 291 2633 est
307 2588 492 2648 congressus
508 2583 651 2635 armatus.
684 2573 762 2647 puio
777 2573 865 2648 enim,
880 2573 1009 2644 Tubero,
1021 2577 1094 2631 tuus

64 2660 115 2730 ille
130 2657 293 2719 destrictus
314 2653 344 2716 in
362 2656 428 2717 aeie
440 2657 614 2717 Pharsalica
628 2658 747 2733 gladius
760 2657 889 2732 agebat?
911 2654 997 2715 cuius
1018 2657 1096 2713 latus

65 2741 116 2800 ille
132 2757 236 2801 mucro
256 2741 398 2816 petebatt
409 2739 478 2814 quis
492 2756 603 2800 sensus
618 2748 683 2800 erat
696 2756 848 2800 annorum
861 2744 1004 2799 tuorum?
1018 2749 1098 2811 quae

65 2834 118 2884 tua
138 2839 238 2897 mens,
255 2825 350 2896 oculi,
367 2839 491 2893 manus,
512 2822 602 2884 ardor
616 2821 728 2884 animi?
749 2822 822 2899 quid
836 2820 1005 2896 cupiebas?
1025 2817 1099 2893 quid

67 2908 223 2982 optabasr
243 2906 337 2968 llimls
359 2920 470 2980 urgeo:
495 2906 681 2967 commoveri
699 2904 820 2967 videtur
840 2904 1037 2964 adolescens=
1059 2899 1100 2959 ad

66 3007 115 3050 me
130 3000 279 3051 revertar:
306 2990 414 3051 iisdem
428 2988 459 3049 in
473 2988 564 3049 armis
577 2989 628 3049 fui.
671 2990 723 3048 IV.
742 2988 790 3051 10.
808 2986 886 3062 Quid
902 2995 1003 3047 autem
1017 2982 1101 3045 aliud

68 3075 200 3148 egimus,
226 3074 362 3146 Tubero,
391 3072 450 3133 nisi
469 3081 503 3133 ut
525 3073 608 3148 quod
627 3072 677 3132 hic
699 3079 801 3146 potest
824 3086 883 3131 nos
914 3070 1101 3146 possemus?

68 3158 203 3231 Quorum
214 3157 304 3232 igitur
318 3156 497 3232 impunitas,
518 3155 646 3229 caesar,
668 3164 738 3215 tuae
760 3150 937 3215 clementiae
960 3154 1028 3213 laus
1044 3158 1101 3220 est,

68 3256 174 3302 eorum
190 3240 328 3315 ipsorum
340 3241 378 3300 ad
391 3241 597 3300 crudelitatem
611 3247 640 3298 te
655 3245 745 3297 acuet
760 3237 877 3298 oratio?
890 3237 991 3312 Atque
1001 3234 1032 3294 in
1044 3230 1103 3291 hac

68 3341 164 3384 causa
179 3340 240 3383 non
256 3323 329 3382 nihil
345 3323 496 3398 equidem,
510 3320 638 3395 Tubero,
655 3321 743 3382 etiam
759 3329 854 3392 tuam,
867 3319 923 3381 sed
936 3319 1027 3377 multo
1040 3330 1104 3374 ma-

69 3406 117 3483 gis
133 3407 227 3482 patris
240 3404 281 3465 tui
296 3405 486 3479 prudentiam
505 3404 662 3480 desidero,
679 3402 762 3481 quod
773 3394 1115 3542 hpzrgqquumingeutn
