2340 3788
77 180 121 247 ot
293 183 331 241 nt
349 183 380 241 c.
401 181 565 243 manum
584 182 666 242 nor.
683 184 721 243 11.
736 184 808 245 uro.
822 184 874 243 1v.
982 158 988 170 '

76 331 180 394 iudicii
196 347 232 391 ac
245 331 323 407 legis
337 332 429 392 domo
447 329 630 407 profugisse.
663 332 752 405 Quod
765 332 892 393 Verrem
914 334 1040 397 artificii

76 415 222 491 cupidum
236 423 442 489 cognoverant
456 422 534 486 tum,
557 430 650 489 quum
664 414 738 489 iste,
757 414 790 476 id
805 416 890 492 quod
909 432 951 477 ex
968 420 1041 480 testi

77 497 241 570 didicistis,
259 496 398 574 Cibyram
414 506 483 558 cum
498 497 638 558 inanibus
655 497 840 585 syngqapnis
855 509 992 573 venerat,
1006 502 1042 563 dt

78 580 227 657 fugientes
243 582 284 641 ad
297 582 366 643 eum
382 597 416 642 se
434 582 572 654 exsuleS,
586 597 679 655 quum
695 581 752 641 iste
769 589 853 642 esset
864 580 895 641 in
909 582 1003 655 Asia,
1027 601 1042 645 c

77 665 217 727 tulerunt
256 663 369 726 Habuit
388 680 443 726 eos
473 678 577 723 secum
598 662 650 724 illo
673 671 816 737 ternpore·
829 673 860 725 et
881 665 913 725 in
936 666 1042 740 legatio

76 745 199 824 praedis
213 758 305 822 atque
320 747 406 810 tortis
422 749 546 805 multum
559 745 677 806 illorum
698 760 793 820 opera
805 746 1000 823 consilioque
1021 767 1042 811 n

77 840 133 892 est
160 829 211 893 31.
242 830 299 893 llic
314 827 449 899 suntilli,
464 827 574 902 quibus
588 828 619 887 in
633 828 742 889 tabulis
755 829 847 890 relert
859 845 932 890 sese
940 830 976 904 Q.
987 832 1042 892 Tad

76 915 201 977 dedisse
215 913 302 976 iussu
315 912 402 973 istius
414 909 538 971 Graecis
551 911 727 986 pictoribus.
752 911 817 972 Eos
829 911 889 971 iam
904 914 985 973 bene
995 929 1042 989 cop

76 1008 125 1061 tes
151 1004 181 1059 et
206 1014 240 1058 re
266 997 410 1071 probatos
432 1009 535 1054 secum
560 992 590 1053 in
607 993 738 1054 Siciliam
761 994 854 1055 duxit
901 995 969 1068 Quo
989 1012 1042 1071 pos

78 1098 169 1159 quam
186 1087 346 1149 venerunt,
357 1076 525 1137 mirandum
541 1077 571 1135 in
585 1078 707 1136 modum
717 1110 760 1121 -
773 1092 864 1138 canes
878 1077 1037 1140 venaticos

77 1181 164 1226 ceres
177 1160 274 1220 -ita
294 1161 498 1221 odorabantur
524 1158 628 1223 omnia,
647 1168 678 1218 et
701 1160 962 1235 pervestigabant,
989 1169 1022 1221 ut

78 1247 214 1322 quidque
237 1253 322 1303 esset
347 1243 449 1319 aliquo
474 1242 590 1303 ratione
616 1242 793 1303 invenirent.
831 1243 924 1304 Aliud
943 1245 1042 1305 minan

77 1328 158 1388 aliud
172 1325 362 1401 pollicendo,
389 1325 471 1393 aliud
486 1342 542 1402 per
563 1342 685 1397 servos,
704 1325 787 1386 aliud
811 1342 868 1400 per
890 1325 1020 1399 liberos,
1040 1343 1042 1402 j

78 1411 207 1471 amicum
221 1408 312 1482 aliud,
328 1408 409 1469 aliud
420 1426 476 1484 per
489 1409 642 1470 inimicum
653 1408 859 1469 inveniebant:
876 1408 1042 1484 quidquidi

76 1495 233 1569 placuerat
248 1492 436 1567 perdendum
447 1501 520 1552 erat
547 1491 624 1552 Nihil
638 1491 721 1551 aliud
736 1492 883 1565 optabant
899 1508 1042 1569 quorum:

77 1576 218 1637 scebatur
230 1584 387 1649 argentum
403 1574 461 1634 nisi
482 1584 514 1635 ut
536 1573 567 1634 id
582 1573 707 1634 Hieroni
722 1583 752 1634 et
765 1575 939 1649 Tlepolemo
954 1574 1042 1650 displi

75 1668 130 1719 ret.
160 1659 240 1718 XIV.
267 1656 318 1719 ³2.
346 1659 460 1718 Verum
475 1657 645 1718 mehercule
658 1657 735 1731 hoc,
752 1657 884 1731 iudices,
904 1658 1010 1719 dicam
1031 1656 1042 1715 l

75 1741 148 1802 mini
162 1741 347 1816 Pamphilum
363 1741 606 1819 Lilybaetanum,
626 1741 754 1800 amicum
769 1748 799 1800 et
818 1740 969 1816 hospitem
983 1754 1042 1799 mer

77 1824 209 1888 nobilem
221 1824 387 1897 hominem,
401 1823 473 1884 mihi
490 1840 622 1898 narrare,
638 1839 729 1900 quum
743 1822 802 1883 iste
819 1824 857 1883 ab
872 1838 942 1884 sese
953 1822 1043 1900 hydri

75 1909 183 1971 Boiithi
198 1925 289 1969 manu
303 1911 422 1981 factam,
433 1909 589 1984 praeclaro
606 1918 699 1982 opere
715 1912 745 1965 et
759 1905 865 1980 grandi
880 1907 1042 1981 pondere}

76 2001 257 2069 potestatem
269 1992 459 2062 abstulisset,
480 2006 515 2051 se
530 2008 605 2052 sane
623 1990 738 2051 tristem
759 1997 789 2048 et
808 1990 1018 2050 conturbatum
1041 2020 1042 2031 κ

44 2112 46 2116 »
75 2092 158 2135 mum
171 2075 349 2148 revertisse,
371 2074 455 2149 quod
468 2090 524 2134 vas
539 2074 605 2135 eius
619 2073 715 2143 modi,
742 2072 825 2147 quod
842 2071 901 2132 sibi
920 2089 939 2132 a
959 2081 1042 2148 petre

76 2157 239 2217 maioribus
266 2166 348 2217 esset
370 2158 521 2228 relictum,
550 2174 611 2231 quo
640 2154 746 2216 solitus
769 2163 853 2215 esset
874 2155 919 2216 uti
944 2156 984 2215 ed
998 2156 1042 2217 tes

76 2241 157 2311 dies,
173 2240 214 2298 ad
226 2238 379 2313 hospitum
393 2240 552 2312 adventus,
572 2257 591 2300 a
605 2256 640 2300 se
653 2247 736 2298 esset
759 2239 900 2298 ablatum.
928 2237 1028 2312 Quum

76 2325 193 2391 dorem,
221 2319 335 2396 inquit,
359 2323 442 2384 domi
457 2321 566 2398 tristis,
588 2321 717 2382 accurrit
741 2321 908 2381 Venerius:
938 2321 1024 2383 iubet

77 2405 212 2482 scyphos
228 2403 374 2478 sigillatos
396 2407 435 2466 ad
459 2413 628 2480 praetorem
652 2403 750 2465 statim
770 2405 898 2464 adferre.
937 2403 1042 2465 Permo

76 2505 158 2559 sum,
174 2486 283 2562 inquit:
297 2487 386 2550 binos
404 2489 567 2550 habebam:
582 2489 671 2550 iubeo
686 2488 784 2562 promi
798 2496 954 2562 utrosque,
971 2503 1042 2562 neq

74 2576 143 2650 plus
156 2571 226 2632 mali
241 2581 431 2645 nasceretur,
452 2579 483 2632 et
499 2588 616 2633 mecum
636 2572 675 2631 ad
697 2569 844 2645 praetoris
868 2571 992 2631 domum
1015 2571 1042 2632 le

74 2657 117 2718 llo
141 2673 234 2732 quum
260 2655 358 2728 venio,
383 2663 505 2729 praetor
526 2656 716 2730 quiescebat:
746 2656 852 2715 tratres
873 2652 916 2714 illi
936 2654 1042 2732 Cibyrn

74 2739 307 2801 inambulabunt.
350 2737 405 2812 Qui
426 2754 474 2798 me
492 2739 544 2800 ubi
564 2739 718 2800 viderunt:
746 2737 804 2800 llbi
824 2746 907 2808 sunt,
930 2737 1042 2813 Pamph

73 2822 226 2898 inquiunt,
244 2821 375 2900 scyphit
408 2820 541 2883 Ostendo
558 2821 661 2883 tristis.
695 2820 841 2882 Laudant.
875 2820 994 2895 Incipio
1012 2838 1042 2895 qr

74 2920 122 2961 me
141 2905 222 2982 xnihil
251 2905 421 2965 habitururn
448 2906 531 2979 quod
554 2904 682 2966 alicuius
706 2913 790 2965 esset
811 2903 920 2979 precii,
952 2903 981 2964 si
1008 2905 1042 2965 et

75 2987 186 3058 scyphi
200 2998 305 3050 essent
319 2988 420 3049 ablati.
453 2988 527 3050 ilun
547 2987 603 3058 illi,
626 2987 677 3048 ubi
692 3004 740 3048 me
754 2988 963 3049 conturbatum
979 2986 1042 3046 vid:

74 3066 153 3141 Quid
169 3070 216 3128 vis
230 3072 319 3132 nohis
333 3073 416 3147 dare,
433 3079 467 3133 ut
481 3071 532 3133 isti
543 3073 598 3132 abs
615 3081 695 3132 tene
709 3072 904 3131 auferantur?
934 3070 979 3130 Ne
997 3086 1042 3129 mo

75 3150 233 3211 sestertios
256 3153 302 3215 elo
324 3171 387 3230 me,
413 3154 523 3231 inquit,
545 3163 768 3229 poposcerunt:
792 3153 855 3214 dixi
877 3170 925 3213 me
947 3153 1042 3213 detun

73 3235 173 3294 Vocat
191 3231 307 3295 interea
320 3249 456 3312 praetor:
478 3236 580 3313 poscit
593 3237 739 3320 scyphos.
776 3238 851 3298 'lum
867 3236 937 3297 illos
953 3235 1042 3311 coepi

73 3315 206 3394 praetori
222 3315 340 3391 dicere,
357 3330 483 3394 putasse
502 3338 550 3395 se,
565 3320 597 3381 id
612 3320 696 3395 quod
706 3320 873 3391 audissent
888 3319 1042 3394 alicuius}

73 3402 111 3462 cii
126 3399 263 3477 scyphos
285 3416 356 3475 esse
370 3403 531 3478 Pamphili:
552 3406 664 3465 luteum
681 3404 839 3478 negocium
852 3419 949 3465 esse:
970 3418 1034 3464 non
