2340 3788
92 163 155 229 182
374 157 449 217 PRO
465 157 499 216 L.
517 157 682 218 MURENA
697 154 849 218 ORATIO.

94 308 273 389 gratificatio
294 307 498 384 reprehensa,
518 305 602 367 multi
622 304 681 367 viri
697 309 791 368 lortes
806 314 836 368 at
852 323 951 384 prope
965 324 1038 384 pars
1053 309 1129 372 civi-

93 394 164 458 tatis
186 392 306 454 offensa
329 399 390 451 est=
416 388 485 452 lites
512 404 620 450 severe
643 388 835 461 aestimatae,
861 391 914 453 cui'
930 393 1032 467 placet
1053 394 1129 454 obli-

94 475 236 549 viscitur,
252 473 302 535 cui
323 473 406 534 dolet
426 471 569 532 meminit
600 471 757 534 Postremo
778 482 811 533 tu
831 472 861 533 in
876 473 1067 550 provinciam
1084 476 1129 538 ire

94 556 229 621 noluisti.
256 557 323 621 Non
334 572 462 632 possum
476 555 508 615 id
519 555 549 615 in
561 564 591 615 te
602 556 837 631 reprehendere,
853 557 937 632 quod
948 561 979 616 in
993 573 1043 617 me
1057 557 1129 635 ipso

95 651 127 704 et
143 648 283 716 praetore
300 648 330 701 et
348 640 476 700 consule
493 636 630 714 probavi.
664 639 727 700 Sed
742 647 842 699 tamar
853 640 887 700 L.
898 639 1047 700 Murenae
1057 659 1129 717 pro·

95 723 196 785 vincia
208 724 319 784 multas
333 723 432 783 bonas
447 721 560 797 gratias
575 737 643 781 otim
659 720 773 798 optima
784 722 1008 784 existimatione
1021 725 1130 786 attulit.

53 874 56 878 Α
93 807 205 869 Habuit
221 805 421 882 proficiscens
438 806 580 866 dilectum
594 805 624 864 in
638 805 777 865 Umbria:
802 805 885 866 dedit
905 805 935 866 ei
953 808 1131 869 facultatem

93 906 145 952 res
166 889 289 966 publica
306 887 511 962 liberalitatis,
535 905 597 962 qua
617 905 693 949 usus
710 887 895 949 multas·sibi
909 888 1022 963 tribus,
1048 907 1131 965 quae

94 970 269 1049 municipiis
292 972 430 1033 Umbriae
451 971 666 1044 coniiciuntur,
694 970 846 1031 adiunxitz
876 973 945 1047 ipsa
971 981 1075 1033 autem
1098 973 1131 1033 in

95 1056 192 1118 Gallia
207 1063 242 1117 ut
261 1055 359 1116 nostri
378 1053 517 1115 homines
532 1055 711 1129 desperatas
732 1055 792 1113 iam
808 1053 954 1128 pecunias
970 1053 1131 1130 exigerent

95 1139 249 1217 aequitate
269 1136 485 1213 diligentiaque
505 1137 640 1212 perfecit.
674 1139 718 1197 Tu
739 1137 854 1197 interea
872 1137 989 1197 Romae
1010 1136 1131 1198 scilicet

95 1222 201 1283 amieis
222 1228 345 1295 praesto
366 1221 459 1281 luisti.
487 1219 613 1281 Fateor=
634 1220 691 1280 sed
709 1227 810 1280 tamen
831 1219 906 1281 illud
927 1217 1042 1295 cogita,
1066 1237 1129 1281 non

95 1305 248 1365 nullorum
263 1302 428 1364 amicorum
442 1302 542 1363 studia
556 1303 649 1364 ndnui
664 1304 764 1365 solere
777 1303 884 1378 ineos,
900 1303 1044 1379 aquibus
1057 1319 1130 1379 pro·

96 1385 213 1448 vincias
229 1385 382 1446 contemni
396 1385 572 1459 intelligant.

179 1468 256 1528 XXI.
273 1465 324 1528 43.
351 1469 389 1528 Et
404 1466 548 1542 quoniam
564 1468 700 1543 ostendi,
722 1467 856 1542 iudices,
880 1485 984 1544 parem
998 1467 1129 1543 dignita-

97 1559 156 1613 tem
176 1551 216 1610 ad
237 1551 415 1611 consulatus
435 1549 627 1626 petitionem,
652 1551 807 1628 disparem
829 1553 978 1612 lortunam
1003 1552 1131 1626 provin-

96 1633 217 1694 cialium
232 1631 429 1708 negociorum
452 1632 483 1692 in
498 1632 626 1694 Murena
640 1642 733 1710 atque
749 1633 780 1694 in
797 1633 933 1710 Sulpicio
949 1633 1061 1708 luisse,
1083 1634 1130 1695 di-

96 1733 163 1777 oam
182 1715 242 1776 iam
263 1715 397 1792 apertius
422 1716 453 1776 in
476 1733 537 1792 quo
561 1734 648 1778 meus
670 1717 865 1779 necessarius
891 1715 981 1779 luerit
1001 1715 1131 1779 inferior

97 1799 232 1873 Servius,
249 1808 279 1860 et
293 1816 330 1860 ea
344 1798 445 1859 dicam
458 1800 549 1861 vobis
562 1800 767 1874 audientibus,
782 1799 896 1861 amisso
908 1801 968 1862 iam
979 1807 1130 1876 tempore,

96 1899 176 1959 quae
193 1882 255 1959 ipsi
272 1883 330 1944 soli
344 1899 379 1943 re
394 1883 511 1958 integra
526 1900 622 1959 saepe
635 1883 708 1943 dixi.
742 1884 849 1945 Petere
865 1885 1058 1945 consulatum
1076 1901 1130 1944 ne

96 1965 176 2026 scire
189 1973 236 2040 te,
254 1964 351 2040 Servi,
369 1983 520 2042 persaepe
534 1967 587 2028 tibi
603 1967 680 2027 dixi=
696 1965 769 2028 etin
784 1966 822 2028 iis
837 1968 930 2028 rebus
945 1966 1032 2043 ipsis
1049 1984 1130 2041 quas

95 2059 125 2110 te
140 2066 251 2125 magno
267 2058 297 2110 et
314 2050 384 2110 lorti
398 2050 498 2110 animo
514 2060 544 2111 et
559 2066 651 2124 agere
665 2059 695 2111 et
709 2047 813 2110 dicere
826 2049 984 2123 videbam,
1008 2049 1063 2110 tibi
1078 2067 1129 2110 so-

94 2132 166 2193 litus
181 2149 249 2193 sum
263 2133 365 2193 dicere
379 2133 477 2207 magis
492 2142 522 2193 te
534 2135 641 2194 lortem
651 2142 824 2194 senatorem
838 2132 911 2193 mihi
925 2132 1024 2194 videri
1036 2150 1130 2209 quarn

97 2214 265 2289 sapientem
288 2217 491 2276 candidatum.
525 2215 655 2276 Primum
678 2217 845 2278 accusandi
867 2226 1001 2278 terrores
1023 2226 1053 2278 et
1074 2217 1128 2277 mi-

95 2313 168 2369 nae,
193 2297 302 2371 quibus
323 2305 355 2358 tu
376 2298 487 2359 cotidie
509 2298 552 2358 uti
572 2299 711 2373 solebas,
735 2309 805 2361 sunt
825 2299 915 2375 lortis¹
925 2299 1001 2372 viri,
1020 2301 1078 2361 sed
1099 2307 1129 2359 et

95 2379 203 2454 populi
230 2379 405 2454 opinionem
425 2399 445 2445 a
465 2398 522 2456 spe
542 2379 733 2457 adipiscendi
756 2391 896 2444 avertunt
910 2392 940 2444 et
959 2382 1128 2443 amicorum

96 2461 197 2523 studia
218 2462 383 2546 debilitant
418 2464 529 2525 Nescio
546 2482 613 2539 quo
634 2475 725 2539 pacto
741 2482 863 2541 semper
877 2467 937 2527 hoc
953 2467 1001 2539 fit,
1026 2481 1127 2542 neque

95 2547 125 2606 in
145 2563 208 2608 uno
232 2554 284 2606 aut
307 2547 401 2607 altero
424 2547 669 2609 animadversum
687 2557 748 2622 est,
770 2551 827 2610 sed
843 2548 903 2608 iarn
924 2549 955 2609 in
973 2548 1126 2623 pluribus:

96 2629 185 2691 simul
205 2637 299 2704 atque
317 2629 496 2692 candidatus
514 2630 741 2692 accusationem
759 2631 896 2693 meditari
913 2632 1000 2692 visus
1019 2641 1082 2706 est,
1096 2639 1128 2692 ut

95 2713 242 2773 honorem
258 2712 444 2787 desperasse
458 2713 607 2774 videatur.
643 2713 694 2775 44.
708 2714 786 2789 Quid
801 2723 895 2789 ergo?
909 2723 1069 2790 acceptam
1084 2715 1128 2774 in·

94 2795 201 2856 iuriam
222 2795 368 2871 persequi
389 2813 450 2855 uon
478 2797 600 2871 placet?
620 2797 711 2858 immo
728 2799 923 2859 vehementer
938 2800 1054 2873 placet,
1071 2797 1127 2858 sed

94 2878 177 2938 aliud
192 2888 312 2955 tempus
327 2887 375 2938 est
389 2879 523 2953 petendi,
538 2879 620 2940 aliud
634 2881 852 2957 persequendi.
881 2882 1043 2942 Petitorem
1059 2897 1126 2956 ego,

94 2962 275 3034 praesertim
299 2963 494 3034 consulatuS,
518 2979 628 3037 magna
643 2980 715 3039 spe,
740 2963 984 3039 magnanimo,
1008 2963 1126 3039 magnis

95 3042 193 3116 copiis
217 3052 247 3104 et
267 3044 298 3104 in
323 3047 422 3106 lorum
444 3054 474 3106 et
494 3043 525 3105 in
544 3062 683 3121 campum
706 3047 817 3109 deduci
833 3050 920 3109 volo:
946 3064 1009 3107 non
1025 3049 1147 3123 placet·

93 3124 167 3183 mihi
187 3124 342 3200 inquisitio
368 3128 521 3188 candidati
542 3129 729 3203 praenuncia
748 3133 906 3207 repulsae,
927 3147 989 3191 noa
1003 3123 1127 3192 testium

94 3207 309 3282 potiusquam
333 3211 568 3287 suffragatorum
591 3214 792 3290 comparatio,
819 3232 880 3275 non
900 3214 1000 3274 minae
1027 3213 1126 3288 magis

96 3308 186 3366 quarn
201 3290 381 3366 blanditiae,
404 3311 466 3354 non
489 3296 668 3358 declamatio
684 3298 787 3372 potius
809 3315 900 3373 quam
914 3296 1125 3373 persalutatiq

94 3373 273 3449 praesertim
302 3391 394 3449 quum
419 3376 479 3436 iarn
498 3376 568 3444 hoo,
584 3395 665 3441 novo
690 3397 783 3441 more·
797 3398 904 3443 omnes
924 3381 989 3442 lere
1014 3381 1124 3442 domos
