2332 3772
331 170 414 231 car.
431 179 558 232 ιι-ιι.
580 179 607 239 ι.
622 178 751 235 sl-aa
993 166 1060 237 459

28 328 82 383 est
105 335 199 381 causa
220 321 359 382 arborum
376 330 407 382 et
422 317 574 395 stirpium,
596 320 641 379 sic
654 318 744 381 buius
759 321 976 385 luctuosissimi
986 323 1058 384 belli

31 418 138 463 semen
153 412 185 464 tu
199 403 290 465 luisti.
326 403 441 465 Doletis
458 410 520 464 tres
535 401 686 464 exercilus
702 402 811 479 populi
825 404 952 467 Romani
967 406 1058 470 inter-

32 486 150 546 lectos:
174 486 323 548 interiecit
343 485 504 548 Antonius.
551 484 739 546 Desideratis
757 484 944 549 clarissimos
958 488 1057 551 cives:

29 582 90 629 cos
112 583 235 645 quoqne
257 570 344 632 vobis
360 568 469 645 eripuit
480 568 642 630 Antonius.
683 569 858 630 Auctoritas
872 568 963 631 huius
977 572 1057 633 ordi·

31 650 82 711 nis
104 650 227 714 adflicta
246 660 308 715 est:
327 651 445 713 adflixit
463 650 626 712 Antonius.
673 651 780 712 Omnia
809 652 956 728 denique,
980 670 1058 729 quae

30 743 143 809 postea
161 735 418 809 vidimus—quid
435 741 535 796 autem
548 733 619 794 mali
635 748 696 795 non
709 733 921 808 vidimust—,
936 733 1059 796 sirecte

29 815 296 892 ratiocinabimur,
315 817 368 878 uni
381 825 508 893 accepta
522 819 689 877 reseremus
703 816 847 879 Antonio.
889 818 930 878 Ut
943 816 1061 879 Helena

29 897 186 973 Troianis,
204 901 249 961 sic
266 900 325 960 iste
339 899 409 961 huic
424 899 469 959 rei
483 898 624 974 publicae
634 898 706 960 belli
722 915 830 974 causa,
851 914 945 962 causa
961 899 1060 976 pestis

30 991 125 1058 atquc
139 980 224 1042 exitii
238 982 303 1043 luit.
334 981 482 1058 Reliquae
494 989 598 1058 partes
614 982 783 1044 tribunatus
804 981 963 1059 principiis
977 981 1059 1043 simi·

30 1066 89 1126 les.
134 1063 241 1125 Omnia
261 1065 403 1141 perfecit,
416 1065 501 1139 ‘quae
517 1072 642 1125 senalus
657 1065 744 1125 salva
756 1065 923 1141 republica
938 1080 977 1125 ne
992 1063 1060 1125 fieri

29 1154 163 1223 possent
174 1148 353 1221 perfecerat
374 1146 465 1209 cuius
476 1155 576 1208 tamen
588 1146 730 1209 scelusin
744 1149 860 1211 scelere
872 1145 1058 1243 cognoscite:

93 1228 200 1289 xxm.
216 1228 267 1293 56.
280 1228 470 1299 Restituebat
482 1232 592 1292 multos
607 1230 810 1293 calamitosos.
850 1230 884 1291 ln
898 1230 946 1292 bis
961 1229 1060 1327 patrui

26 1313 116 1373 nulla
128 1312 251 1374 mentio.
287 1313 321 1393 Si
334 1329 471 1388 severus,
485 1330 540 1375 cur
555 1330 615 1376 non
632 1314 663 1375 in
680 1320 809 1377 omnest
824 1314 858 1376 Si
871 1311 1057 1386 misericors,

25 1410 88 1456 cur
100 1409 163 1456 non
177 1392 209 1456 in
221 1403 316 1459 suost
332 1397 395 1459 Sed
412 1396 515 1458 omitto
533 1406 681 1459 caeteros.
714 1395 862 1460 Licinium
871 1396 1060 1459 Lenticulam

27 1477 70 1539 de
82 1477 150 1538 alea
167 1479 406 1553 condemnatum,
419 1481 601 1565 collusorem
617 1497 716 1556 suum,
729 1480 867 1555 restituit,
883 1479 1058 1558 quasivero

27 1561 137 1623 ludere
159 1577 227 1622 cum
249 1564 449 1624 condemnato
470 1560 533 1624 no'n
551 1563 670 1626 liceret:
692 1564 749 1625 sed
770 1573 819 1637 ut,
843 1563 953 1641 quod·
945 1581 976 1624 m
992 1564 1060 1625 alea

29 1641 216 1719 perdiderat,
229 1645 378 1706 beneflcio
393 1644 470 1720 legis
487 1645 678 1706 dissolveret
721 1646 815 1719 Quam
831 1646 955 1708 attulisti
969 1645 1059 1707 ratio-

29 1740 102 1786 nem
115 1728 233 1802 populo
248 1726 385 1787 Romano
406 1741 541 1786 curcum
553 1728 671 1787 restitui
688 1735 863 1801 oporteretr
880 1727 1059 1798 Absentem,

28 1809 137 1883 credo,
149 1806 181 1869 in
193 1825 265 1870 reos
280 1810 422 1869 relatumz
436 1822 500 1867 rem
514 1807 627 1867 indicta
643 1822 738 1868 eausa
750 1806 929 1869 iudicatam:
944 1808 1059 1869 nullum

29 1891 129 1953 luisse
150 1892 189 1952 de
210 1892 276 1952 alea
295 1893 363 1967 lege
384 1891 543 1953 iudicium:
572 1888 605 1949 ri
624 1905 808 1966 oppressum
826 1899 857 1950 ct
875 1888 982 1949 armis=
1002 1905 1058 1964 po-

27 1982 155 2048 stremo,
176 1975 261 2048 quod
271 1975 311 2034 de
326 1980 432 2050 patruo
445 1980 498 2036 tuo
510 1970 676 2046 dicebatur,
690 1974 820 2048 pecunia
831 1970 975 2033 iudicium
988 1986 1060 2034 esse

27 2063 227 2131 corruptumt
239 2056 317 2117 Nihil
333 2057 450 2118 horum.
478 2058 519 2117 At
534 2056 582 2118 vir
596 2057 695 2117 bonus
709 2064 739 2117 et
752 2072 786 2117 re
801 2053 923 2131 publica
937 2054 1058 2129 dignus.

26 2138 110 2201 Nihil
122 2139 154 2199 id
169 2139 341 2215 quidemad
355 2156 434 2201 rem·
457 2155 514 2214 ego
529 2148 645 2213 tamen,
666 2137 810 2214 quoniam
827 2137 1060 2199 condemnatum

27 2236 104 2283 csse
117 2238 174 2297 pro
190 2221 283 2283 nihilo
299 2229 354 2296 est,
372 2223 400 2283 si
415 2223 457 2284 ita
471 2231 562 2297 esset,
577 2223 778 2318 ignoscerem
820 2212 984 2282 Hominem'
995 2236 1059 2282 om·

26 2308 114 2365 nlum
127 2302 355 2379 nequissimum,
371 2306 423 2381 qui
438 2320 499 2365 non
514 2304 664 2367 dubitaret
675 2304 748 2366 vel
740 2322 769 2365 ιιι
782 2306 849 2366 ιοιο
864 2304 931 2366 alea
944 2304 1059 2377 ludere,

27 2389 118 2462 lege,
139 2403 218 2464 quae
232 2396 279 2447 est
293 2387 331 2446 dc
345 2388 427 2460 alea,
448 2388 682 2450 condemnatum
692 2386 747 2463 qui
764 2387 794 2447 in
809 2388 957 2464 integrum
971 2386 1058 2448 resti-

27 2471 95 2542 tuit,
109 2468 137 2531 is
151 2486 212 2531 non
228 2468 419 2545 apertissime
434 2470 566 2532 studium
583 2488 671 2533 suum
684 2471 752 2547 ipse
767 2472 947 2546 profiteturr
960 2468 1011 2531 57.
1025 2470 1058 2528 ln

25 2552 140 2614 eodem
151 2568 224 2614 vero
236 2553 367 2613 tribunat
355 2560 397 2624 tu,
410 2569 502 2627 quum
515 2554 641 2615 Caesar
633 2572 662 2615 ιιι
670 2554 846 2629 Ηιειιιιιιιιι
858 2542 1059 2649 proficiscens

27 2636 102 2696 huic
123 2636 369 2696 conculcandam
376 2634 492 2696 ltaliam
514 2637 706 2711 tradidisset,
726 2652 805 2713 quae
819 2637 875 2697 luit
888 2635 955 2696 eius
970 2650 1058 2710 pera·

28 2718 128 2794 gratio
147 2716 303 2793 itinerum,
324 2716 462 2779 lustratio
483 2719 730 2796 municipiorum!
755 2718 826 2782 Scio
846 2736 895 2780 me
914 2719 945 2777 in
966 2717 1058 2777 rebus

28 2800 279 2863 celebratissimis
304 2801 436 2862 omnium
456 2817 596 2863 sermone
609 2803 741 2875 versari,
758 2820 872 2879 eaque,
893 2815 972 2878 quae
987 2799 1057 2860 dico

24 2884 229 2961 dicturusque
242 2901 319 2959 sum,
333 2885 451 2946 notiora
461 2901 532 2945 esse
544 2886 693 2960 omnibus,
708 2887 760 2962 qui
775 2885 804 2946 in
819 2884 904 2947 ltalia
918 2894 979 2945 tum
994 2882 1059 2944 lue-

25 2976 114 3041 runt,
130 2984 221 3043 quam
237 2967 324 3042 milri,
347 2966 399 3043 qui
420 2983 482 3027 non
502 2966 553 3029 lui.
595 2969 712 3030 Notabo
727 2978 827 3031 temen
843 2967 977 3043 singulas
991 2984 1058 3028 res:

25 3051 88 3111 etsi
99 3053 180 3112 nullo
188 3051 279 3112 modo
288 3050 397 3127 poterit
407 3050 503 3113 oratic
514 3050 663 3113 measatis
671 3049 1058 3114 tacerevestraescientiae.

25 3132 147 3194 Etenim
155 3135 239 3209 quod
247 3132 425 3210 umquamin
434 3134 521 3196 terris
530 3143 644 3197 tantum
651 3134 797 3210 uagitum
804 3132 959 3196 exstitisse
972 3132 1057 3195 audi·

26 3216 1057 3295 tumestttantamturpitudincmttantumdedecustXXlV.58.Ve-

25 3299 157 3361 bebatur
170 3299 201 3361 in
214 3302 326 3363 essedo
340 3300 478 3365 tribunus
491 3303 606 3378 plebis=
625 3303 746 3363 lictores
760 3300 885 3363 laureati
897 3296 1058 3361 antecede·

25 3380 116 3443 bant:
130 3382 612 3460 interquosapertaleoticumima
621 3385 811 3462 portabatur=
825 3378 1060 3460 quamexcppi·
