2340 3788
112 186 156 253 lb
279 188 352 249 PRO
375 188 457 249 stix.
472 183 610 245 ROSCIO
624 182 797 245 autumo
815 182 966 245 ORATIO.

113 343 182 416 rint,
199 354 277 415 quae
289 336 393 398 diesin
407 338 476 412 lege
489 336 649 412 praefinita
658 344 715 409 est,
731 334 843 397 deinde
856 352 911 399 cur
919 339 1038 405 tantulo
1052 341 1133 403 veri·

114 424 201 485 erint.
245 422 329 494 Quae
355 420 456 481 omnia
480 419 522 492 si,
546 419 800 493 quamadmodum
830 420 931 481 solent
955 421 1060 485 liberti
1084 440 1132 485 aa·

115 523 207 582 quam
219 514 250 565 et
262 503 393 579 improbi
407 504 517 576 lacere,
527 503 558 561 in
570 509 729 576 patronum
744 518 832 563 suum
843 503 974 564 voluerit
984 506 1131 580 centena,

114 589 188 651 nihil
204 587 309 662 egerit.
347 588 441 647 Nemo
456 584 598 646 ostentm
613 583 665 659 qui
679 585 796 646 nesciat
808 594 934 661 propter
952 588 1132 662 maguitudi-

113 687 297 735 neutrarum
311 672 404 731 mtdta
417 672 543 740 multos,
557 667 666 743 partim
679 668 870 742 imprudente
885 669 918 727 L.
937 668 1034 745 suta,
1053 686 1132 733 com·

112 755 244 815 misisse.
273 751 343 815 131.
379 754 480 813 Placet
498 749 587 824 igitur
600 750 631 809 in
645 750 693 812 his
709 752 802 811 rebus
824 751 939 826 aliquid
958 751 1131 829 impurdan-

111 838 154 899 tia
170 836 347 914 praeteriri?
382 836 448 894 Non
467 834 583 909 placet,
605 832 740 907 iudices,
762 833 819 893 sed
840 850 971 896 necesse
996 845 1056 897 est.
1084 836 1133 897 tta·

111 922 192 983 enim
217 920 245 982 si
267 919 402 994 Iuppiter
425 915 556 990 optimus
579 915 744 990 maximus,
765 916 851 978 cuius
870 925 945 978 nutu
964 918 1130 981 atarbtuta

112 1008 242 1076 caelum,
257 1012 337 1063 terra
347 999 502 1074 mariaque
513 1010 670 1073 reguntur,
693 1015 787 1075 saepe
807 1000 906 1061 ventis
927 1001 1130 1063 vehementio-

110 1088 195 1150 ribus
220 1095 273 1145 aut
291 1082 494 1143 immoderatis
516 1081 747 1156 tempestatibus
769 1090 821 1143 aut
845 1082 937 1144 nimio
958 1086 1063 1147 calore
1082 1092 1132 1145 aut

110 1167 290 1233 intolerabili
314 1165 427 1241 frigore
455 1165 628 1225 hominibus
652 1165 768 1238 nocuit,
796 1167 889 1227 urbes
919 1167 1049 1241 delevit,
1073 1169 1129 1229 iru-

111 1268 166 1329 gas
187 1247 333 1326 perdidit:
354 1264 482 1323 quorum
502 1248 575 1308 nihil
597 1247 723 1323 pernicii
743 1264 837 1309 causa
857 1248 960 1310 divino
988 1249 1128 1323 oonsilio,

112 1335 168 1395 sed
182 1333 213 1392 vi
227 1333 296 1407 ipsa
310 1339 339 1392 et
353 1331 557 1406 magnitudine
570 1348 671 1392 rerum
685 1333 797 1392 lactum
811 1340 968 1407 putamus,
982 1340 1143 1403 alcoutta,

77 1484 82 1493 ,
112 1416 272 1477 commoda
292 1414 402 1490 quibus
416 1414 527 1475 utimur
540 1417 701 1490 lucemque
716 1432 776 1490 qua
791 1415 915 1476 fruimur
932 1412 1130 1493 spiritumque

112 1515 204 1575 quem
223 1498 362 1559 ducimus
379 1498 417 1557 ab
439 1515 476 1558 eo
497 1498 586 1558 nobis
611 1497 676 1557 dari
700 1506 792 1573 atque
816 1497 963 1574 impertiri
982 1498 1129 1570 videmur.

111 1581 186 1658 quid
200 1581 341 1641 miramur
356 1582 389 1639 L.
406 1580 534 1653 Sullam,
550 1597 643 1654 quum
659 1582 745 1642 solus
761 1597 825 1640 rem
845 1580 999 1657 publicam
1013 1588 1131 1658 regerat

111 1665 278 1740 orbemque
287 1672 434 1725 terrarum
445 1663 627 1737 gubernaret
637 1662 816 1740 imperiique
828 1665 1026 1739 maiestatem,
1039 1680 1136 1741 quam.

110 1746 203 1808 armis
216 1756 387 1822 receperat,
408 1747 527 1820 legibus
545 1747 753 1819 confirmaret,
773 1747 876 1822 aliqua
892 1747 1131 1809 animadvertere

110 1848 171 1892 non
186 1832 345 1906 potuisset
358 1830 418 1890 nisi
431 1829 491 1891 hoc
506 1831 612 1891 mirum
627 1840 690 1902 est,
712 1830 795 1905 quod
814 1830 862 1891 vis
883 1831 985 1891 divina
998 1828 1130 1907 adsequi

109 1931 171 1975 non
188 1914 302 1990 possit,
319 1913 346 1975 si
359 1914 393 1974 id
406 1930 492 1975 mens
507 1913 637 1973 humana
652 1913 765 1988 adepta
778 1930 840 1981 non
854 1913 902 1975 sit
924 1912 993 1975 lta
1015 1913 1130 1975 Verum

111 2006 142 2058 ut
160 1997 237 2057 haec
257 1997 353 2057 missa
372 1996 496 2068 faciam,
522 2004 602 2070 quae
621 1996 681 2056 iam
701 1997 881 2070 factasunt,
906 2013 946 2056 ex
966 1995 1021 2069 ile,
1052 2012 1130 2072 quae

110 2097 195 2142 nunc,
216 2096 310 2152 quum
328 2078 459 2138 maxime
479 2080 571 2150 fiunt,
591 2094 693 2138 nonne
716 2078 816 2153 quivis
839 2087 943 2154 potest
963 2079 1130 2155 intelligere

109 2160 242 2221 omnium
257 2161 453 2221 architectum
467 2170 498 2221 et
514 2160 750 2221 machinatorem
764 2179 857 2223 unum
870 2165 944 2223 esse
958 2162 1139 2239 Chrysogo,

109 2258 196 2314 num,
212 2242 263 2316 qui
278 2241 350 2301 Sex.
364 2243 470 2305 Roscii
484 2260 594 2304 nomen
606 2244 803 2305 deserendum
821 2245 938 2307 curavit
961 2245 1035 2319 [hoc
1055 2244 1129 2307 iudi·

111 2325 219 2397 cium,]
235 2324 322 2385 cuius
336 2325 461 2387 honoris
477 2342 571 2387 causa
583 2342 730 2387 accusare
745 2345 779 2389 se
794 2328 870 2388 dixit
883 2328 1037 2389 Eruciust

464 2412 645 2472 Desuntaoo
656 2427 768 2485 pauca.

108 2490 148 2531 **
159 2489 192 2550 in
205 2488 274 2551 vico
290 2489 441 2551 Pallacine
454 2491 494 2535 **
509 2491 639 2553 maxime
656 2491 809 2554 metuit**
824 2493 854 2553 in
870 2494 1073 2555 Veientanam
1084 2493 1131 2535 **
1165 2532 1169 2537 -

108 2591 199 2635 manu
210 2573 335 2649 praedia
345 2574 585 2648 praediis**hic
597 2592 654 2650 ego
666 2576 771 2638 audire
783 2575 859 2638 istos
871 2576 1130 2652 cupiottxtv-t„
1154 2636 1157 2641 .

108 2666 208 2734 aptam
234 2665 264 2716 et
287 2656 404 2716 ratione
427 2657 607 2732 dispositam
627 2676 663 2719 se
681 2659 794 2720 habere
816 2660 1003 2733 existimant,
1024 2660 1080 2737 qui
1099 2661 1130 2721 iu

108 2739 272 2801 Salentin's
288 2747 340 2799 aut
356 2739 386 2800 in
401 2741 525 2802 Bruttiis
541 2742 667 2815 habent,
681 2743 762 2803 unde
777 2743 830 2803 vix
851 2752 897 2804 ter
917 2744 948 2803 in
968 2760 1052 2806 anno
1075 2760 1129 2805 au-

107 2824 173 2883 dire
187 2842 229 2883 nu
279 2840 329 2885 um
343 2833 481 2897 possunt.
1016 2874 1019 2879 .

191 2904 261 2967 133.
290 2907 376 2967 Alter
396 2906 449 2967 tibi
464 2909 622 2969 descendit
641 2910 680 2968 de
702 2908 813 2983 palatio
835 2919 865 2970 et
890 2909 1020 2971 aedibus
1047 2910 1128 2973 suisa

107 2987 199 3047 habet
218 2988 308 3049 animi
327 2991 485 3051 relaxandi
509 3008 604 3052 causa
623 3009 675 3052 rus
691 3008 851 3053 amoenum
865 3002 895 3054 et
909 2993 1129 3069 suburbanum,

108 3072 197 3145 plura
211 3081 368 3142 praeterea
386 3074 511 3148 praedia
526 3091 626 3150 noque
639 3083 738 3136 tamen
755 3077 848 3135 ullum
862 3076 921 3136 nisi
936 3079 1129 3151 praeclarum

108 3162 139 3213 et
152 3152 370 3228 propinquum:
392 3158 501 3218 domus
520 3160 631 3218 relenta
652 3158 736 3218 vasis
751 3159 911 3220 corinthiis
934 3168 966 3221 et
978 3160 1129 3235 Deliacis,

107 3235 138 3296 in
155 3235 265 3311 quibus
281 3244 329 3296 est
342 3239 491 3314 authepsa
504 3239 568 3313 illa,
593 3257 683 3315 quam
698 3248 780 3302 tanto
801 3242 905 3317 precio
928 3260 1030 3318 nupcr
1049 3260 1129 3306 mar·

108 3328 194 3380 catus
208 3329 271 3391 est,
285 3327 319 3379 ut
333 3320 384 3393 qui
399 3331 626 3395 praetereuntes
651 3322 723 3397 quid
738 3332 851 3400 praeco
868 3337 1060 3389 enumeraret
1073 3344 1130 3389 au-

106 3403 244 3479 diebant,
266 3403 390 3463 fundum
404 3405 508 3469 venire
524 3407 745 3486 arbitrarentur.
772 3409 859 3481 ‘Quid
878 3418 1038 3484 praeterea
1057 3426 1140 3473 cae·-
