2340 3788
84 214 124 279 18
239 218 312 280 ΡΗΟ
331 218 413 278 SEX.
434 216 570 277 ROSCIO
592 216 764 276 sufflatae
786 215 936 276 ORATIO.

82 368 201 430 duobus
223 366 466 428 adolescentibus
487 367 556 427 tiliis
573 365 662 439 isset,
682 364 834 427 inventum
850 382 921 427 esse
942 382 1032 427 mane
1049 367 1091 429 iu·

80 453 223 527 quletum.
260 450 356 523 Quum
377 465 476 524 neque
495 464 604 510 servus
619 450 779 523 quisquam
793 448 977 522 reperiretur
993 466 1091 527 neque

81 534 156 593 liber
169 534 209 591 ad
231 549 320 606 quem
336 548 373 592 ea
393 531 529 606 suspicio
550 531 725 605 pertineret,
749 531 781 589 id
794 530 901 591 aetatis
914 539 1015 593 eutem
1031 534 1090 593 due

81 614 135 675 lllii
155 623 278 690 pmptcr
298 616 443 675 cubantes
462 630 502 674 ne
524 613 659 674 sensisse
679 614 799 688 quidem
818 628 854 673 se
867 612 1018 689 dicerent,
1039 630 1086 677 no

81 696 163 757 mina
181 697 310 759 liliorum
332 699 371 759 de
391 694 552 772 parricidio
574 697 672 756 delata
685 704 764 756 sunt.
797 695 874 769 Quid
896 702 1015 770 poterat
1033 705 1089 763 tam.

82 795 152 840 esse
165 781 391 855 suspiciosumt
412 780 595 838 Neutrumne
606 778 763 839 sensisset
781 780 898 838 Ausum
910 786 1086 839 automessc

83 879 276 938 quemquam,
300 880 335 925 se
353 862 384 921 in
405 861 437 921 id
457 861 601 920 conclave
622 861 820 933 committere,
845 876 882 921 eo
902 860 1085 934 potissimum
1117 899 1119 935 :

80 954 231 1022 tempore,
255 962 346 1020 quum
365 941 475 1003 ibidem
489 951 592 1003 essent
606 944 666 1003 duo
682 944 891 1003 adolescentes
907 942 977 1015 lilii,
997 941 1087 1019 quiet

81 1029 192 1089 sentire
212 1036 243 1088 et
265 1027 426 1087 delendere
447 1024 534 1085 lacile
548 1033 696 1099 possentt
728 1023 777 1089 66.
798 1025 870 1085 Erat
890 1041 983 1099 porro
1003 1040 1085 1087 neme

79 1110 111 1172 in
128 1126 218 1185 quem
237 1125 275 1169 ca
295 1107 429 1182 suspicio
446 1108 629 1168 conveniret.
658 1108 767 1169 Tamen
790 1124 883 1182 quum
903 1108 1028 1183 planum
1045 1106 1086 1167 iu·

80 1192 198 1253 dinibus
218 1200 301 1251 esset
318 1192 428 1250 lactum
448 1198 553 1264 aperto
573 1190 651 1250 ostio
676 1191 857 1251 dormientes
877 1205 933 1250 eos
952 1197 1086 1265 repertos

79 1289 164 1347 esse,
187 1270 299 1332 iudicio
319 1272 448 1333 absoluti
467 1274 676 1333 adolescentes
689 1282 720 1334 et
734 1272 908 1348 suspicione
923 1272 1005 1333 omni
1019 1272 1086 1331 libe

78 1355 134 1415 rati
154 1364 232 1415 sunt
264 1355 358 1416 llemo
379 1354 457 1415 enim
471 1356 594 1429 putabat
617 1371 798 1430 quemquem
817 1371 888 1415 esse
908 1354 978 1430 qui,
998 1348 1088 1430 'quum

79 1435 179 1498 omnia
204 1437 306 1497 divina
325 1446 417 1512 atque
437 1439 567 1498 bumana
581 1437 646 1497 iura
661 1440 776 1498 scelere
793 1437 908 1498 nefario
924 1436 1087 1512 polluisset,
1111 1490 1119 1509 ,

79 1536 216 1584 somnum
237 1522 334 1581 statim
354 1518 643 1594 caperepotuissct,
668 1529 827 1594 propterea
842 1520 941 1594 quod,
960 1517 1012 1592 qui
1025 1528 1088 1579 tan-

78 1611 140 1663 tum
160 1602 278 1663 lacinus
298 1603 525 1673 commiserunt,
548 1619 608 1662 non
628 1603 718 1663 modo
740 1603 805 1663 sine
827 1619 909 1679 cura⁴
924 1601 1091 1677 quiescere,

78 1685 186 1745 sedne
201 1686 316 1760 spirare
331 1685 453 1760 quidem
467 1687 532 1747 sinc
544 1695 625 1746 metu
641 1696 778 1759 possunt

159 1768 265 1830 XlllV.
285 1769 335 1830 66.
362 1767 520 1829 Videtisne
549 1785 628 1843 quos
654 1768 743 1828 nobis
770 1770 879 1842 poetae
903 1763 1091 1827 tradiderunt

76 1850 171 1927 patris
202 1851 370 1913 ulciscendi
400 1867 493 1913 causa
523 1849 704 1926 supplicium
729 1851 767 1909 de
791 1856 886 1909 matre
910 1846 1089 1921 sumpsisse,

79 1950 169 2006 quum
186 1936 363 2010 praesertim
383 1935 508 1997 deorum
524 1933 731 1994 immortalium
746 1930 839 1993 iussis
853 1938 945 2005 atque
958 1928 1097 1991 oraculis.

76 2016 109 2077 id
123 2018 233 2078 iecisse
250 2017 400 2090 dicantur,
423 2026 522 2077 amen
541 2025 574 2077 ut
589 2033 643 2078 cos
658 2015 771 2090 agitent
791 2013 886 2074 iuriae
902 2028 1004 2086 neque
1018 2028 1089 2073 con-

77 2098 184 2159 sistere
204 2115 332 2172 usquam
354 2098 517 2173 patiantur,
538 2099 678 2172 quodne
701 2097 741 2172 pii
759 2096 880 2172 quidem
894 2096 960 2155 sine
974 2096 1091 2157 scelere

77 2195 147 2239 esse
167 2188 348 2254 potuerunt?
380 2181 430 2241 Sic
451 2197 485 2241 se
509 2197 559 2241 res
580 2180 684 2253 habet,
706 2181 832 2241 iudices.
866 2178 1007 2252 Magnam
1019 2177 1092 2251 uim,

76 2277 213 2335 magnam
232 2264 456 2335 necessitatem,
480 2278 617 2336 magnam
638 2263 776 2337 possidet
795 2260 971 2334 religionem
991 2268 1090 2335 puter

76 2360 133 2403 nus
155 2352 367 2420 maternusque
391 2347 528 2421 sanguim
550 2362 589 2405 ex
610 2363 671 2420 quo
692 2346 719 2407 si
734 2345 924 2420 quamacula
943 2351 1095 2419 concepta

77 2435 138 2500 est,
160 2440 220 2487 non
242 2430 332 2488 modo
352 2430 413 2489 elui
433 2445 494 2489 non
511 2436 624 2503 potest,
646 2445 751 2489 verum
767 2442 866 2502 usque
880 2442 918 2486 eo
933 2432 1093 2501 permanat

75 2510 114 2569 ad
137 2510 283 2582 animum,
304 2519 335 2571 ut
354 2528 490 2573 summus
510 2513 592 2572 luror
615 2521 706 2586 atque
724 2509 854 2570 amentia
874 2517 1092 2583 consequatur.

74 2588 124 2654 67.
145 2593 242 2653 Nolite
256 2594 333 2653 enim
348 2603 469 2669 putare,
489 2596 741 2669 quemadmodum
755 2592 786 2652 in
800 2593 909 2653 fabulis
926 2594 1092 2667 suepe'nu-

74 2692 156 2737 mero
171 2675 293 2748 videtis,
317 2692 386 2751 eos,
407 2678 458 2751 qui
477 2677 592 2752 aliquid
605 2677 695 2753 impie
710 2678 916 2748 scelerateque
930 2672 1092 2733 commise-

73 2758 145 2834 rint,
167 2759 271 2835 agitari
291 2768 322 2820 et
342 2760 501 2836 perterreri
513 2761 666 2821 Furiarum
688 2758 785 2820 taedis
809 2756 996 2819 ardentibus.
1026 2754 1093 2817 Sua

75 2857 224 2917 quemque
245 2844 327 2903 fraus
348 2853 379 2904 et
396 2860 470 2903 suus
491 2850 586 2904 terror
602 2840 731 2903 maxime
751 2850 855 2901 vexat:
880 2856 968 2900 snum
984 2855 1092 2914 quem-

74 2936 134 2995 que
147 2928 247 2985 scelus
259 2926 351 3000 agitat
362 2927 552 3001 amentiaque
563 2926 677 2987 adlicit:
695 2941 768 2985 suae
781 2926 876 2984 malae
888 2921 1092 2997 cogitationes

75 3005 337 3083 conscientiaeque
362 3009 452 3069 animi
477 3017 596 3070 terrent.
639 3009 704 3067 llne
730 3016 801 3068 sunt
819 3005 918 3080 impiis
940 3004 1092 3065 adsiduae

74 3086 318 3164 domesticaeque
331 3092 452 3162 Furiae,
475 3108 553 3166 qnae
573 3090 639 3151 dies
660 3100 827 3166 noctesque
842 3096 1000 3164 parenmm
1015 3102 1094 3163 poe-

73 3182 128 3233 nas
142 3184 161 3227 a
174 3174 472 3236 consceleratissimis
488 3175 558 3235 liliis
570 3182 715 3248 repetant.
744 3173 793 3236 68.
816 3174 897 3232 Haec
913 3170 1092 3244 magnitudo

73 3251 213 3311 maleficii
235 3254 318 3325 lacit,
339 3265 385 3328 ut,
409 3257 467 3317 nisi
489 3274 586 3332 paene
601 3257 793 3316 manifestum
808 3253 1004 3332 parricidium
1017 3270 1092 3329 pro·

73 3332 198 3406 leratur,
213 3336 355 3396 credibile
369 3355 428 3398 non
443 3340 495 3409 sit;
511 3339 569 3399 nisi
581 3339 676 3414 turpis
688 3338 907 3410 adolescentia,
922 3336 981 3396 nisi
993 3333 1090 3397 omni-

70 3412 128 3475 bus
143 3416 263 3492 flagitiis
277 3418 340 3480 vite
355 3419 522 3496 inquinata,
546 3422 604 3482 nisi
623 3431 761 3496 sumptus
778 3421 867 3482 cllusi
888 3434 955 3480 oum
973 3420 1091 3495 probro

1016 3708 1033 3741 Χ
