2340 3788
90 213 154 279 466
215 212 254 272 ΙΝ
269 210 310 273 Μ.
325 206 524 269 nuroruull
536 203 677 267 ORATIO
690 202 906 263 PHILIPPICA
919 204 999 267 XIV.

92 372 226 441 quartam
241 362 338 432 illam,
360 375 438 434 quae
458 357 563 417 relicto
577 355 710 416 Antonio
731 369 765 413 se
780 353 853 414 olim
868 370 941 415 eum
953 355 1100 416 Martiale
1136 404 1147 411 .

91 449 180 522 gione
197 444 365 515 coniunxit,
388 449 419 502 et
438 439 610 516 septimam,
634 454 714 513 quae
727 435 895 497 constituta
915 454 955 498 ex
970 442 1099 500 veteranis

91 529 194 589 docuit
209 527 269 588 boc
284 523 400 600 proelio
416 523 559 587 militibus
579 519 632 594 iis,
652 521 704 596 qui
720 518 860 581 Caesaris
882 521 1034 581 beneficia
1051 539 1099 582 seu.

91 619 231 688 nossent,
249 615 374 670 senatus
389 605 557 681 populique
569 603 697 664 Romani
715 618 819 663 carum
833 619 947 664 nomen
962 621 1041 665 esse.
1059 604 1101 665 His

90 694 195 770 viginti
210 692 395 762 cohortibus
410 690 492 749 nullo
507 685 652 763 equitatu,
667 685 781 746 Hirtius
796 685 865 760 ipse
879 687 1016 763 aquilam
1030 705 1100 764 quar
1136 703 1147 741 ε

89 787 138 838 tae
154 774 283 850 legionis
305 789 398 848 quum
419 772 558 843 inferret,
582 787 642 845 qua
656 769 768 829 nullius
784 769 969 843 pulcriorem
985 773 1101 846 speciem
1136 813 1147 824 ..

89 858 280 935 imperatoris
300 856 489 931 accepimus,
508 869 577 914 cum
596 852 692 914 tribus
706 849 833 912 Antonii
845 851 1019 927 legionibus
1033 853 1100 928 equi
1137 866 1147 921 ς

89 951 213 1018 tatuque
229 938 378 1010 condixit,
403 938 572 1012 hostesque
587 935 737 1008 uelarIos,
752 934 822 994 huie
837 934 922 996 lovis
938 937 1043 1011 optimi
1055 953 1100 997 tua·
1138 982 1147 990 ..

63 1033 66 1039 '
88 1024 162 1085 ximi
183 1021 372 1095 caeterisque
393 1021 520 1080 deorum
534 1017 745 1079 immortalium
759 1017 897 1091 templis,
917 1019 1004 1079 urbis
1023 1021 1103 1090 tectis,
1139 1033 1147 1072 ε

88 1105 217 1168 libertati
233 1103 337 1179 populi
348 1101 490 1175 Romani,
513 1110 635 1162 nostrae
649 1099 729 1161 vitae
744 1099 949 1176 sanguinique
965 1101 1103 1162 imminer-
1141 1117 1147 1153 :-

88 1199 135 1250 tes
153 1188 330 1264 prostravit,
348 1186 438 1256 ludit,
454 1183 578 1257 occidit,
594 1193 627 1245 ut
640 1199 708 1244 eum
721 1182 887 1243 admodum
898 1185 1017 1258 paucis,
1031 1193 1103 1246 nocte
1141 1199 1147 1238 .·.

89 1280 199 1342 tectus,
222 1277 303 1331 metu
317 1268 507 1343 perterritus,
529 1268 671 1344 princeps
693 1267 840 1326 latronum
857 1266 984 1343 duxque
1000 1267 1105 1342 lugeri.
1143 1282 1147 1321 z

89 1354 229 1413 Osolem
253 1351 354 1426 ipsum
374 1349 597 1422 beatissimum,
626 1348 692 1424 qui,
722 1356 791 1409 ante
816 1365 909 1423 quam
933 1367 968 1411 se
986 1351 1104 1419 abderet

89 1437 188 1497 stratis
204 1431 403 1493 cadaveribus
421 1431 642 1506 parricidarum
657 1448 727 1493 cum
741 1430 847 1506 paucis
865 1432 1030 1507 fugientem
1044 1432 1105 1493 vidit

87 1514 268 1576 Antonium!
313 1513 363 1574 28.
380 1516 428 1573 An
443 1530 516 1575 vero
533 1514 696 1589 quisquam
712 1512 860 1574 dubitabit
875 1517 1031 1591 appellare
1045 1516 1104 1575 cae-

89 1613 188 1658 sarem
204 1596 439 1673 imperatorenr
480 1600 575 1658 Aetas
593 1597 659 1659 eius
678 1605 759 1659 certe
773 1595 811 1656 ab
828 1597 886 1657 hac
903 1598 1049 1659 sententia
1062 1614 1104 1656 ue·
1127 1623 1147 1647 v

88 1681 197 1741 minem
210 1680 391 1754 deterrebit,
409 1681 531 1757 quaudo
547 1680 670 1756 quidem
684 1680 793 1741 virtute
808 1683 968 1755 superavit
982 1689 1103 1743 aeutem.

87 1768 133 1824 Ao
150 1761 223 1823 mihi
239 1779 361 1838 semper
386 1779 423 1823 eo
444 1764 559 1824 maiora
579 1763 727 1824 beneficia
748 1763 779 1822 c.
795 1763 936 1824 Caesaris
958 1766 1022 1825 visa
1039 1772 1104 1833 suut,
1137 1778 1142 1843 t

89 1864 148 1921 quo
160 1847 259 1907 minus
271 1855 356 1907 erant
367 1847 405 1907 ab
412 1855 509 1908 aetate
520 1846 572 1907 illa
581 1847 778 1921 postulanda:
793 1846 842 1906 cui
856 1864 950 1922 quurn
963 1847 1104 1923 imperium
1139 1854 1141 1885 Ξ

89 1930 253 2001 dabamus,
273 1930 382 1991 eodem
402 1939 539 2005 tempore
560 1928 649 1990 etiarn
664 1945 752 2005 spem
769 1929 836 1989 eius
851 1929 983 1991 nominis
1003 1931 1105 1990 delere
1138 1916 1142 1991 i

88 2014 212 2073 bamus:
236 2013 319 2087 quod
339 2029 431 2087 quum
448 2021 495 2072 est
512 2021 711 2084 consecutus,
733 2010 941 2073 auctoritatem
958 2013 1051 2075 nostri
1065 2014 1105 2071 de
1140 2078 1142 2083 ,

91 2095 163 2156 creti
183 2096 274 2155 rebus
295 2095 390 2168 gestis
416 2096 479 2155 suis
506 2095 722 2171 comprobavit.
766 2095 821 2154 Hic
841 2110 914 2170 ergo
937 2097 1106 2156 adolescens

91 2177 212 2239 maximi
227 2178 333 2251 animi,
355 2188 387 2238 ut
402 2178 560 2238 verissime
579 2178 682 2238 scribit
696 2177 823 2249 HirtiuS,
842 2187 942 2238 castra
962 2183 1106 2241 multarum

90 2260 243 2336 legionum
262 2260 368 2335 paucis
385 2261 560 2321 cohortibus
582 2270 693 2322 tutatus
716 2270 762 2322 est
779 2263 1011 2338 secundumque
1032 2279 1106 2338 proe-

92 2344 163 2405 lium
185 2344 263 2404 lecit.
306 2344 351 2403 lta
373 2344 460 2404 trium
482 2343 824 2419 imperatorumpopuli
847 2345 975 2406 Romani
1000 2346 1106 2417 virtute,

93 2425 236 2499 consitio,
257 2425 399 2487 felicitate
424 2444 485 2488 uno
511 2427 560 2485 die
587 2427 663 2487 locis
690 2427 824 2501 pluribus
851 2445 900 2489 res
926 2430 1047 2504 publica
1070 2436 1107 2488 cst

91 2519 280 2573 conservata.
330 2509 380 2569 XI.
403 2510 453 2570 29.
485 2511 623 2569 Decerno
645 2509 734 2584 igitur
758 2527 861 2570 eorum
884 2511 972 2573 trium
998 2512 1106 2572 nomine

91 2592 310 2670 quinquaginta
338 2591 455 2653 dierum
487 2593 745 2666 supplicationes:
775 2610 899 2666 causas,
934 2605 969 2656 ut
997 2594 1107 2655 honori·

89 2674 295 2738 flceutissimis
316 2675 417 2736 verbis
440 2675 589 2749 consequi
610 2684 731 2750 putero,
757 2678 939 2754 complectar
959 2678 1030 2754 ipsa
1052 2695 1109 2738 seu·

89 2759 191 2820 tentia.
738 2762 739 2766 ’

149 2840 204 2902 Est
223 2850 323 2903 autem
343 2841 416 2903 fidei
443 2839 628 2916 pietatisque
661 2852 780 2903 nostrae
805 2845 960 2903 declarare
992 2843 1108 2905 sortissi·

86 2918 144 2978 mis
166 2924 309 2987 militibus
333 2943 423 3002 quarn
440 2940 591 2984 memores
610 2924 704 2986 simus
722 2943 874 3001 quamque
890 2927 978 3001 grati.
1024 2929 1110 3000 Quam

85 2996 215 3065 obrem
242 3010 394 3083 promissa
416 3017 520 3069 nostra
540 3016 632 3083 atque
654 3025 704 3081 ea,
734 3027 810 3083 quae
840 3010 1013 3083 legionibus
1038 3011 1110 3069 bello

85 3083 227 3148 conlecto
245 3092 407 3153 tributuros
420 3109 476 3153 nos
491 3091 722 3166 spopondimus,
739 3092 886 3151 hodierno
905 3102 1031 3153 senatus
1046 3109 1110 3151 con-

82 3159 167 3251 811Ιῇ0
182 3176 360 3234 renovanda
377 3191 504 3236 censeo:
532 3193 664 3249 acquum
684 3177 826 3235 ostentm
850 3175 990 3246 militum,
1015 3176 1110 3235 talium

80 3251 278 3325 praesertim,
305 3256 451 3318 bonorem
474 3258 627 3332 coniungi.
670 3257 721 3317 30.
742 3258 841 3331 Atque
862 3257 992 3330 utinam,
1015 3266 1110 3332 pntrcs

77 3330 266 3407 conscripti,
289 3337 406 3399 civibus
428 3340 567 3402 omnibus
590 3343 710 3401 solvere
731 3340 819 3399 nobis
842 3340 975 3413 praemia
996 3341 1111 3398 liceret!

70 3412 269 3485 quiunquam
297 3434 354 3478 nos
377 3437 428 3494 ea,
456 3440 534 3497 quae
562 3422 770 3499 promisimus,
803 3423 940 3483 studiose
965 3425 1111 3483 cumulata
