<?xml version="1.0" encoding="UTF-8"?>
<!DOCTYPE html PUBLIC "-//W3C//DTD XHTML 1.0 Transitional//EN"
    "http://www.w3.org/TR/xhtml1/DTD/xhtml1-transitional.dtd">
<html xmlns="http://www.w3.org/1999/xhtml" xml:lang="en" lang="en">
 <head>
  <title>
</title>
<meta http-equiv="Content-Type" content="text/html;charset=utf-8" />
  <meta name='ocr-system' content='tesseract 3.04.00' />
  <meta name='ocr-capabilities' content='ocr_page ocr_carea ocr_par ocr_line ocrx_word'/>
</head>
<body>
  <div class='ocr_page' id='page_1' title='image "./orationesselect01cicegoog/orationesselect01cicegoog_0157.png"; bbox 0 0 2340 3788; ppageno 0'>
   <div class='ocr_carea' id='block_1_1' title="bbox 118 182 890 259">
    <p class='ocr_par' dir='ltr' id='par_1_1' title="bbox 118 182 890 259">
     <span class='ocr_line' id='line_1_1' title="bbox 118 182 890 259; baseline -0.003 0"><span class='ocrx_word' id='word_1_1' title='bbox 118 195 179 259; x_wconf 75' lang='lat' dir='ltr'>tut</span> <span class='ocrx_word' id='word_1_2' title='bbox 382 200 463 257; x_wconf 83' lang='lat' dir='ltr'>utu.</span> <span class='ocrx_word' id='word_1_3' title='bbox 481 182 690 258; x_wconf 78' lang='lat' dir='ltr'>currituuu</span> <span class='ocrx_word' id='word_1_4' title='bbox 705 198 856 259; x_wconf 74' lang='lat' dir='ltr'>enarro</span> <span class='ocrx_word' id='word_1_5' title='bbox 867 200 890 259; x_wconf 94' lang='grc' dir='ltr'>ι</span> 
     </span>
    </p>
   </div>
   <div class='ocr_carea' id='block_1_2' title="bbox 118 346 1144 469">
    <p class='ocr_par' dir='ltr' id='par_1_2' title="bbox 118 346 1144 469">
     <span class='ocr_line' id='line_1_2' title="bbox 118 346 1144 435; baseline 0.004 -34"><span class='ocrx_word' id='word_1_6' title='bbox 118 354 156 401; x_wconf 80' lang='lat' dir='ltr'>aui</span> <span class='ocrx_word' id='word_1_7' title='bbox 176 349 303 415; x_wconf 77' lang='lat' dir='ltr'>purgandi</span> <span class='ocrx_word' id='word_1_8' title='bbox 321 363 397 398; x_wconf 83' lang='lat' dir='ltr'>causa</span> <span class='ocrx_word' id='word_1_9' title='bbox 408 351 519 398; x_wconf 85' lang='lat' dir='ltr'>venisset</span> <span class='ocrx_word' id='word_1_10' title='bbox 534 346 630 399; x_wconf 81' lang='lat' dir='ltr'>Cicero</span> <span class='ocrx_word' id='word_1_11' title='bbox 640 365 705 411; x_wconf 86' lang='lat' dir='ltr'>earu,</span> <span class='ocrx_word' id='word_1_12' title='bbox 724 364 788 413; x_wconf 87' lang='lat' dir='ltr'>quae</span> <span class='ocrx_word' id='word_1_13' title='bbox 806 349 872 400; x_wconf 78' lang='lat' dir='ltr'>inire</span> <span class='ocrx_word' id='word_1_14' title='bbox 885 348 988 416; x_wconf 75' lang='lat' dir='ltr'>legitur,</span> <span class='ocrx_word' id='word_1_15' title='bbox 1005 353 1144 435; x_wconf 74' lang='lat' dir='ltr'>orationem</span> 
     </span>
     <span class='ocr_line' id='line_1_3' title="bbox 118 417 831 469; baseline -0.004 0"><span class='ocrx_word' id='word_1_16' title='bbox 118 423 143 469; x_wconf 92' lang='lat' dir='ltr'>ln</span> <span class='ocrx_word' id='word_1_17' title='bbox 162 418 294 467; x_wconf 81' lang='lat' dir='ltr'>Catilinam</span> <span class='ocrx_word' id='word_1_18' title='bbox 311 417 531 468; x_wconf 80' lang='lat' dir='ltr'>vehementissime</span> <span class='ocrx_word' id='word_1_19' title='bbox 548 417 669 467; x_wconf 85' lang='lat' dir='ltr'>invehens</span> <span class='ocrx_word' id='word_1_20' title='bbox 686 417 784 469; x_wconf 81' lang='lat' dir='ltr'>hebuit.</span> <span class='ocrx_word' id='word_1_21' title='bbox 827 434 831 441; x_wconf 69' lang='grc'><em>’</em></span> 
     </span>
    </p>
   </div>
   <div class='ocr_carea' id='block_1_3' title="bbox 60 510 1143 1201">
    <p class='ocr_par' dir='ltr' id='par_1_3' title="bbox 60 510 1143 1201">
     <span class='ocr_line' id='line_1_4' title="bbox 201 510 1142 620; baseline 0.002 -15"><span class='ocrx_word' id='word_1_22' title='bbox 201 549 224 608; x_wconf 93' lang='grc' dir='ltr'>Ι.</span> <span class='ocrx_word' id='word_1_23' title='bbox 242 546 269 611; x_wconf 92' lang='lat' dir='ltr'>l.</span> <span class='ocrx_word' id='word_1_24' title='bbox 294 510 366 614; x_wconf 66' lang='lat' dir='ltr'>(ino</span> <span class='ocrx_word' id='word_1_25' title='bbox 381 560 480 620; x_wconf 89' lang='lat' dir='ltr'>usque</span> <span class='ocrx_word' id='word_1_26' title='bbox 496 545 618 606; x_wconf 84' lang='lat' dir='ltr'>tandem</span> <span class='ocrx_word' id='word_1_27' title='bbox 633 546 765 616; x_wconf 77' lang='lat' dir='ltr'>abutere,</span> <span class='ocrx_word' id='word_1_28' title='bbox 782 545 834 604; x_wconf 87' lang='lat' dir='ltr'>cat</span> <span class='ocrx_word' id='word_1_29' title='bbox 822 542 916 618; x_wconf 91' lang='lat' dir='ltr'>tilina,</span> <span class='ocrx_word' id='word_1_30' title='bbox 931 542 1078 618; x_wconf 86' lang='lat' dir='ltr'>patientie</span> <span class='ocrx_word' id='word_1_31' title='bbox 1091 563 1142 607; x_wconf 91' lang='lat' dir='ltr'>no·</span> 
     </span>
     <span class='ocr_line' id='line_1_5' title="bbox 118 627 1142 706; baseline -0.001 -14.971"><span class='ocrx_word' id='word_1_32' title='bbox 118 639 201 693; x_wconf 73' lang='lat' dir='ltr'>strat</span> <span class='ocrx_word' id='word_1_33' title='bbox 216 629 369 706; x_wconf 90' lang='lat' dir='ltr'>quamdiu</span> <span class='ocrx_word' id='word_1_34' title='bbox 384 630 474 688; x_wconf 86' lang='lat' dir='ltr'>etiam</span> <span class='ocrx_word' id='word_1_35' title='bbox 488 629 573 688; x_wconf 88' lang='lat' dir='ltr'>luror</span> <span class='ocrx_word' id='word_1_36' title='bbox 586 627 644 688; x_wconf 89' lang='lat' dir='ltr'>iste</span> <span class='ocrx_word' id='word_1_37' title='bbox 658 636 728 688; x_wconf 89' lang='lat' dir='ltr'>tuus</span> <span class='ocrx_word' id='word_1_38' title='bbox 740 643 797 687; x_wconf 91' lang='lat' dir='ltr'>nos</span> <span class='ocrx_word' id='word_1_39' title='bbox 813 627 937 687; x_wconf 84' lang='lat' dir='ltr'>eludett</span> <span class='ocrx_word' id='word_1_40' title='bbox 951 630 1096 702; x_wconf 84' lang='lat' dir='ltr'>quemad</span> <span class='ocrx_word' id='word_1_41' title='bbox 1111 631 1142 690; x_wconf 87' lang='lat' dir='ltr'>tt-</span> 
     </span>
     <span class='ocr_line' id='line_1_6' title="bbox 60 709 1143 775; baseline -0.003 0"><span class='ocrx_word' id='word_1_42' title='bbox 60 710 64 717; x_wconf 81' lang='grc'><strong>“</strong></span> <span class='ocrx_word' id='word_1_43' title='bbox 117 732 185 775; x_wconf 90' lang='lat' dir='ltr'>nem</span> <span class='ocrx_word' id='word_1_44' title='bbox 199 730 270 775; x_wconf 91' lang='lat' dir='ltr'>sese</span> <span class='ocrx_word' id='word_1_45' title='bbox 291 712 438 772; x_wconf 85' lang='lat' dir='ltr'>effrenata</span> <span class='ocrx_word' id='word_1_46' title='bbox 459 710 582 772; x_wconf 84' lang='lat' dir='ltr'>iactabit</span> <span class='ocrx_word' id='word_1_47' title='bbox 600 709 750 771; x_wconf 64' lang='lat' dir='ltr'>audacia?</span> <span class='ocrx_word' id='word_1_48' title='bbox 775 709 894 769; x_wconf 75' lang='lat' dir='ltr'>Nihilne</span> <span class='ocrx_word' id='word_1_49' title='bbox 913 718 944 770; x_wconf 91' lang='lat' dir='ltr'>te</span> <span class='ocrx_word' id='word_1_50' title='bbox 964 719 1143 773; x_wconf 87' lang='lat' dir='ltr'>nocturnum</span> 
     </span>
     <span class='ocr_line' id='line_1_7' title="bbox 117 792 1143 875; baseline -0.003 -17"><span class='ocrx_word' id='word_1_51' title='bbox 117 795 424 875; x_wconf 89' lang='lat' dir='ltr'>praesidiumPalatii,</span> <span class='ocrx_word' id='word_1_52' title='bbox 439 793 747 868; x_wconf 79' lang='lat' dir='ltr'>nihilurbisvigiliae‚</span> <span class='ocrx_word' id='word_1_53' title='bbox 758 792 930 853; x_wconf 88' lang='lat' dir='ltr'>nihiltimor</span> <span class='ocrx_word' id='word_1_54' title='bbox 941 793 1059 871; x_wconf 91' lang='lat' dir='ltr'>populi,</span> <span class='ocrx_word' id='word_1_55' title='bbox 1072 794 1143 855; x_wconf 90' lang='lat' dir='ltr'>nihil</span> 
     </span>
     <span class='ocr_line' id='line_1_8' title="bbox 117 874 1142 948; baseline -0.007 -4"><span class='ocrx_word' id='word_1_56' title='bbox 117 897 285 944; x_wconf 83' lang='lat' dir='ltr'><strong>concursus</strong></span> <span class='ocrx_word' id='word_1_57' title='bbox 303 879 453 938; x_wconf 89' lang='lat' dir='ltr'>bonorum</span> <span class='ocrx_word' id='word_1_58' title='bbox 465 877 611 948; x_wconf 91' lang='lat' dir='ltr'>omnium,</span> <span class='ocrx_word' id='word_1_59' title='bbox 628 876 701 936; x_wconf 91' lang='lat' dir='ltr'>nihil</span> <span class='ocrx_word' id='word_1_60' title='bbox 714 874 765 935; x_wconf 93' lang='lat' dir='ltr'>hic</span> <span class='ocrx_word' id='word_1_61' title='bbox 778 874 999 936; x_wconf 88' lang='lat' dir='ltr'>munitissimus</span> <span class='ocrx_word' id='word_1_62' title='bbox 1013 876 1142 938; x_wconf 90' lang='lat' dir='ltr'>habendi</span> 
     </span>
     <span class='ocr_line' id='line_1_9' title="bbox 117 959 1143 1034; baseline -0.008 -8"><span class='ocrx_word' id='word_1_63' title='bbox 117 974 240 1026; x_wconf 86' lang='lat' dir='ltr'>senatus</span> <span class='ocrx_word' id='word_1_64' title='bbox 256 965 359 1034; x_wconf 91' lang='lat' dir='ltr'>locus,</span> <span class='ocrx_word' id='word_1_65' title='bbox 379 959 452 1019; x_wconf 92' lang='lat' dir='ltr'>nihil</span> <span class='ocrx_word' id='word_1_66' title='bbox 468 960 574 1020; x_wconf 90' lang='lat' dir='ltr'>horum</span> <span class='ocrx_word' id='word_1_67' title='bbox 590 976 643 1019; x_wconf 90' lang='lat' dir='ltr'>ora</span> <span class='ocrx_word' id='word_1_68' title='bbox 657 960 821 1032; x_wconf 86' lang='lat' dir='ltr'>vultusque</span> <span class='ocrx_word' id='word_1_69' title='bbox 834 966 1014 1029; x_wconf 65' lang='lat' dir='ltr'>moverunt?</span> <span class='ocrx_word' id='word_1_70' title='bbox 1040 960 1143 1021; x_wconf 86' lang='lat' dir='ltr'>Patere</span> 
     </span>
     <span class='ocr_line' id='line_1_10' title="bbox 116 1040 1143 1109; baseline -0.007 0"><span class='ocrx_word' id='word_1_71' title='bbox 116 1058 167 1109; x_wconf 88' lang='lat' dir='ltr'>tua</span> <span class='ocrx_word' id='word_1_72' title='bbox 179 1045 306 1108; x_wconf 83' lang='lat' dir='ltr'>consilia</span> <span class='ocrx_word' id='word_1_73' title='bbox 320 1060 380 1102; x_wconf 92' lang='lat' dir='ltr'>non</span> <span class='ocrx_word' id='word_1_74' title='bbox 392 1043 508 1103; x_wconf 66' lang='lat' dir='ltr'>sentis?</span> <span class='ocrx_word' id='word_1_75' title='bbox 524 1041 739 1104; x_wconf 81' lang='lat' dir='ltr'>constrictam</span> <span class='ocrx_word' id='word_1_76' title='bbox 731 1059 791 1101; x_wconf 88' lang='lat' dir='ltr'>ram</span> <span class='ocrx_word' id='word_1_77' title='bbox 805 1040 913 1102; x_wconf 88' lang='lat' dir='ltr'>horum</span> <span class='ocrx_word' id='word_1_78' title='bbox 925 1044 1058 1103; x_wconf 87' lang='lat' dir='ltr'>omnium</span> <span class='ocrx_word' id='word_1_79' title='bbox 1072 1059 1143 1105; x_wconf 90' lang='lat' dir='ltr'>con-</span> 
     </span>
     <span class='ocr_line' id='line_1_11' title="bbox 117 1125 1142 1201; baseline -0.007 -9"><span class='ocrx_word' id='word_1_80' title='bbox 117 1131 245 1192; x_wconf 88' lang='lat' dir='ltr'>scientia</span> <span class='ocrx_word' id='word_1_81' title='bbox 260 1127 355 1187; x_wconf 90' lang='lat' dir='ltr'>teneri</span> <span class='ocrx_word' id='word_1_82' title='bbox 370 1126 609 1188; x_wconf 90' lang='lat' dir='ltr'>coniurationem</span> <span class='ocrx_word' id='word_1_83' title='bbox 624 1135 703 1186; x_wconf 90' lang='lat' dir='ltr'>tuam</span> <span class='ocrx_word' id='word_1_84' title='bbox 723 1142 785 1185; x_wconf 93' lang='lat' dir='ltr'>non</span> <span class='ocrx_word' id='word_1_85' title='bbox 805 1125 915 1185; x_wconf 76' lang='lat' dir='ltr'>vides&#39;t</span> <span class='ocrx_word' id='word_1_86' title='bbox 945 1125 1026 1199; x_wconf 82' lang='lat' dir='ltr'>Quid</span> <span class='ocrx_word' id='word_1_87' title='bbox 1042 1127 1142 1201; x_wconf 83' lang='lat' dir='ltr'>proxi-</span> 
     </span>
    </p>
   </div>
   <div class='ocr_carea' id='block_1_4' title="bbox 18 1204 1142 1286">
    <p class='ocr_par' dir='ltr' id='par_1_4' title="bbox 18 1204 1142 1286">
     <span class='ocr_line' id='line_1_12' title="bbox 18 1204 1142 1286; baseline -0.004 -13"><span class='ocrx_word' id='word_1_88' title='bbox 18 1204 33 1218; x_wconf 76' lang='lat'><em>&#39;</em></span> <span class='ocrx_word' id='word_1_89' title='bbox 116 1231 179 1285; x_wconf 89' lang='lat' dir='ltr'>ma,</span> <span class='ocrx_word' id='word_1_90' title='bbox 196 1210 269 1286; x_wconf 88' lang='lat' dir='ltr'>qnid</span> <span class='ocrx_word' id='word_1_91' title='bbox 284 1207 443 1283; x_wconf 82' lang='lat' dir='ltr'>superiore</span> <span class='ocrx_word' id='word_1_92' title='bbox 458 1218 547 1270; x_wconf 91' lang='lat' dir='ltr'>nocte</span> <span class='ocrx_word' id='word_1_93' title='bbox 562 1211 677 1284; x_wconf 82' lang='lat' dir='ltr'>egeris,</span> <span class='ocrx_word' id='word_1_94' title='bbox 697 1208 749 1268; x_wconf 91' lang='lat' dir='ltr'>ubi</span> <span class='ocrx_word' id='word_1_95' title='bbox 767 1209 876 1282; x_wconf 86' lang='lat' dir='ltr'>tueris,</span> <span class='ocrx_word' id='word_1_96' title='bbox 897 1225 977 1283; x_wconf 88' lang='lat' dir='ltr'>quos</span> <span class='ocrx_word' id='word_1_97' title='bbox 992 1224 1142 1270; x_wconf 89' lang='lat' dir='ltr'>convoca-</span> 
     </span>
    </p>
   </div>
   <div class='ocr_carea' id='block_1_5' title="bbox 92 1290 1147 3531">
    <p class='ocr_par' dir='ltr' id='par_1_5' title="bbox 92 1290 1147 3531">
     <span class='ocr_line' id='line_1_13' title="bbox 118 1290 1144 1369; baseline -0.004 -15"><span class='ocrx_word' id='word_1_98' title='bbox 118 1296 206 1369; x_wconf 84' lang='lat' dir='ltr'>veris,</span> <span class='ocrx_word' id='word_1_99' title='bbox 222 1293 295 1368; x_wconf 88' lang='lat' dir='ltr'>quid</span> <span class='ocrx_word' id='word_1_100' title='bbox 307 1290 426 1351; x_wconf 90' lang='lat' dir='ltr'>consilii</span> <span class='ocrx_word' id='word_1_101' title='bbox 437 1292 556 1366; x_wconf 86' lang='lat' dir='ltr'>ceperis</span> <span class='ocrx_word' id='word_1_102' title='bbox 568 1309 657 1366; x_wconf 90' lang='lat' dir='ltr'>quern</span> <span class='ocrx_word' id='word_1_103' title='bbox 669 1299 805 1352; x_wconf 90' lang='lat' dir='ltr'>nostrum</span> <span class='ocrx_word' id='word_1_104' title='bbox 817 1291 957 1365; x_wconf 82' lang='lat' dir='ltr'>ignorare</span> <span class='ocrx_word' id='word_1_105' title='bbox 968 1291 1144 1353; x_wconf 78' lang='lat' dir='ltr'>arbitrarier</span> 
     </span>
     <span class='ocr_line' id='line_1_14' title="bbox 115 1373 1142 1455; baseline -0.005 -17"><span class='ocrx_word' id='word_1_106' title='bbox 115 1378 145 1438; x_wconf 80' lang='lat'>2.</span> <span class='ocrx_word' id='word_1_107' title='bbox 162 1376 185 1436; x_wconf 92' lang='grc'>0</span> <span class='ocrx_word' id='word_1_108' title='bbox 200 1383 353 1450; x_wconf 89' lang='lat' dir='ltr'>tempora!</span> <span class='ocrx_word' id='word_1_109' title='bbox 373 1383 520 1434; x_wconf 88' lang='lat' dir='ltr'>umores!</span> <span class='ocrx_word' id='word_1_110' title='bbox 538 1383 662 1455; x_wconf 72' lang='lat' dir='ltr'>senatus</span> <span class='ocrx_word' id='word_1_111' title='bbox 673 1377 750 1435; x_wconf 89' lang='lat' dir='ltr'>haec</span> <span class='ocrx_word' id='word_1_112' title='bbox 764 1373 909 1449; x_wconf 84' lang='lat' dir='ltr'>intelligit,</span> <span class='ocrx_word' id='word_1_113' title='bbox 922 1376 1032 1435; x_wconf 90' lang='lat' dir='ltr'>consul</span> <span class='ocrx_word' id='word_1_114' title='bbox 1045 1374 1142 1435; x_wconf 84' lang='lat' dir='ltr'>videt:</span> 
     </span>
     <span class='ocr_line' id='line_1_15' title="bbox 115 1456 1143 1530; baseline -0.001 -10"><span class='ocrx_word' id='word_1_115' title='bbox 115 1461 164 1519; x_wconf 91' lang='lat' dir='ltr'>hic</span> <span class='ocrx_word' id='word_1_116' title='bbox 179 1468 278 1520; x_wconf 89' lang='lat' dir='ltr'>tamen</span> <span class='ocrx_word' id='word_1_117' title='bbox 294 1456 376 1517; x_wconf 90' lang='lat' dir='ltr'>vivit.</span> <span class='ocrx_word' id='word_1_118' title='bbox 420 1456 525 1518; x_wconf 81' lang='lat' dir='ltr'>Vivitt</span> <span class='ocrx_word' id='word_1_119' title='bbox 543 1461 633 1518; x_wconf 90' lang='lat' dir='ltr'>immo</span> <span class='ocrx_word' id='word_1_120' title='bbox 649 1474 722 1518; x_wconf 91' lang='lat' dir='ltr'>vero</span> <span class='ocrx_word' id='word_1_121' title='bbox 738 1457 828 1519; x_wconf 89' lang='lat' dir='ltr'>eliam</span> <span class='ocrx_word' id='word_1_122' title='bbox 845 1456 879 1516; x_wconf 90' lang='lat' dir='ltr'>in</span> <span class='ocrx_word' id='word_1_123' title='bbox 896 1467 1034 1519; x_wconf 89' lang='lat' dir='ltr'>senatum</span> <span class='ocrx_word' id='word_1_124' title='bbox 1050 1458 1143 1530; x_wconf 77' lang='lat' dir='ltr'>venit,</span> 
     </span>
     <span class='ocr_line' id='line_1_16' title="bbox 114 1539 1144 1616; baseline -0.001 -14"><span class='ocrx_word' id='word_1_125' title='bbox 114 1543 149 1602; x_wconf 86' lang='lat' dir='ltr'>fit</span> <span class='ocrx_word' id='word_1_126' title='bbox 172 1541 287 1616; x_wconf 85' lang='lat' dir='ltr'>publici</span> <span class='ocrx_word' id='word_1_127' title='bbox 312 1539 431 1601; x_wconf 91' lang='lat' dir='ltr'>consilii</span> <span class='ocrx_word' id='word_1_128' title='bbox 452 1541 622 1615; x_wconf 83' lang='lat' dir='ltr'>particeps,</span> <span class='ocrx_word' id='word_1_129' title='bbox 648 1550 733 1603; x_wconf 84' lang='lat' dir='ltr'>notat</span> <span class='ocrx_word' id='word_1_130' title='bbox 756 1551 786 1603; x_wconf 90' lang='lat' dir='ltr'>et</span> <span class='ocrx_word' id='word_1_131' title='bbox 813 1541 954 1616; x_wconf 82' lang='lat' dir='ltr'>designat</span> <span class='ocrx_word' id='word_1_132' title='bbox 982 1540 1081 1603; x_wconf 87' lang='lat' dir='ltr'>oculis</span> <span class='ocrx_word' id='word_1_133' title='bbox 1104 1543 1144 1601; x_wconf 88' lang='lat' dir='ltr'>ad</span> 
     </span>
     <span class='ocr_line' id='line_1_17' title="bbox 92 1622 1142 1699; baseline 0.002 -14"><span class='ocrx_word' id='word_1_134' title='bbox 92 1627 240 1687; x_wconf 73' lang='lat' dir='ltr'>&#39;caedem</span> <span class='ocrx_word' id='word_1_135' title='bbox 265 1640 525 1699; x_wconf 84' lang='lat' dir='ltr'>unumquemque</span> <span class='ocrx_word' id='word_1_136' title='bbox 541 1634 688 1685; x_wconf 91' lang='lat' dir='ltr'>nostrum.</span> <span class='ocrx_word' id='word_1_137' title='bbox 731 1625 793 1684; x_wconf 90' lang='lat' dir='ltr'>Nos</span> <span class='ocrx_word' id='word_1_138' title='bbox 811 1631 925 1698; x_wconf 87' lang='lat' dir='ltr'>autem,</span> <span class='ocrx_word' id='word_1_139' title='bbox 954 1622 1012 1685; x_wconf 87' lang='lat' dir='ltr'>viri</span> <span class='ocrx_word' id='word_1_140' title='bbox 1038 1626 1142 1696; x_wconf 72' lang='lat' dir='ltr'>tortos</span> 
     </span>
     <span class='ocr_line' id='line_1_18' title="bbox 116 1706 1144 1782; baseline 0 -13"><span class='ocrx_word' id='word_1_141' title='bbox 116 1707 190 1770; x_wconf 87' lang='lat' dir='ltr'>setis</span> <span class='ocrx_word' id='word_1_142' title='bbox 205 1709 306 1769; x_wconf 89' lang='lat' dir='ltr'>iacere</span> <span class='ocrx_word' id='word_1_143' title='bbox 322 1706 368 1767; x_wconf 89' lang='lat' dir='ltr'>rei</span> <span class='ocrx_word' id='word_1_144' title='bbox 382 1707 522 1782; x_wconf 89' lang='lat' dir='ltr'>publicae</span> <span class='ocrx_word' id='word_1_145' title='bbox 538 1708 691 1782; x_wconf 90' lang='lat' dir='ltr'>videmur,</span> <span class='ocrx_word' id='word_1_146' title='bbox 713 1707 740 1768; x_wconf 93' lang='lat' dir='ltr'>si</span> <span class='ocrx_word' id='word_1_147' title='bbox 760 1707 848 1769; x_wconf 90' lang='lat' dir='ltr'>istius</span> <span class='ocrx_word' id='word_1_148' title='bbox 874 1710 1006 1768; x_wconf 92' lang='lat' dir='ltr'>lurorem</span> <span class='ocrx_word' id='word_1_149' title='bbox 1029 1723 1067 1767; x_wconf 89' lang='lat' dir='ltr'>ac</span> <span class='ocrx_word' id='word_1_150' title='bbox 1083 1709 1144 1769; x_wconf 83' lang='lat' dir='ltr'>teta</span> 
     </span>
     <span class='ocr_line' id='line_1_19' title="bbox 115 1790 1143 1866; baseline 0.002 -17"><span class='ocrx_word' id='word_1_151' title='bbox 115 1791 255 1853; x_wconf 87' lang='lat' dir='ltr'>vitemus.</span> <span class='ocrx_word' id='word_1_152' title='bbox 297 1791 346 1851; x_wconf 82' lang='lat' dir='ltr'>Ad</span> <span class='ocrx_word' id='word_1_153' title='bbox 365 1799 494 1852; x_wconf 89' lang='lat' dir='ltr'>mortem</span> <span class='ocrx_word' id='word_1_154' title='bbox 510 1799 554 1866; x_wconf 92' lang='lat' dir='ltr'>te,</span> <span class='ocrx_word' id='word_1_155' title='bbox 576 1791 716 1864; x_wconf 85' lang='lat' dir='ltr'>Catilina,</span> <span class='ocrx_word' id='word_1_156' title='bbox 738 1790 808 1851; x_wconf 90' lang='lat' dir='ltr'>duci</span> <span class='ocrx_word' id='word_1_157' title='bbox 826 1791 913 1852; x_wconf 92' lang='lat' dir='ltr'>iussu</span> <span class='ocrx_word' id='word_1_158' title='bbox 928 1791 1065 1852; x_wconf 89' lang='lat' dir='ltr'>consulis</span> <span class='ocrx_word' id='word_1_159' title='bbox 1081 1790 1143 1851; x_wconf 84' lang='lat' dir='ltr'>iam</span> 
     </span>
     <span class='ocr_line' id='line_1_20' title="bbox 114 1872 1143 1951; baseline 0 -16"><span class='ocrx_word' id='word_1_160' title='bbox 114 1874 419 1951; x_wconf 88' lang='lat' dir='ltr'>pridemoportebat,</span> <span class='ocrx_word' id='word_1_161' title='bbox 435 1877 464 1934; x_wconf 94' lang='lat' dir='ltr'>in</span> <span class='ocrx_word' id='word_1_162' title='bbox 479 1884 509 1936; x_wconf 93' lang='lat' dir='ltr'>te</span> <span class='ocrx_word' id='word_1_163' title='bbox 524 1874 655 1937; x_wconf 79' lang='lat' dir='ltr'>conferri</span> <span class='ocrx_word' id='word_1_164' title='bbox 671 1881 787 1950; x_wconf 89' lang='lat' dir='ltr'>pestem</span> <span class='ocrx_word' id='word_1_165' title='bbox 803 1891 894 1948; x_wconf 88' lang='lat' dir='ltr'>quam</span> <span class='ocrx_word' id='word_1_166' title='bbox 909 1881 939 1935; x_wconf 92' lang='lat' dir='ltr'>tu</span> <span class='ocrx_word' id='word_1_167' title='bbox 961 1873 992 1933; x_wconf 92' lang='lat' dir='ltr'>in</span> <span class='ocrx_word' id='word_1_168' title='bbox 1009 1890 1068 1935; x_wconf 92' lang='lat' dir='ltr'>nos</span> <span class='ocrx_word' id='word_1_169' title='bbox 1082 1872 1143 1935; x_wconf 85' lang='lat' dir='ltr'>iem</span> 
     </span>
     <span class='ocr_line' id='line_1_21' title="bbox 115 1955 1143 2033; baseline -0.003 -14"><span class='ocrx_word' id='word_1_170' title='bbox 115 1959 167 2020; x_wconf 94' lang='lat' dir='ltr'>diu</span> <span class='ocrx_word' id='word_1_171' title='bbox 182 1958 373 2025; x_wconf 87' lang='lat' dir='ltr'>machinaris.</span> <span class='ocrx_word' id='word_1_172' title='bbox 398 1957 428 2020; x_wconf 85' lang='grc'>3.</span> <span class='ocrx_word' id='word_1_173' title='bbox 444 1961 493 2024; x_wconf 87' lang='lat' dir='ltr'>An</span> <span class='ocrx_word' id='word_1_174' title='bbox 507 1975 581 2020; x_wconf 91' lang='lat' dir='ltr'>vero</span> <span class='ocrx_word' id='word_1_175' title='bbox 598 1958 646 2019; x_wconf 88' lang='lat' dir='ltr'>vir</span> <span class='ocrx_word' id='word_1_176' title='bbox 659 1955 875 2032; x_wconf 90' lang='lat' dir='ltr'>amplissimus,</span> <span class='ocrx_word' id='word_1_177' title='bbox 889 1958 920 2017; x_wconf 90' lang='lat' dir='ltr'>P.</span> <span class='ocrx_word' id='word_1_178' title='bbox 936 1956 1052 2033; x_wconf 86' lang='lat' dir='ltr'>Scipio,</span> <span class='ocrx_word' id='word_1_179' title='bbox 1066 1973 1143 2033; x_wconf 91' lang='lat' dir='ltr'>pon-</span> 
     </span>
     <span class='ocr_line' id='line_1_22' title="bbox 114 2040 1143 2114; baseline -0.001 -12"><span class='ocrx_word' id='word_1_180' title='bbox 114 2043 189 2102; x_wconf 82' lang='lat' dir='ltr'>tifex</span> <span class='ocrx_word' id='word_1_181' title='bbox 204 2043 369 2114; x_wconf 84' lang='lat' dir='ltr'>maximus,</span> <span class='ocrx_word' id='word_1_182' title='bbox 386 2041 428 2100; x_wconf 89' lang='lat' dir='ltr'>Ti.</span> <span class='ocrx_word' id='word_1_183' title='bbox 445 2042 614 2103; x_wconf 82' lang='lat' dir='ltr'>Gracchum</span> <span class='ocrx_word' id='word_1_184' title='bbox 629 2040 821 2102; x_wconf 87' lang='lat' dir='ltr'>mediocriter</span> <span class='ocrx_word' id='word_1_185' title='bbox 835 2042 1067 2101; x_wconf 79' lang='lat' dir='ltr'>labefactantem</span> <span class='ocrx_word' id='word_1_186' title='bbox 1084 2050 1143 2101; x_wconf 81' lang='lat' dir='ltr'>sta-</span> 
     </span>
     <span class='ocr_line' id='line_1_23' title="bbox 115 2123 1143 2199; baseline -0.001 -15"><span class='ocrx_word' id='word_1_187' title='bbox 115 2134 177 2184; x_wconf 92' lang='lat' dir='ltr'>tum</span> <span class='ocrx_word' id='word_1_188' title='bbox 191 2125 235 2184; x_wconf 91' lang='lat' dir='ltr'>rei</span> <span class='ocrx_word' id='word_1_189' title='bbox 259 2125 396 2198; x_wconf 90' lang='lat' dir='ltr'>publicae</span> <span class='ocrx_word' id='word_1_190' title='bbox 411 2124 548 2199; x_wconf 89' lang='lat' dir='ltr'>privatus</span> <span class='ocrx_word' id='word_1_191' title='bbox 569 2123 733 2185; x_wconf 86' lang='lat' dir='ltr'>interiecit=</span> <span class='ocrx_word' id='word_1_192' title='bbox 755 2123 910 2184; x_wconf 84' lang='lat' dir='ltr'>Catilinam</span> <span class='ocrx_word' id='word_1_193' title='bbox 924 2124 1029 2183; x_wconf 89' lang='lat' dir='ltr'>orbem</span> <span class='ocrx_word' id='word_1_194' title='bbox 1044 2133 1143 2184; x_wconf 81' lang='lat' dir='ltr'>terrac</span> 
     </span>
     <span class='ocr_line' id='line_1_24' title="bbox 114 2206 1143 2282; baseline 0.001 -18"><span class='ocrx_word' id='word_1_195' title='bbox 114 2208 209 2265; x_wconf 91' lang='lat' dir='ltr'>caede</span> <span class='ocrx_word' id='word_1_196' title='bbox 233 2214 324 2281; x_wconf 87' lang='lat' dir='ltr'>atque</span> <span class='ocrx_word' id='word_1_197' title='bbox 345 2207 495 2267; x_wconf 89' lang='lat' dir='ltr'>incendiis</span> <span class='ocrx_word' id='word_1_198' title='bbox 509 2215 631 2267; x_wconf 90' lang='lat' dir='ltr'>vastare</span> <span class='ocrx_word' id='word_1_199' title='bbox 646 2206 818 2282; x_wconf 89' lang='lat' dir='ltr'>cupientem</span> <span class='ocrx_word' id='word_1_200' title='bbox 833 2224 889 2268; x_wconf 93' lang='lat' dir='ltr'>nos</span> <span class='ocrx_word' id='word_1_201' title='bbox 911 2208 1056 2268; x_wconf 88' lang='lat' dir='ltr'>consules</span> <span class='ocrx_word' id='word_1_202' title='bbox 1073 2222 1143 2282; x_wconf 88' lang='lat' dir='ltr'>per-</span> 
     </span>
     <span class='ocr_line' id='line_1_25' title="bbox 115 2289 1143 2367; baseline 0.001 -21"><span class='ocrx_word' id='word_1_203' title='bbox 115 2290 269 2348; x_wconf 70' lang='lat' dir='ltr'>feremus?</span> <span class='ocrx_word' id='word_1_204' title='bbox 291 2290 365 2349; x_wconf 88' lang='lat' dir='ltr'>Nam</span> <span class='ocrx_word' id='word_1_205' title='bbox 386 2291 436 2349; x_wconf 88' lang='lat' dir='ltr'>illa</span> <span class='ocrx_word' id='word_1_206' title='bbox 456 2289 545 2350; x_wconf 91' lang='lat' dir='ltr'>nimis</span> <span class='ocrx_word' id='word_1_207' title='bbox 561 2292 686 2366; x_wconf 87' lang='lat' dir='ltr'>antiqua</span> <span class='ocrx_word' id='word_1_208' title='bbox 699 2299 873 2365; x_wconf 89' lang='lat' dir='ltr'>praetereo,</span> <span class='ocrx_word' id='word_1_209' title='bbox 892 2291 977 2367; x_wconf 88' lang='lat' dir='ltr'>quod</span> <span class='ocrx_word' id='word_1_210' title='bbox 993 2290 1025 2350; x_wconf 84' lang='lat' dir='ltr'>C.</span> <span class='ocrx_word' id='word_1_211' title='bbox 1041 2289 1143 2351; x_wconf 84' lang='lat' dir='ltr'>Servi·</span> 
     </span>
     <span class='ocr_line' id='line_1_26' title="bbox 114 2370 1143 2446; baseline 0.003 -17"><span class='ocrx_word' id='word_1_212' title='bbox 114 2370 172 2430; x_wconf 94' lang='lat' dir='ltr'>lius</span> <span class='ocrx_word' id='word_1_213' title='bbox 188 2371 286 2430; x_wconf 87' lang='lat' dir='ltr'>Ahala</span> <span class='ocrx_word' id='word_1_214' title='bbox 303 2372 355 2446; x_wconf 89' lang='lat' dir='ltr'>Sp.</span> <span class='ocrx_word' id='word_1_215' title='bbox 370 2373 512 2433; x_wconf 87' lang='lat' dir='ltr'>Maelium</span> <span class='ocrx_word' id='word_1_216' title='bbox 528 2374 616 2434; x_wconf 91' lang='lat' dir='ltr'>novis</span> <span class='ocrx_word' id='word_1_217' title='bbox 630 2374 722 2434; x_wconf 87' lang='lat' dir='ltr'>rebus</span> <span class='ocrx_word' id='word_1_218' title='bbox 738 2374 908 2435; x_wconf 87' lang='lat' dir='ltr'>studentem</span> <span class='ocrx_word' id='word_1_219' title='bbox 917 2390 1008 2435; x_wconf 89' lang='lat' dir='ltr'>manu</span> <span class='ocrx_word' id='word_1_220' title='bbox 1021 2389 1078 2435; x_wconf 86' lang='lat' dir='ltr'>sua</span> <span class='ocrx_word' id='word_1_221' title='bbox 1091 2388 1143 2433; x_wconf 91' lang='lat' dir='ltr'>oc-</span> 
     </span>
     <span class='ocr_line' id='line_1_27' title="bbox 115 2450 1144 2535; baseline 0.001 -22"><span class='ocrx_word' id='word_1_222' title='bbox 115 2453 195 2514; x_wconf 90' lang='lat' dir='ltr'>cidit.</span> <span class='ocrx_word' id='word_1_223' title='bbox 227 2450 309 2526; x_wconf 89' lang='lat' dir='ltr'>Fuit,</span> <span class='ocrx_word' id='word_1_224' title='bbox 335 2456 389 2516; x_wconf 87' lang='lat' dir='ltr'>luit</span> <span class='ocrx_word' id='word_1_225' title='bbox 409 2456 468 2517; x_wconf 92' lang='lat' dir='ltr'>ista</span> <span class='ocrx_word' id='word_1_226' title='bbox 483 2458 637 2532; x_wconf 89' lang='lat' dir='ltr'>quondam</span> <span class='ocrx_word' id='word_1_227' title='bbox 661 2457 691 2516; x_wconf 90' lang='lat' dir='ltr'>in</span> <span class='ocrx_word' id='word_1_228' title='bbox 707 2458 765 2517; x_wconf 88' lang='lat' dir='ltr'>hac</span> <span class='ocrx_word' id='word_1_229' title='bbox 786 2474 819 2535; x_wconf 84' lang='lat' dir='ltr'>re</span> <span class='ocrx_word' id='word_1_230' title='bbox 833 2456 956 2532; x_wconf 89' lang='lat' dir='ltr'>publica</span> <span class='ocrx_word' id='word_1_231' title='bbox 970 2456 1083 2530; x_wconf 83' lang='lat' dir='ltr'>virtus,</span> <span class='ocrx_word' id='word_1_232' title='bbox 1111 2463 1144 2515; x_wconf 87' lang='lat' dir='ltr'>ut</span> 
     </span>
     <span class='ocr_line' id='line_1_28' title="bbox 113 2537 1144 2615; baseline 0.001 -19"><span class='ocrx_word' id='word_1_233' title='bbox 113 2537 171 2598; x_wconf 92' lang='lat' dir='ltr'>viri</span> <span class='ocrx_word' id='word_1_234' title='bbox 196 2539 290 2598; x_wconf 83' lang='lat' dir='ltr'>ferles</span> <span class='ocrx_word' id='word_1_235' title='bbox 319 2539 489 2599; x_wconf 89' lang='lat' dir='ltr'>acrioribus</span> <span class='ocrx_word' id='word_1_236' title='bbox 511 2540 672 2614; x_wconf 89' lang='lat' dir='ltr'>suppliciis</span> <span class='ocrx_word' id='word_1_237' title='bbox 699 2541 796 2600; x_wconf 91' lang='lat' dir='ltr'>civem</span> <span class='ocrx_word' id='word_1_238' title='bbox 817 2540 1024 2615; x_wconf 87' lang='lat' dir='ltr'>perniciosum</span> <span class='ocrx_word' id='word_1_239' title='bbox 1053 2554 1144 2615; x_wconf 88' lang='lat' dir='ltr'>quarn</span> 
     </span>
     <span class='ocr_line' id='line_1_29' title="bbox 107 2621 1142 2684; baseline 0.001 -3"><span class='ocrx_word' id='word_1_240' title='bbox 107 2621 345 2682; x_wconf 85' lang='lat' dir='ltr'>acerbissimum</span> <span class='ocrx_word' id='word_1_241' title='bbox 361 2623 479 2684; x_wconf 86' lang='lat' dir='ltr'>hostem</span> <span class='ocrx_word' id='word_1_242' title='bbox 495 2627 681 2684; x_wconf 71' lang='lat' dir='ltr'>coercerent.</span> <span class='ocrx_word' id='word_1_243' title='bbox 707 2623 861 2684; x_wconf 88' lang='lat' dir='ltr'>Habemus</span> <span class='ocrx_word' id='word_1_244' title='bbox 879 2632 1003 2684; x_wconf 87' lang='lat' dir='ltr'>senatus</span> <span class='ocrx_word' id='word_1_245' title='bbox 1019 2623 1142 2684; x_wconf 88' lang='lat' dir='ltr'>consul-</span> 
     </span>
     <span class='ocr_line' id='line_1_30' title="bbox 113 2702 1142 2782; baseline -0.004 -16"><span class='ocrx_word' id='word_1_246' title='bbox 113 2715 176 2766; x_wconf 93' lang='lat' dir='ltr'>tum</span> <span class='ocrx_word' id='word_1_247' title='bbox 191 2705 222 2765; x_wconf 93' lang='lat' dir='ltr'>in</span> <span class='ocrx_word' id='word_1_248' title='bbox 240 2713 279 2778; x_wconf 90' lang='lat' dir='ltr'>te,</span> <span class='ocrx_word' id='word_1_249' title='bbox 295 2703 428 2776; x_wconf 86' lang='lat' dir='ltr'>Catilina,</span> <span class='ocrx_word' id='word_1_250' title='bbox 445 2705 611 2768; x_wconf 89' lang='lat' dir='ltr'>vehemens</span> <span class='ocrx_word' id='word_1_251' title='bbox 629 2715 659 2768; x_wconf 89' lang='lat' dir='ltr'>el</span> <span class='ocrx_word' id='word_1_252' title='bbox 673 2723 780 2782; x_wconf 84' lang='lat' dir='ltr'>grave=</span> <span class='ocrx_word' id='word_1_253' title='bbox 803 2724 864 2767; x_wconf 91' lang='lat' dir='ltr'>nou</span> <span class='ocrx_word' id='word_1_254' title='bbox 879 2708 967 2767; x_wconf 91' lang='lat' dir='ltr'>deest</span> <span class='ocrx_word' id='word_1_255' title='bbox 981 2705 1029 2766; x_wconf 89' lang='lat' dir='ltr'>rei</span> <span class='ocrx_word' id='word_1_256' title='bbox 1044 2702 1142 2781; x_wconf 89' lang='lat' dir='ltr'>publi·</span> 
     </span>
     <span class='ocr_line' id='line_1_31' title="bbox 114 2786 1143 2864; baseline -0.001 -16"><span class='ocrx_word' id='word_1_257' title='bbox 114 2804 168 2848; x_wconf 86' lang='lat' dir='ltr'>cae</span> <span class='ocrx_word' id='word_1_258' title='bbox 183 2787 345 2849; x_wconf 91' lang='lat' dir='ltr'>consilium</span> <span class='ocrx_word' id='word_1_259' title='bbox 359 2803 459 2864; x_wconf 90' lang='lat' dir='ltr'>neque</span> <span class='ocrx_word' id='word_1_260' title='bbox 474 2790 638 2851; x_wconf 89' lang='lat' dir='ltr'>auctoritas</span> <span class='ocrx_word' id='word_1_261' title='bbox 652 2789 742 2851; x_wconf 90' lang='lat' dir='ltr'>huius</span> <span class='ocrx_word' id='word_1_262' title='bbox 758 2789 888 2850; x_wconf 84' lang='lat' dir='ltr'>ordinis:</span> <span class='ocrx_word' id='word_1_263' title='bbox 906 2807 974 2860; x_wconf 94' lang='lat' dir='ltr'>nos,</span> <span class='ocrx_word' id='word_1_264' title='bbox 989 2805 1059 2861; x_wconf 89' lang='lat' dir='ltr'>nos,</span> <span class='ocrx_word' id='word_1_265' title='bbox 1073 2786 1143 2847; x_wconf 91' lang='lat' dir='ltr'>dico</span> 
     </span>
     <span class='ocr_line' id='line_1_32' title="bbox 114 2873 1143 2948; baseline 0.002 -20"><span class='ocrx_word' id='word_1_266' title='bbox 114 2881 227 2945; x_wconf 90' lang='lat' dir='ltr'>aperte,</span> <span class='ocrx_word' id='word_1_267' title='bbox 245 2873 388 2934; x_wconf 90' lang='lat' dir='ltr'>consules</span> <span class='ocrx_word' id='word_1_268' title='bbox 404 2874 560 2933; x_wconf 79' lang='lat' dir='ltr'>desumus,</span> <span class='ocrx_word' id='word_1_269' title='bbox 586 2874 622 2933; x_wconf 91' lang='lat'>11.</span> <span class='ocrx_word' id='word_1_270' title='bbox 636 2874 666 2932; x_wconf 82' lang='lat'>4.</span> <span class='ocrx_word' id='word_1_271' title='bbox 681 2873 821 2933; x_wconf 85' lang='lat' dir='ltr'>Decrevit</span> <span class='ocrx_word' id='word_1_272' title='bbox 839 2874 992 2948; x_wconf 91' lang='lat' dir='ltr'>quondam</span> <span class='ocrx_word' id='word_1_273' title='bbox 1008 2879 1143 2942; x_wconf 84' lang='lat' dir='ltr'>senatus,</span> 
     </span>
     <span class='ocr_line' id='line_1_33' title="bbox 113 2952 1146 3032; baseline 0.003 -21"><span class='ocrx_word' id='word_1_274' title='bbox 113 2959 148 3011; x_wconf 90' lang='lat' dir='ltr'>ut</span> <span class='ocrx_word' id='word_1_275' title='bbox 160 2953 193 3016; x_wconf 89' lang='lat' dir='ltr'>L.</span> <span class='ocrx_word' id='word_1_276' title='bbox 216 2953 352 3030; x_wconf 89' lang='lat' dir='ltr'>Opimius</span> <span class='ocrx_word' id='word_1_277' title='bbox 369 2957 477 3016; x_wconf 92' lang='lat' dir='ltr'>consul</span> <span class='ocrx_word' id='word_1_278' title='bbox 491 2957 608 3016; x_wconf 89' lang='lat' dir='ltr'>videret</span> <span class='ocrx_word' id='word_1_279' title='bbox 622 2972 661 3015; x_wconf 92' lang='lat' dir='ltr'>ne</span> <span class='ocrx_word' id='word_1_280' title='bbox 677 2956 750 3030; x_wconf 91' lang='lat' dir='ltr'>quid</span> <span class='ocrx_word' id='word_1_281' title='bbox 769 2972 819 3015; x_wconf 90' lang='lat' dir='ltr'>res</span> <span class='ocrx_word' id='word_1_282' title='bbox 834 2955 958 3032; x_wconf 87' lang='lat' dir='ltr'>publica</span> <span class='ocrx_word' id='word_1_283' title='bbox 973 2952 1146 3016; x_wconf 88' lang='lat' dir='ltr'>detrimenti</span> 
     </span>
     <span class='ocr_line' id='line_1_34' title="bbox 115 3038 1146 3115; baseline 0.005 -23"><span class='ocrx_word' id='word_1_284' title='bbox 115 3045 252 3109; x_wconf 82' lang='lat' dir='ltr'>caperet:</span> <span class='ocrx_word' id='word_1_285' title='bbox 268 3056 329 3098; x_wconf 87' lang='lat' dir='ltr'>nox</span> <span class='ocrx_word' id='word_1_286' title='bbox 348 3040 430 3099; x_wconf 91' lang='lat' dir='ltr'>nulla</span> <span class='ocrx_word' id='word_1_287' title='bbox 447 3038 631 3099; x_wconf 83' lang='lat' dir='ltr'>intercessit:</span> <span class='ocrx_word' id='word_1_288' title='bbox 656 3039 833 3100; x_wconf 88' lang='lat' dir='ltr'>interiectus</span> <span class='ocrx_word' id='word_1_289' title='bbox 847 3048 896 3100; x_wconf 89' lang='lat' dir='ltr'>est</span> <span class='ocrx_word' id='word_1_290' title='bbox 908 3047 1036 3115; x_wconf 89' lang='lat' dir='ltr'>propter</span> <span class='ocrx_word' id='word_1_291' title='bbox 1052 3053 1146 3112; x_wconf 88' lang='lat' dir='ltr'>ques-</span> 
     </span>
     <span class='ocr_line' id='line_1_35' title="bbox 115 3116 1144 3197; baseline 0.007 -23"><span class='ocrx_word' id='word_1_292' title='bbox 115 3116 184 3175; x_wconf 89' lang='lat' dir='ltr'>dam</span> <span class='ocrx_word' id='word_1_293' title='bbox 200 3119 380 3183; x_wconf 89' lang='lat' dir='ltr'>seditionum</span> <span class='ocrx_word' id='word_1_294' title='bbox 398 3120 590 3196; x_wconf 91' lang='lat' dir='ltr'>suspiciones</span> <span class='ocrx_word' id='word_1_295' title='bbox 607 3123 638 3183; x_wconf 84' lang='lat' dir='ltr'>C.</span> <span class='ocrx_word' id='word_1_296' title='bbox 659 3119 828 3194; x_wconf 87' lang='lat' dir='ltr'>Gracchus,</span> <span class='ocrx_word' id='word_1_297' title='bbox 846 3121 1030 3183; x_wconf 80' lang='lat' dir='ltr'>clarissimo</span> <span class='ocrx_word' id='word_1_298' title='bbox 1046 3129 1144 3197; x_wconf 87' lang='lat' dir='ltr'>patre,</span> 
     </span>
     <span class='ocr_line' id='line_1_36' title="bbox 115 3199 1146 3277; baseline 0.007 -21"><span class='ocrx_word' id='word_1_299' title='bbox 115 3215 184 3272; x_wconf 87' lang='lat' dir='ltr'>avo,</span> <span class='ocrx_word' id='word_1_300' title='bbox 198 3199 372 3277; x_wconf 88' lang='lat' dir='ltr'>maioribus,</span> <span class='ocrx_word' id='word_1_301' title='bbox 387 3206 510 3265; x_wconf 85' lang='lat' dir='ltr'>occisus</span> <span class='ocrx_word' id='word_1_302' title='bbox 526 3214 574 3266; x_wconf 91' lang='lat' dir='ltr'>est</span> <span class='ocrx_word' id='word_1_303' title='bbox 588 3221 657 3266; x_wconf 88' lang='lat' dir='ltr'>cum</span> <span class='ocrx_word' id='word_1_304' title='bbox 672 3206 775 3266; x_wconf 90' lang='lat' dir='ltr'>liberis</span> <span class='ocrx_word' id='word_1_305' title='bbox 795 3206 835 3265; x_wconf 90' lang='grc' dir='ltr'>Μ.</span> <span class='ocrx_word' id='word_1_306' title='bbox 853 3204 980 3266; x_wconf 83' lang='lat' dir='ltr'>Fulvius</span> <span class='ocrx_word' id='word_1_307' title='bbox 1002 3204 1146 3265; x_wconf 86' lang='lat' dir='ltr'>consula·</span> 
     </span>
     <span class='ocr_line' id='line_1_37' title="bbox 113 3281 1146 3349; baseline 0.005 -7"><span class='ocrx_word' id='word_1_308' title='bbox 113 3283 167 3342; x_wconf 91' lang='lat' dir='ltr'>ris.</span> <span class='ocrx_word' id='word_1_309' title='bbox 199 3281 294 3342; x_wconf 87' lang='lat' dir='ltr'>Simili</span> <span class='ocrx_word' id='word_1_310' title='bbox 310 3296 435 3347; x_wconf 89' lang='lat' dir='ltr'>senatus</span> <span class='ocrx_word' id='word_1_311' title='bbox 451 3290 590 3349; x_wconf 89' lang='lat' dir='ltr'>consulto</span> <span class='ocrx_word' id='word_1_312' title='bbox 611 3288 643 3348; x_wconf 84' lang='lat' dir='ltr'>C.</span> <span class='ocrx_word' id='word_1_313' title='bbox 657 3289 752 3348; x_wconf 86' lang='lat' dir='ltr'>Mario</span> <span class='ocrx_word' id='word_1_314' title='bbox 773 3297 803 3349; x_wconf 90' lang='lat' dir='ltr'>et</span> <span class='ocrx_word' id='word_1_315' title='bbox 821 3290 855 3347; x_wconf 87' lang='lat' dir='ltr'>L.</span> <span class='ocrx_word' id='word_1_316' title='bbox 870 3287 995 3348; x_wconf 89' lang='lat' dir='ltr'>Valerio</span> <span class='ocrx_word' id='word_1_317' title='bbox 1010 3285 1146 3349; x_wconf 90' lang='lat' dir='ltr'>consuli·</span> 
     </span>
     <span class='ocr_line' id='line_1_38' title="bbox 114 3367 1147 3447; baseline 0.004 -21"><span class='ocrx_word' id='word_1_318' title='bbox 114 3367 173 3426; x_wconf 91' lang='lat' dir='ltr'>bus</span> <span class='ocrx_word' id='word_1_319' title='bbox 188 3373 236 3426; x_wconf 90' lang='lat' dir='ltr'>est</span> <span class='ocrx_word' id='word_1_320' title='bbox 250 3367 399 3440; x_wconf 90' lang='lat' dir='ltr'>permissa</span> <span class='ocrx_word' id='word_1_321' title='bbox 413 3387 463 3430; x_wconf 92' lang='lat' dir='ltr'>res</span> <span class='ocrx_word' id='word_1_322' title='bbox 478 3370 614 3444; x_wconf 87' lang='lat' dir='ltr'>publica:</span> <span class='ocrx_word' id='word_1_323' title='bbox 630 3389 701 3431; x_wconf 90' lang='lat' dir='ltr'>num</span> <span class='ocrx_word' id='word_1_324' title='bbox 718 3387 809 3432; x_wconf 90' lang='lat' dir='ltr'>unum</span> <span class='ocrx_word' id='word_1_325' title='bbox 822 3371 902 3432; x_wconf 89' lang='lat' dir='ltr'>diem</span> <span class='ocrx_word' id='word_1_326' title='bbox 914 3379 1027 3447; x_wconf 87' lang='lat' dir='ltr'>postea</span> <span class='ocrx_word' id='word_1_327' title='bbox 1039 3371 1073 3431; x_wconf 90' lang='lat' dir='ltr'>L.</span> <span class='ocrx_word' id='word_1_328' title='bbox 1090 3369 1147 3431; x_wconf 91' lang='lat' dir='ltr'>Sa·</span> 
     </span>
     <span class='ocr_line' id='line_1_39' title="bbox 115 3449 1147 3531; baseline 0.004 -21"><span class='ocrx_word' id='word_1_329' title='bbox 115 3449 266 3510; x_wconf 88' lang='lat' dir='ltr'>luminum</span> <span class='ocrx_word' id='word_1_330' title='bbox 291 3449 442 3510; x_wconf 89' lang='lat' dir='ltr'>tribunum</span> <span class='ocrx_word' id='word_1_331' title='bbox 467 3453 566 3527; x_wconf 88' lang='lat' dir='ltr'>plebis</span> <span class='ocrx_word' id='word_1_332' title='bbox 590 3461 619 3514; x_wconf 89' lang='lat' dir='ltr'>et</span> <span class='ocrx_word' id='word_1_333' title='bbox 639 3454 670 3514; x_wconf 82' lang='lat' dir='ltr'>C.</span> <span class='ocrx_word' id='word_1_334' title='bbox 692 3454 852 3515; x_wconf 88' lang='lat' dir='ltr'>Servilium</span> <span class='ocrx_word' id='word_1_335' title='bbox 872 3461 1046 3531; x_wconf 87' lang='lat' dir='ltr'>praetorem</span> <span class='ocrx_word' id='word_1_336' title='bbox 1060 3470 1147 3514; x_wconf 90' lang='lat' dir='ltr'>mors</span> 
     </span>
    </p>
   </div>
   <div class='ocr_carea' id='block_1_6' title="bbox 0 0 1174 3788">
    <p class='ocr_par' dir='ltr' id='par_1_6' title="bbox 0 0 1174 3788">
     <span class='ocr_line' id='line_1_40' title="bbox 0 0 1174 3788; baseline 0 0"><span class='ocrx_word' id='word_1_337' title='bbox 0 0 1174 3788; x_wconf 95' lang='lat' dir='ltr'> </span> 
     </span>
    </p>
   </div>
  </div>
 </body>
</html>
