<?xml version="1.0" encoding="UTF-8"?>
<!DOCTYPE html PUBLIC "-//W3C//DTD XHTML 1.0 Transitional//EN"
    "http://www.w3.org/TR/xhtml1/DTD/xhtml1-transitional.dtd">
<html xmlns="http://www.w3.org/1999/xhtml" xml:lang="en" lang="en">
 <head>
  <title>
</title>
<meta http-equiv="Content-Type" content="text/html;charset=utf-8" />
  <meta name='ocr-system' content='tesseract 3.04.00' />
  <meta name='ocr-capabilities' content='ocr_page ocr_carea ocr_par ocr_line ocrx_word'/>
</head>
<body>
  <div class='ocr_page' id='page_1' title='image "./orationesselect01cicegoog_0209.png"; bbox 0 0 2340 3788; ppageno 0'>
   <div class='ocr_carea' id='block_1_1' title="bbox 73 98 1103 3247">
    <p class='ocr_par' dir='ltr' id='par_1_1' title="bbox 73 98 1103 3247">
     <span class='ocr_line' id='line_1_1' title="bbox 75 98 1102 181; baseline 0.001 -13"><span class='ocrx_word' id='word_1_1' title='bbox 75 105 144 167; x_wconf 88' lang='lat' dir='ltr'><strong>iure</strong></span> <span class='ocrx_word' id='word_1_2' title='bbox 157 100 238 163; x_wconf 92' lang='lat' dir='ltr'><strong>civili</strong></span> <span class='ocrx_word' id='word_1_3' title='bbox 251 98 434 175; x_wconf 85' lang='lat' dir='ltr'><strong>aequitatem</strong></span> <span class='ocrx_word' id='word_1_4' title='bbox 448 99 649 175; x_wconf 88' lang='lat' dir='ltr'><strong>reliquerunt,</strong></span> <span class='ocrx_word' id='word_1_5' title='bbox 672 101 765 162; x_wconf 88' lang='lat' dir='ltr'><strong>verba</strong></span> <span class='ocrx_word' id='word_1_6' title='bbox 780 101 848 175; x_wconf 88' lang='lat' dir='ltr'><strong>ipsa</strong></span> <span class='ocrx_word' id='word_1_7' title='bbox 863 110 1044 167; x_wconf 90' lang='lat' dir='ltr'><strong>tenuerunt·</strong></span> <span class='ocrx_word' id='word_1_8' title='bbox 1063 119 1102 181; x_wconf 69' lang='lat' dir='ltr'><strong>ur,</strong></span> 
     </span>
     <span class='ocr_line' id='line_1_2' title="bbox 79 181 1102 263; baseline 0.005 -16"><span class='ocrx_word' id='word_1_9' title='bbox 79 186 151 263; x_wconf 92' lang='lat' dir='ltr'><strong>quia</strong></span> <span class='ocrx_word' id='word_1_10' title='bbox 170 184 201 244; x_wconf 92' lang='lat' dir='ltr'><strong>in</strong></span> <span class='ocrx_word' id='word_1_11' title='bbox 221 183 350 244; x_wconf 82' lang='lat' dir='ltr'><strong>abeuius</strong></span> <span class='ocrx_word' id='word_1_12' title='bbox 369 181 455 242; x_wconf 87' lang='lat' dir='ltr'><strong>libris</strong></span> <span class='ocrx_word' id='word_1_13' title='bbox 473 183 606 257; x_wconf 88' lang='lat' dir='ltr'><strong>exempli</strong></span> <span class='ocrx_word' id='word_1_14' title='bbox 628 199 723 243; x_wconf 86' lang='lat' dir='ltr'><strong>causa</strong></span> <span class='ocrx_word' id='word_1_15' title='bbox 740 182 772 242; x_wconf 93' lang='lat' dir='ltr'><strong>id</strong></span> <span class='ocrx_word' id='word_1_16' title='bbox 788 199 898 245; x_wconf 89' lang='lat' dir='ltr'><strong>nomen</strong></span> <span class='ocrx_word' id='word_1_17' title='bbox 916 185 1102 263; x_wconf 83' lang='lat' dir='ltr'><strong>invenerant,</strong></span> 
     </span>
     <span class='ocr_line' id='line_1_3' title="bbox 77 264 1101 362; baseline 0.005 -32"><span class='ocrx_word' id='word_1_18' title='bbox 77 275 221 362; x_wconf 79' lang='lat' dir='ltr'><strong>putarunt</strong></span> <span class='ocrx_word' id='word_1_19' title='bbox 235 282 342 327; x_wconf 89' lang='lat' dir='ltr'><strong>omnes</strong></span> <span class='ocrx_word' id='word_1_20' title='bbox 358 264 509 337; x_wconf 90' lang='lat' dir='ltr'><strong>mulieres,</strong></span> <span class='ocrx_word' id='word_1_21' title='bbox 527 282 605 340; x_wconf 90' lang='lat' dir='ltr'><strong>quaa</strong></span> <span class='ocrx_word' id='word_1_22' title='bbox 620 267 851 340; x_wconf 84' lang='lat' dir='ltr'><strong>coemptionem</strong></span> <span class='ocrx_word' id='word_1_23' title='bbox 855 267 1003 353; x_wconf 82' lang='lat' dir='ltr'><strong>lacerent,</strong></span> <span class='ocrx_word' id='word_1_24' title='bbox 1019 272 1101 335; x_wconf 80' lang='lat' dir='ltr'><strong>Gaias</strong></span> 
     </span>
     <span class='ocr_line' id='line_1_4' title="bbox 77 338 1101 424; baseline 0.005 -13"><span class='ocrx_word' id='word_1_25' title='bbox 77 349 192 413; x_wconf 89' lang='lat' dir='ltr'><strong>vocari.</strong></span> <span class='ocrx_word' id='word_1_26' title='bbox 227 351 288 410; x_wconf 92' lang='lat' dir='ltr'><strong>lam</strong></span> <span class='ocrx_word' id='word_1_27' title='bbox 305 348 380 408; x_wconf 91' lang='lat' dir='ltr'><strong>illud</strong></span> <span class='ocrx_word' id='word_1_28' title='bbox 399 346 470 407; x_wconf 88' lang='lat' dir='ltr'><strong>mibi</strong></span> <span class='ocrx_word' id='word_1_29' title='bbox 491 348 612 423; x_wconf 93' lang='lat' dir='ltr'><strong>quidem</strong></span> <span class='ocrx_word' id='word_1_30' title='bbox 628 349 735 409; x_wconf 89' lang='lat' dir='ltr'><strong>mirum</strong></span> <span class='ocrx_word' id='word_1_31' title='bbox 755 347 851 409; x_wconf 86' lang='lat' dir='ltr'><strong>videri</strong></span> <span class='ocrx_word' id='word_1_32' title='bbox 871 338 965 424; x_wconf 89' lang='lat' dir='ltr'><strong>solat,</strong></span> <span class='ocrx_word' id='word_1_33' title='bbox 987 361 1034 415; x_wconf 92' lang='lat' dir='ltr'><strong>tot</strong></span> <span class='ocrx_word' id='word_1_34' title='bbox 1053 356 1101 416; x_wconf 86' lang='lat' dir='ltr'><strong>bc</strong></span> 
     </span>
     <span class='ocr_line' id='line_1_5' title="bbox 77 429 1101 508; baseline 0.004 -14"><span class='ocrx_word' id='word_1_35' title='bbox 77 434 184 508; x_wconf 88' lang='lat' dir='ltr'><strong>mines,</strong></span> <span class='ocrx_word' id='word_1_36' title='bbox 199 441 260 493; x_wconf 89' lang='lat' dir='ltr'><strong>tarn</strong></span> <span class='ocrx_word' id='word_1_37' title='bbox 272 429 458 507; x_wconf 70' lang='lat' dir='ltr'><strong>ingeniosos</strong></span> <span class='ocrx_word' id='word_1_38' title='bbox 475 447 531 507; x_wconf 92' lang='lat' dir='ltr'><strong>per</strong></span> <span class='ocrx_word' id='word_1_39' title='bbox 540 438 586 491; x_wconf 91' lang='lat' dir='ltr'><strong>tot</strong></span> <span class='ocrx_word' id='word_1_40' title='bbox 594 447 692 493; x_wconf 90' lang='lat' dir='ltr'><strong>annos</strong></span> <span class='ocrx_word' id='word_1_41' title='bbox 705 430 794 492; x_wconf 88' lang='lat' dir='ltr'><strong>etiam</strong></span> <span class='ocrx_word' id='word_1_42' title='bbox 805 448 886 493; x_wconf 88' lang='lat' dir='ltr'><strong>nunc</strong></span> <span class='ocrx_word' id='word_1_43' title='bbox 897 442 1034 497; x_wconf 81' lang='lat' dir='ltr'><strong>statuere</strong></span> <span class='ocrx_word' id='word_1_44' title='bbox 1045 454 1101 498; x_wconf 91' lang='lat' dir='ltr'><strong>uon</strong></span> 
     </span>
     <span class='ocr_line' id='line_1_6' title="bbox 77 513 1099 593; baseline 0.003 -15"><span class='ocrx_word' id='word_1_45' title='bbox 77 513 648 593; x_wconf 81' lang='lat' dir='ltr'><strong>potursseutrumdremtertruman</strong></span> <span class='ocrx_word' id='word_1_46' title='bbox 660 513 924 590; x_wconf 80' lang='lat' dir='ltr'><strong>perendinum</strong></span> <span class='ocrx_word' id='word_1_47' title='bbox 937 516 1099 583; x_wconf 86' lang='lat' dir='ltr'><strong>iudicem</strong></span> 
     </span>
     <span class='ocr_line' id='line_1_7' title="bbox 77 595 1100 692; baseline 0.004 -31"><span class='ocrx_word' id='word_1_48' title='bbox 77 600 309 661; x_wconf 88' lang='lat' dir='ltr'><strong>auarbitrum</strong></span> <span class='ocrx_word' id='word_1_49' title='bbox 318 595 817 692; x_wconf 81' lang='lat' dir='ltr'><strong>‚remanlitemdicioporteret</strong></span> <span class='ocrx_word' id='word_1_50' title='bbox 841 596 1100 678; x_wconf 65' lang='lat' dir='ltr'><strong>&gt;luteamque</strong></span> 
     </span>
     <span class='ocr_line' id='line_1_8' title="bbox 77 676 1099 758; baseline 0.002 -13"><span class='ocrx_word' id='word_1_51' title='bbox 77 692 111 745; x_wconf 90' lang='lat' dir='ltr'><strong>ut</strong></span> <span class='ocrx_word' id='word_1_52' title='bbox 132 682 209 756; x_wconf 88' lang='lat' dir='ltr'>dixi,</span> <span class='ocrx_word' id='word_1_53' title='bbox 237 677 395 755; x_wconf 81' lang='lat' dir='ltr'><strong>dignitas</strong></span> <span class='ocrx_word' id='word_1_54' title='bbox 386 696 417 738; x_wconf 91' lang='lat' dir='ltr'><strong>m</strong></span> <span class='ocrx_word' id='word_1_55' title='bbox 437 676 497 738; x_wconf 88' lang='lat' dir='ltr'><strong>ista</strong></span> <span class='ocrx_word' id='word_1_56' title='bbox 515 678 641 739; x_wconf 85' lang='lat' dir='ltr'><strong>seientia</strong></span> <span class='ocrx_word' id='word_1_57' title='bbox 665 678 833 741; x_wconf 86' lang='lat' dir='ltr'><strong>consularis</strong></span> <span class='ocrx_word' id='word_1_58' title='bbox 853 697 1021 757; x_wconf 81' lang='lat' dir='ltr'>numquam</span> <span class='ocrx_word' id='word_1_59' title='bbox 1041 688 1099 758; x_wconf 79' lang='lat' dir='ltr'><strong>luit,</strong></span> 
     </span>
     <span class='ocr_line' id='line_1_9' title="bbox 77 760 1101 858; baseline 0.002 -31"><span class='ocrx_word' id='word_1_60' title='bbox 77 782 158 841; x_wconf 89' lang='lat' dir='ltr'><strong>quae</strong></span> <span class='ocrx_word' id='word_1_61' title='bbox 172 773 235 827; x_wconf 89' lang='lat' dir='ltr'><strong>tota</strong></span> <span class='ocrx_word' id='word_1_62' title='bbox 249 780 290 823; x_wconf 89' lang='lat' dir='ltr'><strong>ex</strong></span> <span class='ocrx_word' id='word_1_63' title='bbox 302 763 396 824; x_wconf 90' lang='lat' dir='ltr'><strong>rebus</strong></span> <span class='ocrx_word' id='word_1_64' title='bbox 410 760 489 821; x_wconf 88' lang='lat' dir='ltr'><strong>lictis</strong></span> <span class='ocrx_word' id='word_1_65' title='bbox 506 762 785 858; x_wconf 79' lang='lat' dir='ltr'><strong>commenticiisque</strong></span> <span class='ocrx_word' id='word_1_66' title='bbox 798 771 968 838; x_wconf 87' lang='lat' dir='ltr'><strong>constaret,</strong></span> <span class='ocrx_word' id='word_1_67' title='bbox 989 769 1101 842; x_wconf 77' lang='lat' dir='ltr'><strong>gratiae</strong></span> 
     </span>
     <span class='ocr_line' id='line_1_10' title="bbox 77 843 1101 921; baseline 0.001 -11"><span class='ocrx_word' id='word_1_68' title='bbox 77 865 151 911; x_wconf 91' lang='lat' dir='ltr'><strong>vero</strong></span> <span class='ocrx_word' id='word_1_69' title='bbox 166 849 260 909; x_wconf 87' lang='lat' dir='ltr'><strong>multo</strong></span> <span class='ocrx_word' id='word_1_70' title='bbox 276 845 366 907; x_wconf 91' lang='lat' dir='ltr'><strong>etiam</strong></span> <span class='ocrx_word' id='word_1_71' title='bbox 379 844 523 905; x_wconf 90' lang='lat' dir='ltr'><strong>minores.</strong></span> <span class='ocrx_word' id='word_1_72' title='bbox 551 845 639 919; x_wconf 82' lang='lat' dir='ltr'><strong>Quod</strong></span> <span class='ocrx_word' id='word_1_73' title='bbox 655 843 734 905; x_wconf 91' lang='lat' dir='ltr'><strong>enim</strong></span> <span class='ocrx_word' id='word_1_74' title='bbox 750 845 889 906; x_wconf 90' lang='lat' dir='ltr'><strong>omnibus</strong></span> <span class='ocrx_word' id='word_1_75' title='bbox 906 856 991 921; x_wconf 90' lang='lat' dir='ltr'><strong>patet</strong></span> <span class='ocrx_word' id='word_1_76' title='bbox 1006 859 1037 910; x_wconf 89' lang='lat' dir='ltr'><strong>et</strong></span> <span class='ocrx_word' id='word_1_77' title='bbox 1051 866 1101 911; x_wconf 87' lang='lat' dir='ltr'><strong>ae·</strong></span> 
     </span>
     <span class='ocr_line' id='line_1_11' title="bbox 77 923 1100 1008; baseline 0.001 -16"><span class='ocrx_word' id='word_1_78' title='bbox 77 948 140 1008; x_wconf 88' lang='lat' dir='ltr'><strong>qua</strong></span> <span class='ocrx_word' id='word_1_79' title='bbox 161 935 332 1006; x_wconf 90' lang='lat' dir='ltr'><strong>promptum</strong></span> <span class='ocrx_word' id='word_1_80' title='bbox 350 936 397 990; x_wconf 92' lang='lat' dir='ltr'><strong>est</strong></span> <span class='ocrx_word' id='word_1_81' title='bbox 412 926 484 987; x_wconf 90' lang='lat' dir='ltr'><strong>mihi</strong></span> <span class='ocrx_word' id='word_1_82' title='bbox 504 937 534 989; x_wconf 91' lang='lat' dir='ltr'><strong>et</strong></span> <span class='ocrx_word' id='word_1_83' title='bbox 548 927 725 988; x_wconf 89' lang='lat' dir='ltr'><strong>adversario</strong></span> <span class='ocrx_word' id='word_1_84' title='bbox 739 944 824 996; x_wconf 81' lang='lat' dir='ltr'><strong>meo.</strong></span> <span class='ocrx_word' id='word_1_85' title='bbox 839 923 877 989; x_wconf 86' lang='lat' dir='ltr'><strong>¹id</strong></span> <span class='ocrx_word' id='word_1_86' title='bbox 893 945 966 991; x_wconf 88' lang='lat' dir='ltr'><strong>esse</strong></span> <span class='ocrx_word' id='word_1_87' title='bbox 978 940 1100 1006; x_wconf 65' lang='lat' dir='ltr'><strong>aratum</strong></span> 
     </span>
     <span class='ocr_line' id='line_1_12' title="bbox 77 1010 1101 1088; baseline -0.001 -12"><span class='ocrx_word' id='word_1_88' title='bbox 77 1015 161 1076; x_wconf 91' lang='lat' dir='ltr'><strong>nullo</strong></span> <span class='ocrx_word' id='word_1_89' title='bbox 182 1018 272 1088; x_wconf 89' lang='lat' dir='ltr'><strong>paeto</strong></span> <span class='ocrx_word' id='word_1_90' title='bbox 295 1018 405 1087; x_wconf 91' lang='lat' dir='ltr'><strong>potest.</strong></span> <span class='ocrx_word' id='word_1_91' title='bbox 448 1011 555 1086; x_wconf 85' lang='lat' dir='ltr'><strong>ltaque</strong></span> <span class='ocrx_word' id='word_1_92' title='bbox 577 1026 638 1071; x_wconf 90' lang='lat' dir='ltr'><strong>non</strong></span> <span class='ocrx_word' id='word_1_93' title='bbox 659 1011 751 1071; x_wconf 90' lang='lat' dir='ltr'><strong>modo</strong></span> <span class='ocrx_word' id='word_1_94' title='bbox 771 1010 913 1072; x_wconf 85' lang='lat' dir='ltr'><strong>beneficii</strong></span> <span class='ocrx_word' id='word_1_95' title='bbox 933 1014 1101 1076; x_wconf 88' lang='lat' dir='ltr'><strong>collocandi</strong></span> 
     </span>
     <span class='ocr_line' id='line_1_13' title="bbox 77 1092 1100 1171; baseline 0.001 -14"><span class='ocrx_word' id='word_1_96' title='bbox 77 1113 178 1171; x_wconf 84' lang='lat' dir='ltr'><strong>spem,</strong></span> <span class='ocrx_word' id='word_1_97' title='bbox 188 1095 243 1155; x_wconf 92' lang='lat' dir='ltr'><strong>sed</strong></span> <span class='ocrx_word' id='word_1_98' title='bbox 255 1093 345 1155; x_wconf 88' lang='lat' dir='ltr'><strong>etiam</strong></span> <span class='ocrx_word' id='word_1_99' title='bbox 355 1092 439 1166; x_wconf 89' lang='lat' dir='ltr'><strong>illud,</strong></span> <span class='ocrx_word' id='word_1_100' title='bbox 452 1095 536 1168; x_wconf 94' lang='lat' dir='ltr'><strong>quod</strong></span> <span class='ocrx_word' id='word_1_101' title='bbox 547 1094 677 1169; x_wconf 84' lang='lat' dir='ltr'><strong>aliquam</strong></span> <span class='ocrx_word' id='word_1_102' title='bbox 689 1093 742 1153; x_wconf 91' lang='lat' dir='ltr'><strong>diu</strong></span> <span class='ocrx_word' id='word_1_103' title='bbox 753 1093 816 1166; x_wconf 77' lang='lat' dir='ltr'><strong>luit,</strong></span> <span class='ocrx_word' id='word_1_104' title='bbox 830 1108 913 1153; x_wconf 78' lang='lat' dir='ltr'><strong>mour</strong></span> <span class='ocrx_word' id='word_1_105' title='bbox 925 1111 1100 1169; x_wconf 74' lang='lat' dir='ltr'><strong>consorano,</strong></span> 
     </span>
     <span class='ocr_line' id='line_1_14' title="bbox 77 1175 1101 1255; baseline 0.003 -17"><span class='ocrx_word' id='word_1_106' title='bbox 77 1180 137 1238; x_wconf 89' lang='lat' dir='ltr'><strong>iam</strong></span> <span class='ocrx_word' id='word_1_107' title='bbox 158 1176 344 1253; x_wconf 82' lang='lat' dir='ltr'><strong>perdidistis.</strong></span> <span class='ocrx_word' id='word_1_108' title='bbox 381 1175 510 1251; x_wconf 84' lang='lat' dir='ltr'><strong>Sapiens</strong></span> <span class='ocrx_word' id='word_1_109' title='bbox 531 1175 696 1238; x_wconf 84' lang='lat' dir='ltr'><strong>existimari</strong></span> <span class='ocrx_word' id='word_1_110' title='bbox 715 1193 804 1237; x_wconf 91' lang='lat' dir='ltr'><strong>nemo</strong></span> <span class='ocrx_word' id='word_1_111' title='bbox 819 1185 921 1251; x_wconf 89' lang='lat' dir='ltr'><strong>potest</strong></span> <span class='ocrx_word' id='word_1_112' title='bbox 933 1178 964 1239; x_wconf 91' lang='lat' dir='ltr'><strong>in</strong></span> <span class='ocrx_word' id='word_1_113' title='bbox 979 1195 1019 1239; x_wconf 92' lang='lat' dir='ltr'><strong>ea</strong></span> <span class='ocrx_word' id='word_1_114' title='bbox 1032 1197 1101 1255; x_wconf 88' lang='lat' dir='ltr'><strong>pru·</strong></span> 
     </span>
     <span class='ocr_line' id='line_1_15' title="bbox 76 1259 1101 1335; baseline 0.003 -14"><span class='ocrx_word' id='word_1_115' title='bbox 76 1259 189 1332; x_wconf 87' lang='lat' dir='ltr'><strong>dantia,</strong></span> <span class='ocrx_word' id='word_1_116' title='bbox 208 1276 287 1334; x_wconf 93' lang='lat' dir='ltr'><strong>quae</strong></span> <span class='ocrx_word' id='word_1_117' title='bbox 304 1273 404 1333; x_wconf 91' lang='lat' dir='ltr'><strong>neque</strong></span> <span class='ocrx_word' id='word_1_118' title='bbox 420 1267 506 1319; x_wconf 87' lang='lat' dir='ltr'><strong>extra</strong></span> <span class='ocrx_word' id='word_1_119' title='bbox 519 1260 645 1319; x_wconf 86' lang='lat' dir='ltr'><strong>Romam</strong></span> <span class='ocrx_word' id='word_1_120' title='bbox 664 1275 793 1333; x_wconf 85' lang='lat' dir='ltr'><strong>usquam</strong></span> <span class='ocrx_word' id='word_1_121' title='bbox 808 1276 910 1335; x_wconf 89' lang='lat' dir='ltr'><strong>neque</strong></span> <span class='ocrx_word' id='word_1_122' title='bbox 923 1263 1039 1323; x_wconf 85' lang='lat' dir='ltr'><strong>Romae</strong></span> <span class='ocrx_word' id='word_1_123' title='bbox 1054 1279 1101 1324; x_wconf 90' lang='lat' dir='ltr'><strong>re·</strong></span> 
     </span>
     <span class='ocr_line' id='line_1_16' title="bbox 76 1340 1100 1421; baseline 0.002 -16"><span class='ocrx_word' id='word_1_124' title='bbox 76 1345 136 1405; x_wconf 86' lang='lat' dir='ltr'><strong>bus</strong></span> <span class='ocrx_word' id='word_1_125' title='bbox 147 1343 274 1419; x_wconf 88' lang='lat' dir='ltr'><strong>prolatis</strong></span> <span class='ocrx_word' id='word_1_126' title='bbox 286 1340 450 1418; x_wconf 91' lang='lat' dir='ltr'><strong>quidquam</strong></span> <span class='ocrx_word' id='word_1_127' title='bbox 464 1343 551 1403; x_wconf 91' lang='lat' dir='ltr'><strong>valet.</strong></span> <span class='ocrx_word' id='word_1_128' title='bbox 572 1342 688 1403; x_wconf 86' lang='lat' dir='ltr'><strong>Peritus</strong></span> <span class='ocrx_word' id='word_1_129' title='bbox 698 1343 769 1403; x_wconf 91' lang='lat' dir='ltr'><strong>ideo</strong></span> <span class='ocrx_word' id='word_1_130' title='bbox 780 1342 1100 1421; x_wconf 79' lang='lat' dir='ltr'><strong>haberinemopotest</strong></span> 
     </span>
     <span class='ocr_line' id='line_1_17' title="bbox 77 1424 1101 1503; baseline 0 -16"><span class='ocrx_word' id='word_1_131' title='bbox 77 1428 163 1503; x_wconf 92' lang='lat' dir='ltr'><strong>quod</strong></span> <span class='ocrx_word' id='word_1_132' title='bbox 181 1425 213 1486; x_wconf 89' lang='lat' dir='ltr'><strong>in</strong></span> <span class='ocrx_word' id='word_1_133' title='bbox 227 1441 279 1498; x_wconf 86' lang='lat' dir='ltr'><strong>eo,</strong></span> <span class='ocrx_word' id='word_1_134' title='bbox 303 1424 385 1501; x_wconf 92' lang='lat' dir='ltr'><strong>quod</strong></span> <span class='ocrx_word' id='word_1_135' title='bbox 403 1425 502 1485; x_wconf 86' lang='lat' dir='ltr'><strong>sciunt</strong></span> <span class='ocrx_word' id='word_1_136' title='bbox 520 1442 641 1499; x_wconf 86' lang='lat' dir='ltr'><strong>omnes,</strong></span> <span class='ocrx_word' id='word_1_137' title='bbox 662 1427 745 1486; x_wconf 91' lang='lat' dir='ltr'><strong>nullo</strong></span> <span class='ocrx_word' id='word_1_138' title='bbox 765 1426 858 1485; x_wconf 93' lang='lat' dir='ltr'><strong>modo</strong></span> <span class='ocrx_word' id='word_1_139' title='bbox 875 1437 1008 1500; x_wconf 85' lang='lat' dir='ltr'><strong>possunt</strong></span> <span class='ocrx_word' id='word_1_140' title='bbox 1024 1428 1101 1489; x_wconf 89' lang='lat' dir='ltr'><strong>inter</strong></span> 
     </span>
     <span class='ocr_line' id='line_1_18' title="bbox 76 1507 1100 1586; baseline 0.001 -15"><span class='ocrx_word' id='word_1_141' title='bbox 76 1526 113 1571; x_wconf 86' lang='lat' dir='ltr'><strong>se</strong></span> <span class='ocrx_word' id='word_1_142' title='bbox 130 1511 315 1583; x_wconf 89' lang='lat' dir='ltr'><strong>discrepare.</strong></span> <span class='ocrx_word' id='word_1_143' title='bbox 345 1507 483 1569; x_wconf 85' lang='lat' dir='ltr'><strong>Difficilis</strong></span> <span class='ocrx_word' id='word_1_144' title='bbox 500 1518 599 1570; x_wconf 89' lang='lat' dir='ltr'><strong>autem</strong></span> <span class='ocrx_word' id='word_1_145' title='bbox 621 1525 672 1570; x_wconf 89' lang='lat' dir='ltr'><strong>res</strong></span> <span class='ocrx_word' id='word_1_146' title='bbox 691 1509 761 1570; x_wconf 91' lang='lat' dir='ltr'><strong>ideo</strong></span> <span class='ocrx_word' id='word_1_147' title='bbox 778 1524 838 1569; x_wconf 93' lang='lat' dir='ltr'><strong>non</strong></span> <span class='ocrx_word' id='word_1_148' title='bbox 861 1516 994 1584; x_wconf 86' lang='lat' dir='ltr'><strong>putatur,</strong></span> <span class='ocrx_word' id='word_1_149' title='bbox 1016 1512 1100 1586; x_wconf 80' lang='lat' dir='ltr'><strong>quod</strong></span> 
     </span>
     <span class='ocr_line' id='line_1_19' title="bbox 74 1590 1100 1670; baseline 0.001 -17"><span class='ocrx_word' id='word_1_150' title='bbox 74 1602 108 1655; x_wconf 84' lang='lat' dir='ltr'><strong>el</strong></span> <span class='ocrx_word' id='word_1_151' title='bbox 123 1592 288 1670; x_wconf 82' lang='lat' dir='ltr'><strong>perpaucis</strong></span> <span class='ocrx_word' id='word_1_152' title='bbox 309 1602 339 1654; x_wconf 90' lang='lat' dir='ltr'><strong>et</strong></span> <span class='ocrx_word' id='word_1_153' title='bbox 357 1590 479 1651; x_wconf 92' lang='lat' dir='ltr'><strong>minime</strong></span> <span class='ocrx_word' id='word_1_154' title='bbox 499 1592 639 1653; x_wconf 87' lang='lat' dir='ltr'><strong>obscuris</strong></span> <span class='ocrx_word' id='word_1_155' title='bbox 660 1591 766 1652; x_wconf 89' lang='lat' dir='ltr'><strong>litteris</strong></span> <span class='ocrx_word' id='word_1_156' title='bbox 786 1591 966 1654; x_wconf 91' lang='lat' dir='ltr'><strong>continetur.</strong></span> <span class='ocrx_word' id='word_1_157' title='bbox 994 1594 1100 1669; x_wconf 90' lang='lat' dir='ltr'><strong>ltaque</strong></span> 
     </span>
     <span class='ocr_line' id='line_1_20' title="bbox 75 1674 1100 1751; baseline 0 -14"><span class='ocrx_word' id='word_1_158' title='bbox 75 1677 103 1737; x_wconf 89' lang='lat' dir='ltr'><strong>si</strong></span> <span class='ocrx_word' id='word_1_159' title='bbox 123 1676 196 1737; x_wconf 90' lang='lat' dir='ltr'><strong>mibi</strong></span> <span class='ocrx_word' id='word_1_160' title='bbox 212 1674 326 1736; x_wconf 89' lang='lat' dir='ltr'><strong>homini</strong></span> <span class='ocrx_word' id='word_1_161' title='bbox 347 1674 542 1736; x_wconf 88' lang='lat' dir='ltr'><strong>vehementer</strong></span> <span class='ocrx_word' id='word_1_162' title='bbox 563 1683 713 1751; x_wconf 85' lang='lat' dir='ltr'><strong>occupato</strong></span> <span class='ocrx_word' id='word_1_163' title='bbox 730 1676 919 1736; x_wconf 89' lang='lat' dir='ltr'><strong>stomachum</strong></span> <span class='ocrx_word' id='word_1_164' title='bbox 935 1676 1100 1750; x_wconf 84' lang='lat' dir='ltr'><strong>moveritis,</strong></span> 
     </span>
     <span class='ocr_line' id='line_1_21' title="bbox 75 1756 1100 1835; baseline -0.001 -15"><span class='ocrx_word' id='word_1_165' title='bbox 75 1758 176 1822; x_wconf 82' lang='lat' dir='ltr'><strong>triduo</strong></span> <span class='ocrx_word' id='word_1_166' title='bbox 196 1776 246 1819; x_wconf 91' lang='lat' dir='ltr'><strong>me</strong></span> <span class='ocrx_word' id='word_1_167' title='bbox 264 1760 338 1820; x_wconf 90' lang='lat' dir='ltr'><strong>iuris</strong></span> <span class='ocrx_word' id='word_1_168' title='bbox 359 1760 530 1821; x_wconf 88' lang='lat' dir='ltr'><strong>consultum</strong></span> <span class='ocrx_word' id='word_1_169' title='bbox 545 1774 616 1817; x_wconf 88' lang='lat' dir='ltr'><strong>esse</strong></span> <span class='ocrx_word' id='word_1_170' title='bbox 630 1756 804 1833; x_wconf 85' lang='lat' dir='ltr'><strong>profitebor.</strong></span> <span class='ocrx_word' id='word_1_171' title='bbox 832 1758 951 1819; x_wconf 87' lang='lat' dir='ltr'><strong>Etenim</strong></span> <span class='ocrx_word' id='word_1_172' title='bbox 968 1775 1048 1835; x_wconf 91' lang='lat' dir='ltr'><strong>quae</strong></span> <span class='ocrx_word' id='word_1_173' title='bbox 1062 1761 1100 1819; x_wconf 93' lang='lat' dir='ltr'><strong>de</strong></span> 
     </span>
     <span class='ocr_line' id='line_1_22' title="bbox 76 1840 1099 1919; baseline -0.001 -16"><span class='ocrx_word' id='word_1_174' title='bbox 76 1842 193 1917; x_wconf 87' lang='lat' dir='ltr'><strong>scripto</strong></span> <span class='ocrx_word' id='word_1_175' title='bbox 209 1852 345 1917; x_wconf 82' lang='lat' dir='ltr'><strong>aguntur,</strong></span> <span class='ocrx_word' id='word_1_176' title='bbox 362 1841 476 1916; x_wconf 91' lang='lat' dir='ltr'><strong>scripta</strong></span> <span class='ocrx_word' id='word_1_177' title='bbox 490 1849 560 1902; x_wconf 91' lang='lat' dir='ltr'><strong>sunt</strong></span> <span class='ocrx_word' id='word_1_178' title='bbox 575 1840 684 1913; x_wconf 89' lang='lat' dir='ltr'><strong>omnia,</strong></span> <span class='ocrx_word' id='word_1_179' title='bbox 701 1858 801 1915; x_wconf 93' lang='lat' dir='ltr'><strong>neque</strong></span> <span class='ocrx_word' id='word_1_180' title='bbox 818 1850 917 1901; x_wconf 86' lang='lat' dir='ltr'><strong>lamen</strong></span> <span class='ocrx_word' id='word_1_181' title='bbox 936 1842 1099 1919; x_wconf 85' lang='lat' dir='ltr'><strong>quidquam</strong></span> 
     </span>
     <span class='ocr_line' id='line_1_23' title="bbox 76 1923 1099 2000; baseline 0.002 -17"><span class='ocrx_word' id='word_1_182' title='bbox 76 1933 137 1983; x_wconf 88' lang='lat' dir='ltr'><strong>tam</strong></span> <span class='ocrx_word' id='word_1_183' title='bbox 157 1933 286 2000; x_wconf 85' lang='lat' dir='ltr'><strong>anguste</strong></span> <span class='ocrx_word' id='word_1_184' title='bbox 302 1926 446 1999; x_wconf 87' lang='lat' dir='ltr'><strong>scriptum</strong></span> <span class='ocrx_word' id='word_1_185' title='bbox 463 1932 524 1998; x_wconf 91' lang='lat' dir='ltr'><strong>est,</strong></span> <span class='ocrx_word' id='word_1_186' title='bbox 546 1940 607 1998; x_wconf 91' lang='lat' dir='ltr'><strong>quc</strong></span> <span class='ocrx_word' id='word_1_187' title='bbox 629 1939 686 1998; x_wconf 81' lang='lat' dir='ltr'><strong>ego</strong></span> <span class='ocrx_word' id='word_1_188' title='bbox 701 1940 761 1984; x_wconf 90' lang='lat' dir='ltr'><strong>non</strong></span> <span class='ocrx_word' id='word_1_189' title='bbox 776 1923 908 1999; x_wconf 73' lang='lat' dir='ltr'><strong>possum</strong></span> <span class='ocrx_word' id='word_1_190' title='bbox 937 1941 997 1994; x_wconf 76' lang='lat' dir='ltr'><strong>qun</strong></span> <span class='ocrx_word' id='word_1_191' title='bbox 1011 1942 1049 1985; x_wconf 81' lang='lat' dir='ltr'><strong>nn</strong></span> <span class='ocrx_word' id='word_1_192' title='bbox 1062 1942 1099 1984; x_wconf 79' lang='lat' dir='ltr'><strong>ae</strong></span> 
     </span>
     <span class='ocr_line' id='line_1_24' title="bbox 75 2007 1099 2083; baseline 0.006 -20"><span class='ocrx_word' id='word_1_193' title='bbox 75 2021 201 2079; x_wconf 72' lang='lat' dir='ltr'><strong>sciron,</strong></span> <span class='ocrx_word' id='word_1_194' title='bbox 222 2008 345 2067; x_wconf 87' lang='lat' dir='ltr'><strong>addere.</strong></span> <span class='ocrx_word' id='word_1_195' title='bbox 382 2008 464 2080; x_wconf 80' lang='lat' dir='ltr'><strong>Quae</strong></span> <span class='ocrx_word' id='word_1_196' title='bbox 481 2007 678 2066; x_wconf 89' lang='lat' dir='ltr'><strong>consuluntur</strong></span> <span class='ocrx_word' id='word_1_197' title='bbox 691 2015 806 2080; x_wconf 88' lang='lat' dir='ltr'><strong>autcm‚</strong></span> <span class='ocrx_word' id='word_1_198' title='bbox 826 2007 948 2069; x_wconf 92' lang='lat' dir='ltr'><strong>minimo</strong></span> <span class='ocrx_word' id='word_1_199' title='bbox 963 2008 1099 2083; x_wconf 88' lang='lat' dir='ltr'><strong>periculo</strong></span> 
     </span>
     <span class='ocr_line' id='line_1_25' title="bbox 75 2089 1100 2165; baseline 0.004 -19"><span class='ocrx_word' id='word_1_200' title='bbox 75 2090 309 2162; x_wconf 88' lang='lat' dir='ltr'><strong>respondentur.</strong></span> <span class='ocrx_word' id='word_1_201' title='bbox 332 2089 365 2149; x_wconf 88' lang='lat' dir='ltr'><strong>Si</strong></span> <span class='ocrx_word' id='word_1_202' title='bbox 376 2089 416 2161; x_wconf 90' lang='lat' dir='ltr'><strong>id,</strong></span> <span class='ocrx_word' id='word_1_203' title='bbox 430 2091 513 2164; x_wconf 91' lang='lat' dir='ltr'><strong>quod</strong></span> <span class='ocrx_word' id='word_1_204' title='bbox 524 2097 654 2164; x_wconf 87' lang='lat' dir='ltr'><strong>oportet,</strong></span> <span class='ocrx_word' id='word_1_205' title='bbox 664 2089 871 2165; x_wconf 88' lang='lat' dir='ltr'><strong>responderis,</strong></span> <span class='ocrx_word' id='word_1_206' title='bbox 884 2091 963 2151; x_wconf 91' lang='lat' dir='ltr'><strong>idem</strong></span> <span class='ocrx_word' id='word_1_207' title='bbox 974 2090 1100 2151; x_wconf 87' lang='lat' dir='ltr'><strong>videare</strong></span> 
     </span>
     <span class='ocr_line' id='line_1_26' title="bbox 75 2170 1099 2248; baseline 0.003 -19"><span class='ocrx_word' id='word_1_208' title='bbox 75 2170 290 2245; x_wconf 90' lang='lat' dir='ltr'><strong>respondisse,</strong></span> <span class='ocrx_word' id='word_1_209' title='bbox 310 2174 392 2248; x_wconf 90' lang='lat' dir='ltr'><strong>quod</strong></span> <span class='ocrx_word' id='word_1_210' title='bbox 408 2170 548 2233; x_wconf 85' lang='lat' dir='ltr'><strong>Servius:</strong></span> <span class='ocrx_word' id='word_1_211' title='bbox 573 2172 620 2233; x_wconf 91' lang='lat' dir='ltr'><strong>sin</strong></span> <span class='ocrx_word' id='word_1_212' title='bbox 634 2173 735 2246; x_wconf 85' lang='lat' dir='ltr'><strong>aliter,</strong></span> <span class='ocrx_word' id='word_1_213' title='bbox 760 2173 848 2234; x_wconf 90' lang='lat' dir='ltr'><strong>etiam</strong></span> <span class='ocrx_word' id='word_1_214' title='bbox 870 2182 1099 2235; x_wconf 78' lang='lat' dir='ltr'><strong>eunuoversum</strong></span> 
     </span>
     <span class='ocr_line' id='line_1_27' title="bbox 75 2253 1100 2332; baseline 0.001 -19"><span class='ocrx_word' id='word_1_215' title='bbox 75 2253 125 2314; x_wconf 91' lang='lat' dir='ltr'><strong>ius</strong></span> <span class='ocrx_word' id='word_1_216' title='bbox 146 2271 241 2316; x_wconf 90' lang='lat' dir='ltr'><strong>nosse</strong></span> <span class='ocrx_word' id='word_1_217' title='bbox 261 2264 290 2314; x_wconf 95' lang='lat' dir='ltr'><strong>et</strong></span> <span class='ocrx_word' id='word_1_218' title='bbox 313 2264 442 2316; x_wconf 87' lang='lat' dir='ltr'><strong>tractare</strong></span> <span class='ocrx_word' id='word_1_219' title='bbox 463 2255 595 2319; x_wconf 89' lang='lat' dir='ltr'><strong>videare.</strong></span> <span class='ocrx_word' id='word_1_220' title='bbox 635 2255 686 2317; x_wconf 75' lang='lat'><strong>29.</strong></span> <span class='ocrx_word' id='word_1_221' title='bbox 710 2256 902 2332; x_wconf 77' lang='lat' dir='ltr'><strong>Quapropter</strong></span> <span class='ocrx_word' id='word_1_222' title='bbox 917 2272 977 2317; x_wconf 86' lang='lat' dir='ltr'><strong>non</strong></span> <span class='ocrx_word' id='word_1_223' title='bbox 999 2257 1100 2316; x_wconf 91' lang='lat' dir='ltr'><strong>solum</strong></span> 
     </span>
     <span class='ocr_line' id='line_1_28' title="bbox 75 2337 1099 2415; baseline 0.001 -18"><span class='ocrx_word' id='word_1_224' title='bbox 75 2337 127 2397; x_wconf 93' lang='lat' dir='ltr'><strong>illa</strong></span> <span class='ocrx_word' id='word_1_225' title='bbox 146 2337 242 2413; x_wconf 83' lang='lat' dir='ltr'><strong>gloria</strong></span> <span class='ocrx_word' id='word_1_226' title='bbox 262 2337 397 2399; x_wconf 89' lang='lat' dir='ltr'><strong>militaris</strong></span> <span class='ocrx_word' id='word_1_227' title='bbox 421 2338 532 2399; x_wconf 88' lang='lat' dir='ltr'><strong>vestris</strong></span> <span class='ocrx_word' id='word_1_228' title='bbox 554 2339 690 2400; x_wconf 76' lang='lat' dir='ltr'><strong>formulis</strong></span> <span class='ocrx_word' id='word_1_229' title='bbox 711 2349 803 2415; x_wconf 87' lang='lat' dir='ltr'><strong>atque</strong></span> <span class='ocrx_word' id='word_1_230' title='bbox 824 2339 992 2402; x_wconf 86' lang='lat' dir='ltr'><strong>actionibus</strong></span> <span class='ocrx_word' id='word_1_231' title='bbox 1015 2347 1099 2399; x_wconf 90' lang='lat' dir='ltr'><strong>ante·</strong></span> 
     </span>
     <span class='ocr_line' id='line_1_29' title="bbox 75 2422 1099 2498; baseline 0.001 -18"><span class='ocrx_word' id='word_1_232' title='bbox 75 2422 219 2496; x_wconf 92' lang='lat' dir='ltr'><strong>ponenda</strong></span> <span class='ocrx_word' id='word_1_233' title='bbox 234 2429 296 2493; x_wconf 88' lang='lat' dir='ltr'><strong>est,</strong></span> <span class='ocrx_word' id='word_1_234' title='bbox 313 2438 415 2481; x_wconf 90' lang='lat' dir='ltr'><strong>verum</strong></span> <span class='ocrx_word' id='word_1_235' title='bbox 432 2423 520 2482; x_wconf 87' lang='lat' dir='ltr'><strong>etiam</strong></span> <span class='ocrx_word' id='word_1_236' title='bbox 533 2423 655 2483; x_wconf 90' lang='lat' dir='ltr'><strong>dicendi</strong></span> <span class='ocrx_word' id='word_1_237' title='bbox 673 2424 862 2484; x_wconf 89' lang='lat' dir='ltr'><strong>consuetudo</strong></span> <span class='ocrx_word' id='word_1_238' title='bbox 877 2425 968 2498; x_wconf 74' lang='lat' dir='ltr'><strong>longe</strong></span> <span class='ocrx_word' id='word_1_239' title='bbox 981 2431 1012 2483; x_wconf 93' lang='lat' dir='ltr'><strong>et</strong></span> <span class='ocrx_word' id='word_1_240' title='bbox 1025 2425 1099 2483; x_wconf 90' lang='lat' dir='ltr'><strong>rnul-</strong></span> 
     </span>
     <span class='ocr_line' id='line_1_30' title="bbox 75 2504 1099 2581; baseline -0.001 -16"><span class='ocrx_word' id='word_1_241' title='bbox 75 2513 139 2565; x_wconf 95' lang='lat' dir='ltr'><strong>tum</strong></span> <span class='ocrx_word' id='word_1_242' title='bbox 153 2504 203 2567; x_wconf 89' lang='lat' dir='ltr'><strong>isti</strong></span> <span class='ocrx_word' id='word_1_243' title='bbox 220 2513 339 2565; x_wconf 90' lang='lat' dir='ltr'><strong>vestrae</strong></span> <span class='ocrx_word' id='word_1_244' title='bbox 354 2504 561 2566; x_wconf 87' lang='lat' dir='ltr'><strong>exercitationi</strong></span> <span class='ocrx_word' id='word_1_245' title='bbox 579 2507 617 2566; x_wconf 91' lang='lat' dir='ltr'><strong>ad</strong></span> <span class='ocrx_word' id='word_1_246' title='bbox 631 2507 777 2567; x_wconf 88' lang='lat' dir='ltr'><strong>honorem</strong></span> <span class='ocrx_word' id='word_1_247' title='bbox 793 2508 961 2567; x_wconf 86' lang='lat' dir='ltr'><strong>antecellet.</strong></span> <span class='ocrx_word' id='word_1_248' title='bbox 995 2506 1099 2581; x_wconf 87' lang='lat' dir='ltr'><strong>ltaque</strong></span> 
     </span>
     <span class='ocr_line' id='line_1_31' title="bbox 74 2587 1099 2664; baseline 0 -18"><span class='ocrx_word' id='word_1_249' title='bbox 74 2587 147 2647; x_wconf 90' lang='lat' dir='ltr'><strong>mihi</strong></span> <span class='ocrx_word' id='word_1_250' title='bbox 161 2588 302 2650; x_wconf 90' lang='lat' dir='ltr'><strong>videntur</strong></span> <span class='ocrx_word' id='word_1_251' title='bbox 316 2588 454 2663; x_wconf 88' lang='lat' dir='ltr'><strong>plerique</strong></span> <span class='ocrx_word' id='word_1_252' title='bbox 468 2588 552 2650; x_wconf 92' lang='lat' dir='ltr'><strong>initio</strong></span> <span class='ocrx_word' id='word_1_253' title='bbox 566 2591 659 2650; x_wconf 88' lang='lat' dir='ltr'><strong>multo</strong></span> <span class='ocrx_word' id='word_1_254' title='bbox 673 2590 732 2650; x_wconf 91' lang='lat' dir='ltr'><strong>hoc</strong></span> <span class='ocrx_word' id='word_1_255' title='bbox 742 2588 896 2663; x_wconf 89' lang='lat' dir='ltr'><strong>maluisse,</strong></span> <span class='ocrx_word' id='word_1_256' title='bbox 911 2596 993 2664; x_wconf 86' lang='lat' dir='ltr'><strong>post,</strong></span> <span class='ocrx_word' id='word_1_257' title='bbox 1008 2604 1099 2663; x_wconf 91' lang='lat' dir='ltr'><strong>quum</strong></span> 
     </span>
     <span class='ocr_line' id='line_1_32' title="bbox 74 2669 1099 2748; baseline 0.001 -21"><span class='ocrx_word' id='word_1_258' title='bbox 74 2669 108 2727; x_wconf 94' lang='lat' dir='ltr'><strong>id</strong></span> <span class='ocrx_word' id='word_1_259' title='bbox 127 2673 257 2746; x_wconf 86' lang='lat' dir='ltr'><strong>adsequi</strong></span> <span class='ocrx_word' id='word_1_260' title='bbox 278 2687 338 2733; x_wconf 90' lang='lat' dir='ltr'><strong>non</strong></span> <span class='ocrx_word' id='word_1_261' title='bbox 362 2671 547 2746; x_wconf 86' lang='lat' dir='ltr'><strong>potuissent,</strong></span> <span class='ocrx_word' id='word_1_262' title='bbox 572 2672 650 2734; x_wconf 87' lang='lat' dir='ltr'><strong>istuc</strong></span> <span class='ocrx_word' id='word_1_263' title='bbox 670 2673 859 2748; x_wconf 88' lang='lat' dir='ltr'><strong>potissimum</strong></span> <span class='ocrx_word' id='word_1_264' title='bbox 880 2680 952 2733; x_wconf 90' lang='lat' dir='ltr'><strong>suut</strong></span> <span class='ocrx_word' id='word_1_265' title='bbox 972 2670 1099 2746; x_wconf 82' lang='lat' dir='ltr'><strong>delapsi.</strong></span> 
     </span>
     <span class='ocr_line' id='line_1_33' title="bbox 75 2750 1101 2830; baseline 0.005 -21"><span class='ocrx_word' id='word_1_266' title='bbox 75 2750 116 2811; x_wconf 89' lang='lat' dir='ltr'><strong>Ut</strong></span> <span class='ocrx_word' id='word_1_267' title='bbox 127 2754 211 2817; x_wconf 84' lang='lat' dir='ltr'><strong>aiunt</strong></span> <span class='ocrx_word' id='word_1_268' title='bbox 227 2755 256 2815; x_wconf 92' lang='lat' dir='ltr'><strong>in</strong></span> <span class='ocrx_word' id='word_1_269' title='bbox 274 2755 398 2815; x_wconf 84' lang='lat' dir='ltr'><strong>Graecis</strong></span> <span class='ocrx_word' id='word_1_270' title='bbox 416 2755 581 2817; x_wconf 85' lang='lat' dir='ltr'><strong>artificibus</strong></span> <span class='ocrx_word' id='word_1_271' title='bbox 599 2772 654 2818; x_wconf 89' lang='lat' dir='ltr'><strong>eos</strong></span> <span class='ocrx_word' id='word_1_272' title='bbox 669 2758 817 2817; x_wconf 89' lang='lat' dir='ltr'><strong>auloedos</strong></span> <span class='ocrx_word' id='word_1_273' title='bbox 833 2772 912 2828; x_wconf 89' lang='lat' dir='ltr'><strong>esse,</strong></span> <span class='ocrx_word' id='word_1_274' title='bbox 939 2755 991 2830; x_wconf 92' lang='lat' dir='ltr'><strong>qui</strong></span> <span class='ocrx_word' id='word_1_275' title='bbox 1008 2754 1101 2816; x_wconf 84' lang='lat' dir='ltr'><strong>eilba-</strong></span> 
     </span>
     <span class='ocr_line' id='line_1_34' title="bbox 74 2834 1101 2914; baseline 0.008 -25"><span class='ocrx_word' id='word_1_276' title='bbox 74 2834 162 2894; x_wconf 85' lang='lat' dir='ltr'><strong>roedi</strong></span> <span class='ocrx_word' id='word_1_277' title='bbox 175 2836 242 2898; x_wconf 88' lang='lat' dir='ltr'><strong>fieri</strong></span> <span class='ocrx_word' id='word_1_278' title='bbox 256 2855 317 2898; x_wconf 93' lang='lat' dir='ltr'><strong>non</strong></span> <span class='ocrx_word' id='word_1_279' title='bbox 330 2838 497 2914; x_wconf 89' lang='lat' dir='ltr'><strong>potuerint,</strong></span> <span class='ocrx_word' id='word_1_280' title='bbox 515 2838 559 2899; x_wconf 85' lang='lat' dir='ltr'><strong>sic</strong></span> <span class='ocrx_word' id='word_1_281' title='bbox 574 2856 634 2900; x_wconf 90' lang='lat' dir='ltr'><strong>non</strong></span> <span class='ocrx_word' id='word_1_282' title='bbox 648 2841 748 2901; x_wconf 89' lang='lat' dir='ltr'><strong>nullos</strong></span> <span class='ocrx_word' id='word_1_283' title='bbox 761 2839 916 2910; x_wconf 79' lang='lat' dir='ltr'><strong>videnda,</strong></span> <span class='ocrx_word' id='word_1_284' title='bbox 932 2838 985 2913; x_wconf 93' lang='lat' dir='ltr'><strong>qui</strong></span> <span class='ocrx_word' id='word_1_285' title='bbox 1001 2846 1101 2899; x_wconf 84' lang='lat' dir='ltr'><strong>orato·</strong></span> 
     </span>
     <span class='ocr_line' id='line_1_35' title="bbox 74 2920 1100 2996; baseline 0.002 -23"><span class='ocrx_word' id='word_1_286' title='bbox 74 2930 127 2974; x_wconf 85' lang='lat' dir='ltr'><strong>res</strong></span> <span class='ocrx_word' id='word_1_287' title='bbox 147 2920 277 2980; x_wconf 88' lang='lat' dir='ltr'><strong>evadere</strong></span> <span class='ocrx_word' id='word_1_288' title='bbox 295 2938 356 2982; x_wconf 89' lang='lat' dir='ltr'><strong>non</strong></span> <span class='ocrx_word' id='word_1_289' title='bbox 377 2929 554 2996; x_wconf 88' lang='lat' dir='ltr'><strong>potuerunt,</strong></span> <span class='ocrx_word' id='word_1_290' title='bbox 576 2939 632 2984; x_wconf 90' lang='lat' dir='ltr'><strong>eos</strong></span> <span class='ocrx_word' id='word_1_291' title='bbox 654 2925 693 2984; x_wconf 92' lang='lat' dir='ltr'><strong>ad</strong></span> <span class='ocrx_word' id='word_1_292' title='bbox 707 2922 782 2983; x_wconf 89' lang='lat' dir='ltr'><strong>iuris</strong></span> <span class='ocrx_word' id='word_1_293' title='bbox 797 2921 929 2983; x_wconf 89' lang='lat' dir='ltr'><strong>studium</strong></span> <span class='ocrx_word' id='word_1_294' title='bbox 944 2920 1100 2982; x_wconf 90' lang='lat' dir='ltr'><strong>devenire.</strong></span> 
     </span>
     <span class='ocr_line' id='line_1_36' title="bbox 74 2998 1101 3081; baseline 0.005 -24"><span class='ocrx_word' id='word_1_295' title='bbox 74 2998 204 3073; x_wconf 80' lang='lat' dir='ltr'><strong>Magnus</strong></span> <span class='ocrx_word' id='word_1_296' title='bbox 219 3002 339 3065; x_wconf 90' lang='lat' dir='ltr'><strong>dicendi</strong></span> <span class='ocrx_word' id='word_1_297' title='bbox 354 3006 452 3079; x_wconf 91' lang='lat' dir='ltr'><strong>labor,</strong></span> <span class='ocrx_word' id='word_1_298' title='bbox 473 3021 664 3081; x_wconf 81' lang='lat' dir='ltr'><strong>magnares,</strong></span> <span class='ocrx_word' id='word_1_299' title='bbox 686 3022 795 3081; x_wconf 77' lang='lat' dir='ltr'><strong>magna</strong></span> <span class='ocrx_word' id='word_1_300' title='bbox 815 3005 960 3079; x_wconf 78' lang='lat' dir='ltr'><strong>dignitaS,</strong></span> <span class='ocrx_word' id='word_1_301' title='bbox 983 3018 1101 3065; x_wconf 85' lang='lat' dir='ltr'><strong>sunrma</strong></span> 
     </span>
     <span class='ocr_line' id='line_1_37' title="bbox 73 3085 1102 3162; baseline 0.002 -19"><span class='ocrx_word' id='word_1_302' title='bbox 73 3098 176 3143; x_wconf 81' lang='lat' dir='ltr'><strong>autem</strong></span> <span class='ocrx_word' id='word_1_303' title='bbox 197 3085 302 3155; x_wconf 83' lang='lat' dir='ltr'><strong>gratia.</strong></span> <span class='ocrx_word' id='word_1_304' title='bbox 343 3088 460 3148; x_wconf 87' lang='lat' dir='ltr'><strong>Etenim</strong></span> <span class='ocrx_word' id='word_1_305' title='bbox 479 3105 498 3146; x_wconf 88' lang='lat' dir='ltr'><strong>a</strong></span> <span class='ocrx_word' id='word_1_306' title='bbox 517 3087 605 3149; x_wconf 91' lang='lat' dir='ltr'><strong>vobis</strong></span> <span class='ocrx_word' id='word_1_307' title='bbox 622 3089 784 3149; x_wconf 89' lang='lat' dir='ltr'><strong>salubritas</strong></span> <span class='ocrx_word' id='word_1_308' title='bbox 805 3089 969 3162; x_wconf 90' lang='lat' dir='ltr'><strong>quaedam,</strong></span> <span class='ocrx_word' id='word_1_309' title='bbox 992 3088 1031 3147; x_wconf 88' lang='lat' dir='ltr'><strong>ab</strong></span> <span class='ocrx_word' id='word_1_310' title='bbox 1053 3087 1102 3156; x_wconf 90' lang='lat' dir='ltr'><strong>iis,</strong></span> 
     </span>
     <span class='ocr_line' id='line_1_38' title="bbox 74 3164 1103 3247; baseline 0.004 -20"><span class='ocrx_word' id='word_1_311' title='bbox 74 3165 129 3242; x_wconf 92' lang='lat' dir='ltr'><strong>qui</strong></span> <span class='ocrx_word' id='word_1_312' title='bbox 143 3164 256 3239; x_wconf 75' lang='lat' dir='ltr'><strong>dicunt</strong></span> <span class='ocrx_word' id='word_1_313' title='bbox 273 3171 355 3230; x_wconf 84' lang='lat' dir='ltr'><strong>salus</strong></span> <span class='ocrx_word' id='word_1_314' title='bbox 369 3171 438 3245; x_wconf 89' lang='lat' dir='ltr'><strong>ipsa</strong></span> <span class='ocrx_word' id='word_1_315' title='bbox 451 3171 572 3245; x_wconf 90' lang='lat' dir='ltr'><strong>petitur.</strong></span> <span class='ocrx_word' id='word_1_316' title='bbox 600 3171 715 3237; x_wconf 88' lang='lat' dir='ltr'><strong>Deinde</strong></span> <span class='ocrx_word' id='word_1_317' title='bbox 729 3178 831 3233; x_wconf 88' lang='lat' dir='ltr'><strong>vestra</strong></span> <span class='ocrx_word' id='word_1_318' title='bbox 840 3187 992 3247; x_wconf 89' lang='lat' dir='ltr'><strong>responsa</strong></span> <span class='ocrx_word' id='word_1_319' title='bbox 1007 3180 1103 3245; x_wconf 87' lang='lat' dir='ltr'><strong>atque</strong></span> 
     </span>
    </p>
   </div>
   <div class='ocr_carea' id='block_1_2' title="bbox 0 0 1174 3788">
    <p class='ocr_par' dir='ltr' id='par_1_2' title="bbox 0 0 1174 3788">
     <span class='ocr_line' id='line_1_39' title="bbox 0 0 1174 3788; baseline 0 0"><span class='ocrx_word' id='word_1_320' title='bbox 0 0 1174 3788; x_wconf 95' lang='lat' dir='ltr'><strong> </strong></span> 
     </span>
    </p>
   </div>
  </div>
 </body>
</html>
