2340 3788
319 79 323 88 ’
375 109 760 177 oAP.r-r.s.1o-1a
1062 110 1083 173 ι

54 268 92 321 ιιι
105 258 232 319 facilius
242 256 409 334 intelligere
426 259 568 334 possitis,
589 258 722 335 iudices,
743 278 794 336 ea,
815 276 894 338 quae
910 263 989 323 iacta
1004 270 1084 336 sunt,

59 342 234 418 indigniora
253 357 341 414 esse,
364 358 455 417 quarn
476 342 552 402 haec
573 352 659 413 sunt,
682 359 759 423 quae
780 343 925 416 dicimus,
947 346 985 404 ab
999 343 1084 406 initio

62 441 111 486 res
127 425 385 501 quemadmodum
398 433 486 498 gesta
507 423 546 485 sit
561 424 648 485 vobis
664 441 866 501 exponemus,
889 443 949 503 quo
965 427 1084 487 facilius

65 517 92 568 et
101 507 193 569 buius
204 506 352 568 hominis
345 507 586 568 innocentissimi
599 506 738 567 miserias
754 517 784 567 et
794 509 912 571 illorum
926 509 1084 601 audaciam

10 640 14 649 .
66 606 252 666 cognoscere
265 590 393 667 possitis
409 599 438 651 et
453 589 654 666 reipublicae
671 589 878 652 calamitatem

17 728 22 746 ,
143 675 195 734 Vl.
218 672 268 735 15
294 674 366 734 Sex.
382 660 529 748 Roscius,
555 683 641 748 pater
657 673 801 746 huiusce,
823 674 980 749 municeps
994 677 1082 734 Ame-

10 748 145 827 iriuus
160 756 216 817 luit
230 774 323 833 quurn
337 771 450 831 genere
464 765 494 816 ct
508 755 660 819 nobilitate
674 764 705 816 et
718 757 848 852 pecunia
861 773 923 817 non
934 758 1025 817 modo
1037 758 1085 818 sul

10 847 22 888 ἑ·
70 838 234 914 municipii,
257 856 364 899 varum
385 838 475 898 etiam
485 839 561 908 eius
583 839 746 900 vicinitatis
767 839 855 899 facile
881 837 996 913 primus
1022 846 1085 899 turn

10 931 27 1005 ξι
73 921 157 997 gralia
172 926 264 998 atqu'e
275 921 417 996 hospitiis
432 921 545 984 florens
560 922 713 982 hominurn
728 921 995 982 nobilissimorum.
1009 921 1085 980 llam

10 1013 26 1052 t
75 1020 132 1065 cum
144 1004 290 1078 Metellis,
312 1003 461 1074 Seruiliis,
484 1004 679 1078 Scipionibus
700 1012 764 1065 erat
783 1004 812 1064 ei
833 1022 894 1066 non
914 1004 1007 1064 modo
1029 1003 1084 1063 ho·

10 1094 25 1136 a
76 1088 200 1162 spitium,
213 1097 320 1148 verum
336 1086 425 1148 etiarn
439 1086 625 1149 domesticus
639 1105 714 1149 usus
729 1096 759 1148 et
774 1089 980 1150 cousuetudo:
997 1101 1083 1161 quas,
1127 1114 1131 1123 ,

10 1188 23 1209 r
75 1178 106 1230 ut·
116 1186 246 1246 aequum
269 1178 330 1243 est,
358 1168 487 1230 familias
510 1170 678 1232 honestatis
699 1171 966 1246 amplitudinisque
989 1168 1085 1244 gratia

10 1263 21 1302 ι
75 1253 193 1314 nomino.
228 1255 335 1329 Itaque
356 1251 474 1313 ex‘suis
491 1254 631 1315 omnibus
649 1253 816 1315 commodis
834 1254 893 1315 hoc
909 1255 1008 1314 solum
1021 1251 1084 1312 filio

74 1336 196 1412 reliquit:
218 1352 287 1396 nam
309 1335 522 1413 patrimonium
537 1337 695 1397 domestici
710 1337 884 1413 praedones
902 1336 933 1396 vi
948 1344 1084 1410 ereptum

10 1441 19 1453 ·
75 1419 237 1492 possident,
262 1420 342 1479 fama
362 1427 391 1479 et
407 1418 469 1480 vita
489 1418 660 1480 innocentis
674 1422 712 1479 ab
729 1418 901 1494 hospitibus
916 1416 1084 1493 amicisque

10 1525 18 1536 ·
72 1502 195 1574 paternis
216 1502 396 1563 defenditur.
440 1500 489 1564 lo.
515 1501 571 1562 llic
593 1519 685 1578 quum
700 1504 931 1578 omnitempore
946 1500 1084 1561 nobilita·

10 1609 16 1619 ·
72 1582 102 1644 tis
115 1586 213 1645 fautor
226 1584 350 1658 fuisset,
369 1593 433 1644 tum
446 1584 506 1644 hoc
522 1587 650 1645 tumultu
666 1585 821 1659 proximo,
845 1603 938 1661 quum
952 1581 1085 1645 omniurn

10 1695 16 1706 ·
70 1667 205 1728 nobilium
225 1667 357 1741 dignitas
372 1675 401 1725 et
416 1668 499 1725 salus
512 1665 543 1723 in
558 1667 719 1725 discrimen
733 1666 864 1741 veniret,
883 1675 1004 1742 praeter
1017 1681 1085 1725 cae-

10 1761 16 1803 t
70 1756 142 1811 ieros
157 1749 189 1809 iu
204 1764 241 1808 ea
255 1746 407 1807 vicinitate
423 1761 490 1805 earn
506 1753 623 1820 partem
638 1763 823 1821 causamque
842 1764 952 1823 opera,
974 1747 1085 1818 studio,

10 1846 15 1885 t
68 1830 242 1895 morantate
263 1828 407 1889 defendit.
435 1828 552 1889 Etenim
572 1837 687 1888 rectum
702 1830 827 1904 putabat
841 1845 897 1903 pro
913 1844 1018 1889 eorum
1031 1827 1085 1888 ho-

10 1930 12 1957 *
67 1921 181 1979 testate
202 1929 236 1973 se
255 1926 408 1988 pugnare,
427 1919 554 1986 propter
571 1928 650 1986 quos
672 1911 741 1987 ipse
760 1910 994 1972 honestissimus
1008 1909 1085 1971 iuter

66 2014 136 2061 tuos
156 1995 382 2055 numerabatur.
430 1993 779 2070 Posteaquamvictoria
799 1994 962 2056 constituta
981 2002 1029 2054 est
1045 1994 1084 2053 ab

64 2081 215 2155 armisque
234 2076 434 2151 recessimus
457 2094 549 2153 quum
563 2079 825 2153 proscriberentur
840 2076 978 2139 homines
993 2084 1085 2152 atque

64 2180 98 2225 cx
119 2161 202 2225 omni
222 2160 347 2236 regione
367 2170 546 2235 caperentur
568 2161 604 2235 ii,
630 2162 682 2237 qui
698 2160 865 2223 adversarii
887 2162 984 2222 fuisse
997 2168 1084 2236 puta-

63 2248 183 2319 bantur,
203 2252 266 2305 erat
280 2243 331 2302 llle
345 2245 459 2305 Rornae
474 2245 634 2319 frequens,
658 2244 688 2304 in
706 2242 772 2306 foro
789 2253 819 2305 et
835 2244 865 2304 in
881 2261 934 2305 orc
952 2244 1084 2305 omnium

62 2328 174 2392 cotidie
189 2327 381 2398 versabatur,
395 2325 492 2400 magis
507 2337 540 2388 ιιι
554 2329 707 2388 exsultare
721 2326 847 2389 victoria
861 2327 1026 2389 nobilitatis
1041 2325 1084 2383 vi·
1121 2328 1129 2344 ⁰

61 2414 183 2474 deretur
198 2426 289 2505 quam
302 2407 407 2469 timere
422 2409 547 2481 nequid
561 2426 599 2469 ex
613 2427 650 2470 ea
665 2410 841 2473 calamitatis
853 2410 912 2471 sibi
923 2408 1085 2469 accideret

61 2494 109 2559 17.
130 2495 225 2554 Erant
244 2492 273 2552 ei
286 2500 406 2552 veteres
420 2490 593 2552 inimicitiae
610 2509 678 2553 cum
694 2494 814 2555 duobus
828 2491 951 2553 Rosciis
966 2486 1083 2548 Amari-

60 2580 123 2657 uis,
142 2592 272 2653 quorum
287 2575 413 2635 alterum
425 2574 556 2634 sedere
548 2590 579 2632 ιιι
594 2585 805 2638 accusatorum
820 2572 973 2636 subselliis
983 2570 1084 2644 video,

60 2664 189 2723 alterum
205 2658 262 2720 tria
281 2657 410 2717 huiusce
430 2654 556 2752 praedia
577 2658 738 2732 possidere
760 2656 869 2718 audio·
897 2671 973 2729 quas
988 2650 1084 2713 inimi-

60 2744 146 2806 citias
169 2741 196 2802 si
210 2750 271 2802 tam
289 2756 397 2801 cavere
412 2739 577 2834 potuisset,
593 2757 682 2836 quam
699 2750 833 2800 metuere
850 2737 980 2811 solebat,
1000 2736 1084 2797 vive-

60 2837 112 2888 ret.
139 2826 249 2901 Neque
269 2823 362 2897 enim,
384 2822 517 2893 iudiceS,
537 2822 646 2882 iniuria
661 2823 827 2884 metuebat
858 2820 932 2881 Nam
952 2822 1013 2882 duo
1033 2819 1085 2881 isti

62 2909 180 2973 eunti
196 2904 318 2980 Roscii,
340 2922 468 2981 quorum
488 2905 574 2965 alteri
589 2904 726 2980 Capitoni
743 2919 912 2979 cognomen
933 2911 994 2978 est,
1015 2902 1082 2974 iste,

63 3012 112 3071 qui
102 2992 231 3063 adest,
245 2988 374 3064 Magnus
390 2997 530 3061 vocatur,
545 2987 684 3048 homines
701 2986 767 3048 eius
782 2985 879 3047 modi:
872 2989 969 3050 ·alter
990 2985 1083 3064 pluri-

61 3091 176 3137 marum
189 3073 357 3150 palmarum
370 3079 458 3132 vetus
471 3088 507 3131 ac
522 3070 632 3132 nobilis
645 3068 793 3145 gladiator
806 3070 945 3143 liabetur,
964 3071 1015 3130 hic
1030 3086 1082 3128 au·

61 3166 118 3220 ιιιιι
128 3172 229 3234 nuper
241 3171 275 3215 se
286 3154 326 3215 ad
341 3171 410 3215 eum
427 3152 565 3214 lanistam
583 3153 723 3214 contulit:
748 3152 798 3229 qui
813 3173 905 3230 quum
920 3163 971 3214 ant
972 3170 989 3212 e
959 3152 1084 3213 thano

61 3257 194 3318 pugnam
208 3238 265 3299 tiro
279 3246 377 3312 esset,
394 3238 476 3312 quod
490 3236 819 3312 scian1,facilerpsum
830 3237 1005 3312 magistmm
1018 3248 1086 3292 sce-

61 3324 120 3387 lere
136 3320 329 3397 audaciaque
343 3318 506 3396 superavit.
526 3321 591 3378 Vll.
606 3314 656 3383 18
677 3320 751 3381 llam
768 3337 863 3398 quum
873 3319 926 3379 liic
938 3316 1017 3377 Seu
1025 3316 1092 3374 icu-
