2340 3788
252 180 263 205 κ
371 152 565 227 cieo-a
585 169 758 232 sia-ra.
1033 167 1095 233 12⁹

53 323 215 399 pressus?
242 314 335 389 Quid,
359 316 443 391 quod
462 315 596 375 adventu
611 323 663 375 tuo
684 312 744 376 ista
757 316 903 379 subsellia
916 319 1095 380 vacuefacta

57 409 150 476 aunt,
165 399 249 476 qnod
263 414 371 463 omnes
386 399 580 468 consuleres,
602 395 656 472 qui
674 397 728 457 libi
747 414 898 476 persaepe
913 403 952 462 ad
967 404 1094 463 caedem

59 480 219 548 constituti
234 481 368 559 fuerunt,
385 480 473 541 simul
490 487 582 554 atque
602 477 765 554 adsedisti,
780 490 896 556 partem
916 484 1007 547 istam
1021 487 1093 547 sub·

59 567 218 630 selliorum
225 565 338 625 nudam
349 571 441 639 atque
449 564 570 624 inanem
580 562 776 636 reliquerunt,
790 582 850 638 quo
862 567 1093 647 tandemanimo
1122 602 1126 610 =

59 652 115 715 tini
130 648 290 709 ferendum
305 654 417 723 putas‘i
436 645 485 709 17.
502 645 588 705 Servi
606 646 778 706 mehercule
793 647 853 707 mei
867 648 894 708 si
907 651 1026 712 meista
1040 668 1093 728 pe-

60 741 111 795 cto
126 738 305 804 metuerent,
319 738 352 791 ut
367 736 397 790 te
413 736 549 790 metuunt
566 745 673 789 omnes
689 728 773 790 cives
786 729 844 802 tui,
859 730 981 793 domum
995 750 1094 797 meam

59 815 293 890 relinquendam
303 821 456 888 putarem:
469 821 502 873 tu
512 810 566 872 tibi
577 812 682 872 urbem
690 829 750 873 non
764 811 942 873 arbitraris?
954 823 993 887 et,
1008 815 1035 875 si
1046 832 1093 877 me

60 897 140 961 meis
155 896 275 957 civibus
291 895 400 956 iniuria
415 902 592 968 suspectum
609 903 669 956 tarn
687 898 819 970 graviter
834 904 927 971 atque
943 896 1095 959 offensum

60 983 214 1053 viderem,
235 994 340 1039 carere
355 995 403 1038 nie
420 986 547 1053 aspectu
562 977 688 1051 civium,
711 995 802 1054 quarn
823 977 943 1040 infestis
961 982 1094 1043 omnium

61 1060 317 1136 oeulisconspiei
333 1062 525 1133 mallemztu,
543 1078 637 1136 quum
653 1061 840 1123 conscientia
862 1064 1012 1123 scelerum
1028 1071 1093 1124 tuo·

59 1164 127 1210 rum
144 1160 296 1220 agnoscas
312 1143 415 1204 odium
427 1142 559 1205 omnium
574 1143 685 1205 iustum
697 1154 727 1206 et
736 1146 796 1206 iam
812 1145 864 1206 diu
880 1144 935 1204 tibi
950 1144 1094 1220 debitum,

61 1230 202 1302 dubitas,
224 1243 352 1303 quorum
371 1236 488 1289 mentes
509 1243 683 1303 sensusque
696 1230 858 1303 vulneras,
880 1244 987 1289 eorum
1003 1244 1093 1305 aspe-

60 1323 144 1376 ctum
159 1313 423 1387 praesentiamque
438 1311 556 1372 vitaret
582 1310 615 1371 Si
635 1320 665 1372 te
683 1320 825 1387 parentes
842 1311 983 1373 timerent
1001 1321 1094 1388 atque

61 1397 203 1459 odissent
217 1395 259 1455 tui
270 1410 370 1470 neque
385 1411 440 1455 eos
452 1396 513 1455 ulla
523 1393 640 1455 ratione
657 1396 779 1470 placare
791 1412 914 1471 posses,
931 1404 964 1457 ut
975 1395 1093 1471 opinor,

60 1482 100 1541 ab
121 1494 229 1539 eorum
245 1476 341 1539 oculis
364 1479 468 1554 aliquo
489 1479 692 1539 concederes:
720 1495 800 1540 nunc
819 1486 849 1540 te
870 1478 982 1555 patria,
1014 1494 1094 1555 quae

61 1560 235 1625 communis
249 1570 297 1623 est
308 1578 418 1636 parens
431 1561 565 1623 omnium
577 1570 722 1633 nostrum,
742 1559 806 1624 odit
820 1578 856 1623 ac
868 1562 975 1624 metuit
988 1570 1018 1623 et
1033 1561 1094 1625 iam

60 1645 114 1708 diu
128 1653 160 1707 te
176 1643 250 1705 nihil
263 1644 377 1705 iudicat
391 1643 449 1704 oisi
465 1645 505 1703 de
525 1642 688 1717 parricidio
710 1661 766 1705 suo
782 1645 932 1720 cogitare=
953 1644 1044 1706 huius
1061 1654 1093 1708 tu

60 1743 165 1804 neque
182 1727 391 1788 auctoritatem
404 1725 552 1785 verebere
566 1742 623 1785 nec
644 1726 789 1787 iudicium
804 1743 935 1802 sequere
958 1743 1016 1788 nec
1031 1728 1093 1788 vim

59 1811 285 1888 pertimesces?
327 1805 376 1870 le.
391 1807 475 1880 Quae
491 1815 606 1877 tecum,
621 1807 760 1882 Catilina,
775 1810 820 1867 sic
834 1809 896 1883 agit
913 1816 943 1868 et
961 1811 1094 1884 quodam

58 1891 155 1957 niodo
173 1891 262 1964 tacita
276 1889 422 1964 loquitur:
449 1888 568 1947 Nullum
583 1887 642 1946 iarn
661 1888 778 1964 aliquot
797 1891 885 1950 annis
905 1889 1025 1950 lacinus
1041 1907 1093 1951 ex-

60 1977 138 2041 stitit
152 1971 213 2032 nisi
229 1987 284 2047 per
299 1980 344 2044 te,
359 1972 472 2031 nullum
487 1969 633 2044 flagitium
650 1969 716 2031 sine
730 1978 760 2032 te
768 1995 785 2027 ι·
795 1971 848 2032 tibi
863 1971 916 2032 uni
933 1973 1094 2034 multorum

57 2060 175 2123 civium
190 2070 292 2129 neces,
309 2054 362 2116 tibi
373 2053 494 2115 vexatio
508 2054 701 2130 direptioque
713 2054 867 2117 sociorum
881 2054 1029 2131 impunita
1039 2055 1094 2118 fuit

56 2160 95 2205 ac
112 2143 228 2202 liberat
243 2147 276 2199 tu
289 2156 349 2200 non
365 2141 463 2200 solum
476 2139 514 2198 ad
528 2137 727 2215 negligendas
743 2141 827 2214 leges
841 2147 872 2201 et
886 2142 1092 2214 quaestiones,

56 2241 168 2288 verum
189 2221 279 2284 etiam
300 2223 340 2285 ad
361 2223 542 2283 evertendas
559 2224 856 2299 perfringendasque
870 2223 1002 2286 valuisti.
1035 2224 1092 2285 Su·

56 2308 185 2387 periore
194 2305 254 2379 illa,
271 2307 591 2383 quamquamierenda
604 2323 666 2367 non
679 2308 809 2380 fuerunt,
824 2316 933 2382 tamen,
948 2315 982 2369 ut
995 2306 1090 2384 potui,

55 2391 130 2454 tuli:
144 2405 226 2449 nune
238 2406 310 2451 vero
322 2405 371 2450 rne
383 2397 475 2451 totam
487 2388 599 2450 esseio
614 2399 696 2451 metu
710 2398 875 2467 propterte
886 2407 989 2465 unum,
1005 2391 1092 2467 quid-

57 2475 136 2551 quid
157 2472 353 2547 increpuerit,
379 2472 533 2533 Catilinam
547 2471 659 2547 dmeri,
682 2476 794 2535 nullum
812 2474 908 2535 videri
924 2483 1030 2536 contra
1043 2490 1090 2533 me

55 2555 222 2621 consilium
238 2555 305 2615 iniri
320 2572 415 2631 posse
431 2557 513 2630 quod
528 2572 547 2615 a
563 2563 614 2617 tuo
630 2559 746 2619 scelere
761 2558 937 2631 abhorreat,
961 2573 1022 2616 non
1046 2563 1091 2615 esi

57 2639 228 2701 ferendum.
264 2639 492 2713 Quamobrem
508 2639 634 2699 discede
656 2650 748 2716 atque
766 2642 847 2702 huno
865 2640 937 2700 mihi
954 2638 1090 2699 timorem

57 2723 162 2797 eripe:
179 2721 207 2782 si
224 2731 272 2784 est
286 2738 388 2794 verus,
404 2738 443 2782 ne
458 2721 628 2796 opprimar,
650 2724 698 2784 sin
714 2726 826 2797 falsus,
854 2732 888 2783 ut
901 2721 1025 2782 tandem
1039 2720 1091 2780 ali·

57 2805 186 2881 qnando
202 2803 307 2866 timere
323 2805 470 2867 desinam.
501 2805 579 2864 Vlll.
606 2803 655 2866 19.
680 2809 764 2868 Haec
780 2808 807 2868 si
825 2815 943 2876 tecum,
972 2811 1005 2864 ut
1020 2802 1091 2876 dixi,

59 2887 159 2964 patria
172 2889 328 2963 loquatur,
346 2904 447 2948 nonne
462 2889 625 2964 impetrare
638 2890 763 2961 debeat,
786 2887 876 2950 etiam
891 2887 917 2948 si
933 2884 994 2947 vim
1007 2886 1089 2948 adhi-

57 2972 133 3033 bere
148 2988 208 3032 non
227 2973 345 3047 possita
387 2970 480 3046 Quid,
502 2972 584 3048 quod
600 2981 632 3033 tu
648 2978 677 3032 te
695 2971 808 3047 ipsein
824 2971 993 3033 custodiam
1007 2972 1090 3033 dedi·

57 3055 122 3116 stit
142 3056 225 3128 quod
240 3055 381 3116 vitandae
396 3055 582 3130 suspicionis
598 3071 706 3127 causa,
727 3056 810 3131 apud
824 3055 874 3114 Μ’.
898 3055 1047 3131 Lepidum
1062 3064 1092 3118 te

56 3136 197 3198 habitare
214 3140 293 3200 velle
306 3137 431 3198 dixisti?
462 3156 556 3212 aquo
572 3156 632 3199 non
650 3148 793 3214 receptus
811 3140 902 3200 etiam
920 3140 1023 3201 adme
1039 3156 1089 3200 ve·

56 3221 125 3281 nire
139 3237 235 3282 ausus
257 3236 307 3297 es,
329 3232 422 3297 atque
442 3230 475 3282 ut
494 3221 575 3282 domi
596 3238 682 3282 meae
706 3230 736 3282 te
751 3224 946 3284 adservarem
965 3220 1092 3298 rogasti.

57 3304 157 3378 Quum
173 3322 192 3364 a
207 3320 255 3364 me
272 3321 396 3379 quoque
411 3304 442 3363 id
461 3321 645 3380 responsum
660 3304 801 3380 tulisses,
831 3323 879 3368 me
898 3308 980 3369 nullo
998 3305 1089 3364 modo

56 3403 157 3462 posse
170 3387 280 3448 iisdem
295 3386 462 3464 parietibus
477 3395 540 3450 tuto
562 3395 756 3464 essetecum,
774 3389 827 3468 qui
840 3406 950 3536 magno
966 3389 996 3450 in
1012 3385 1092 3462 peri·

116 3482 172 3526 crc.
191 3480 281 3526 onan.
