2340 3788
106 158 148 223 56
327 155 366 214 ur
386 154 416 214 c.
438 120 601 213 vanarn
619 154 751 213 nonu.
771 154 910 215 marr.

107 307 253 369 strionum
270 304 447 364 aestimavit.
478 302 609 363 Tametsi
624 301 683 362 iam
698 303 812 364 dudum
828 320 886 379 ego
900 321 981 380 erro,
1003 306 1061 383 qui
1073 316 1129 370 tam

107 390 200 450 multa
220 389 260 447 de
279 385 338 447 tuis
356 386 559 461 emptionibus
575 385 668 446 verba
681 385 790 453 faciam
803 395 833 447 et
847 404 1007 461 quaeram
1034 399 1128 453 utrum

107 471 215 532 emeris
242 485 338 530 necne
363 477 393 530 et
418 487 478 545 quo
498 469 589 528 modo
612 476 642 528 et
663 468 766 542 quanti
780 469 904 531 emeris:
928 473 1015 548 quod
1035 475 1125 536 verbo

106 553 273 628 transigere
288 568 424 627 possum.
455 553 520 613 Ede
535 550 606 610 mihi
623 551 778 625 scriptum,
793 551 867 627 quid
883 555 1001 629 argenti
1015 554 1048 615 in
1063 574 1126 633 pro

107 636 207 698 vincia
223 634 324 697 Sicilia
337 634 470 712 pararis,
493 635 575 693 unde
591 633 726 709 quidque
740 643 792 695 aut
807 637 909 709 quanti
925 636 1049 698 emeris.
1080 638 1125 701 ab.

108 720 185 794 Quid
204 718 258 779 lita
283 733 465 796 quamquam
483 733 543 777 non
565 717 712 777 debebam
732 733 790 791 ego
811 718 867 781 abs
888 727 918 780 te
937 719 995 780 has
1014 721 1125 782 litterar

107 818 252 880 poscere=
268 819 315 862 me
327 802 409 865 enim
420 799 539 861 tabulas
553 808 621 859 tuas
636 800 748 860 habere
763 809 792 860 et
806 801 943 875 prolerre
959 805 1124 878 oportebat

108 889 221 946 Verum
238 900 332 958 negas
353 896 383 946 te
401 885 507 943 horum
525 898 672 942 annorum
693 882 809 957 aliquot
827 884 1010 945 coniecisse.
1046 886 1125 953 Com

107 986 190 1045 pone
214 968 288 1042 hoc,
313 968 396 1043 quod
420 966 558 1041 postulo,
581 967 618 1023 de
639 974 780 1041 argento:
809 967 848 1026 de
871 967 990 1041 reliquo
1013 967 1125 1049 videro.

104 1054 168 1127 ileo
183 1052 327 1125 scriptum
343 1049 440 1108 babeo
455 1064 512 1108 nec
527 1065 653 1122 possum
669 1051 768 1109 edere.
802 1048 880 1130 Quid
893 1051 1028 1111 futurum
1043 1051 1126 1127 igitur

108 1141 175 1197 esti
217 1131 307 1205 Quid,
332 1130 487 1191 existimas
512 1131 571 1191 hoc
595 1131 710 1192 iudices
735 1133 837 1192 lacere
863 1140 980 1208 posse?
1014 1134 1124 1195 Domus

107 1220 198 1293 plena
212 1215 365 1288 signorum
381 1213 651 1289 pulcherrimorum
665 1213 724 1281 iam
740 1224 810 1275 ante
830 1225 1018 1295 praeturame
1040 1220 1125 1278 multa

108 1300 148 1360 ad
167 1297 254 1357 villas
280 1304 347 1356 tuas
372 1297 488 1372 posita,
514 1299 607 1357 mulla
626 1297 766 1374 deposita
782 1300 866 1373 apud
889 1299 1019 1373 amcos,
1038 1303 1126 1361 multa

107 1379 174 1440 aliis
202 1380 272 1439 dala
290 1387 382 1454 atque
406 1381 530 1440 donata:
556 1381 676 1442 tabulae
696 1382 809 1441 nullum
831 1381 967 1443 indicant
985 1391 1124 1458 emplum·

108 1463 202 1523 Omne
215 1470 371 1536 argentum
388 1463 518 1523 ablatum
532 1479 572 1525 ex
586 1461 688 1524 Sicilia
708 1472 767 1525 esu
788 1463 861 1524 nihil
883 1465 1026 1539 cuiquam
1048 1465 1125 1542 quod

109 1562 197 1606 suurn
212 1542 272 1604 dici
286 1546 378 1606 vellet
392 1546 538 1606 relictum.
570 1546 703 1621 Fingitur
718 1547 856 1622 improba
869 1547 1025 1622 defensio,
1042 1565 1125 1625 prae

109 1637 206 1688 torem
221 1644 309 1689 omne
323 1627 356 1687 id
371 1636 525 1703 argentum
541 1629 711 1690 coemisse:
735 1639 834 1691 tamen
851 1631 882 1690 id
896 1629 999 1707 ipsum
1017 1630 1125 1692 tabulis

108 1711 307 1772 demonstrari
327 1728 387 1771 non
402 1720 512 1787 polest.
550 1712 596 1784 Si,
619 1729 696 1787 quas
724 1713 843 1773 tabulas
864 1715 998 1788 profers,
1023 1712 1056 1772 in
1081 1712 1127 1786 luis

109 1809 188 1876 quae
201 1794 296 1855 habes
319 1811 379 1869 quo
401 1796 491 1855 modo
512 1795 625 1856 habeas
642 1794 787 1870 scriptum
798 1813 860 1856 non
874 1804 936 1870 est,
952 1796 1063 1857 horum
1077 1813 1126 1856 au·

108 1885 167 1941 lem
182 1884 366 1953 temporum,
387 1895 479 1954 quum
496 1887 525 1939 te
538 1879 681 1954 plurimas
695 1896 745 1939 res
760 1878 872 1940 emisse
893 1878 985 1953 dicis,
1006 1879 1126 1939 tabulas

109 1960 230 2022 omnino
246 1964 343 2022 nullas
357 1962 493 2037 profers,
517 1979 617 2022 nonne
633 1972 663 2022 te
677 1971 708 2022 et
725 1961 851 2037 prolatis
871 1970 902 2022 et
921 1978 983 2022 non
1002 1960 1127 2038 prolatis

108 2043 218 2104 tabulis
236 2044 430 2105 condemnari
445 2059 574 2105 necesse
596 2052 663 2104 esti

190 2127 281 2186 XVII.
316 2124 365 2188 37.
406 2128 450 2188 Tu
472 2144 493 2187 a
514 2128 555 2187 Μ.
578 2126 694 2201 Caelio,
722 2125 824 2202 equite
848 2129 1004 2201 Romano,
1029 2127 1128 2187 lectis·

110 2207 185 2268 simo
216 2209 410 2270 adolescente
437 2226 515 2286 quae
545 2209 666 2269 voluisti
689 2209 824 2286 Lilybaei
846 2209 1010 2271 abstulisti:
1038 2217 1072 2270 tu
1097 2209 1127 2268 c.

110 2288 240 2361 Cacurii,
271 2292 402 2366 prompti
427 2290 558 2353 hominis
578 2301 608 2352 et
626 2290 808 2366 experientis
833 2303 862 2353 et
881 2294 910 2351 in
932 2292 1038 2368 primis
1064 2308 1127 2368 gra·

108 2371 193 2444 tiosi,
218 2374 436 2448 supellectilem
461 2391 580 2435 omnem
605 2376 724 2436 auferre
750 2392 811 2436 non
830 2375 988 2437 dubitasti:
1011 2382 1046 2435 tu
1068 2392 1128 2435 mu·

108 2455 220 2530 ximam
235 2463 264 2514 et
283 2457 515 2530 pulcherrimam
535 2456 670 2527 mensam
688 2458 810 2519 citream
830 2475 848 2517 a
866 2459 899 2532 Q.
919 2456 1039 2518 Lutatio
1059 2458 1128 2519 Dio-

110 2541 200 2612 doro,
220 2538 271 2612 qui
286 2539 319 2612 Q.
338 2539 432 2605 Catuli
448 2539 595 2601 beneficio
619 2543 657 2601 ab
672 2540 705 2600 L.
723 2541 807 2601 Sulla
821 2541 897 2601 civis
910 2542 1069 2602 Romanus
1088 2543 1129 2601 ia·

111 2631 176 2684 ctus
198 2629 259 2696 est,
279 2622 418 2682 omnibus
440 2623 621 2698 scientibus,
642 2623 778 2701 Lilybaei
798 2623 958 2684 abstulisti.
987 2625 1055 2683 Non
1078 2621 1131 2685 tibi

110 2707 234 2778 obiicio,
251 2707 334 2780 quod
349 2705 501 2766 hominem
520 2706 729 2782 dignissimum
750 2708 809 2767 tuis
832 2708 983 2779 moribus,
1004 2708 1130 2793 Apollo·

111 2789 207 2861 nium,
228 2789 352 2850 Niconis
368 2789 478 2862 lilium,
500 2790 750 2865 Drepanitanum,
781 2789 832 2863 qui
854 2805 934 2849 nunc
949 2791 987 2849 Α.
1006 2789 1131 2849 Clodius

109 2880 249 2946 vocatur,
265 2872 346 2932 omni
364 2880 488 2948 argento
508 2875 620 2949 optime
635 2875 713 2933 lacto
730 2872 868 2947 spoliasti
880 2888 916 2932 ac
931 2873 1132 2945 depeculatus

111 2969 154 3012 es.
186 2953 295 3015 Taceo.
325 2958 392 3018 Non
410 2958 489 3016 enim
502 2965 588 3032 putat
601 2955 651 3016 ille
673 2954 731 3016 sibi
753 2954 891 3015 iniuriam
914 2956 1039 3026 laetam,
1062 2970 1131 3028 prc-

110 3042 215 3110 pterea
229 3039 313 3109 quod
326 3039 439 3100 homini
454 3039 513 3099 iarn
528 3040 646 3114 perdito
663 3047 693 3098 et
710 3039 819 3098 collum
838 3037 869 3096 in
892 3040 1033 3112 laqueum
1050 3035 1131 3097 inse-

110 3115 187 3177 renti
215 3118 396 3198 subvenisti,
420 3138 512 3198 quum
542 3118 666 3198 pupillis
693 3120 903 3195 Drepanitanis
932 3121 1015 3180 bona
1036 3121 1136 3195 patria

111 3206 216 3273 erepta
240 3215 307 3258 cum
331 3203 382 3263 illo
405 3207 532 3279 partitus
552 3221 596 3265 es.
635 3204 759 3264 Gaudeo
774 3204 880 3279 etiam,
901 3202 928 3262 si
948 3202 1022 3278 quid
1038 3203 1079 3263 ab
1097 3216 1135 3264 eo

111 3281 275 3355 abstulisti,
297 3292 327 3343 et
346 3285 401 3344 abs
423 3296 453 3347 te
467 3286 540 3347 nihil
554 3287 667 3347 rectius
682 3288 793 3347 lactum
804 3304 874 3347 esse
896 3286 976 3346 dico.
1008 3286 1060 3346 Ab
1073 3285 1135 3362 Ly·

112 3383 187 3429 sone
203 3381 276 3427 vero
291 3364 498 3444 Lilybaetano,
512 3369 612 3444 primo
626 3370 762 3442 homine,
785 3370 867 3445 apud
883 3385 972 3444 quem
988 3369 1133 3428 deversa·
