2340 3788
354 373 398 457 ll.
426 375 563 457 TULLll
589 375 798 459 GlGllllllNlS

76 426 89 609 ,9
129 502 205 633 ψιΝ
235 502 279 597 n.
310 501 572 596 curruum
601 500 782 596 aalma
811 494 1000 606 rauna·

355 647 504 729 lllllllll
529 648 581 728 ll)
607 646 809 735 lordum.
945 656 949 662 ’

391 918 762 988 ARGUMENTUM.

126 1057 264 1121 Aliquanto
282 1064 341 1123 post
358 1070 434 1118 quam
450 1055 514 1106 haec
536 1063 608 1122 gesta
625 1063 706 1118 erant,
723 1071 800 1120 quum
817 1055 894 1122 legati
911 1053 1088 1121 Allobrogum,

58 1127 104 1189 qni
120 1141 137 1175 a
151 1125 260 1176 Lentulo
277 1126 392 1191 temptati
409 1125 443 1177 M.
464 1123 582 1176 (iicerone
605 1133 706 1176 auctore
722 1124 808 1176 iuvere
825 1141 853 1177 ae
872 1124 1039 1177 coniurationi
1055 1124 1089 1175 ri·

56 1193 225 1256 maluerant,
244 1201 363 1245 exeuntes
379 1209 410 1244 ex
427 1193 491 1243 urbe
505 1209 563 1244 cum
572 1194 602 1247 T.
614 1194 755 1256 Vulturoio,
773 1195 817 1258 qui
835 1201 888 1246 erat
904 1207 919 1242 a
933 1191 1038 1243 Lentulo
1056 1194 1089 1243 ad

58 1261 195 1315 Catilinam
210 1264 320 1323 missus,
342 1263 369 1312 in
383 1268 459 1328 ponte
474 1260 569 1314 Mulvio
583 1270 655 1313 nocte
673 1263 849 1328 comprehensi
863 1268 960 1321 essent,
978 1260 1088 1311 litterae-

57 1344 118 1393 que,
136 1345 201 1395 quae
219 1333 250 1383 ab
268 1330 383 1394 Lentulo,
404 1330 523 1396 Cethego,
541 1334 569 1385 P.
591 1330 696 1382 Gabinio
712 1330 811 1383 (imbro
827 1333 860 1383 ad
875 1329 1007 1384 catilinam
1022 1329 1087 1380 lere·

57 1400 168 1460 bantur,
184 1397 302 1451 (lineroni
318 1402 438 1461 traditae,
454 1399 477 1448 is
495 1400 622 1451 arcessitis
640 1396 821 1451 coniurationia
836 1401 996 1467 principibus
1013 1412 1086 1448 aena·

35 1474 114 1517 tum
130 1469 159 1517 in
175 1469 265 1519 aedem
283 1468 439 1520 Concordiae
458 1471 542 1534 coegit
559 1469 601 1523 III.
629 1469 693 1520 Non.
712 1469 871 1521 Decembres.
900 1470 938 1519 lbi
957 1482 1035 1532 quum
1051 1467 1087 1517 le·

57 1538 114 1600 qati
129 1543 155 1586 et
170 1536 317 1589 Volturcius
335 1553 436 1588 omnem
449 1550 503 1585 rem
522 1538 692 1597 indicassent,
709 1538 833 1588 coniurati
848 1538 939 1589 litteris
957 1538 1011 1586 auis
1028 1550 1087 1586 cou-

61 1604 125 1653 victi
145 1605 170 1654 in
186 1607 329 1657 custodiam
347 1607 401 1656 dati
422 1611 493 1663 sunt,
514 1604 629 1655 Ciceroni
652 1613 736 1654 autem
754 1608 850 1670 gratiae
871 1621 886 1656 a
906 1612 996 1656 senatu
1018 1611 1087 1654 actae

57 1671 261 1738 supplicatioque
271 1675 382 1727 decreta.
399 1671 496 1731 Quibus
509 1673 584 1722 rebus
598 1673 707 1736 peractis
714 1671 801 1723 Cicero
811 1677 837 1723 in
849 1675 991 1724 contionem
1003 1671 1087 1737 prodi·

59 1741 81 1788 it
97 1749 122 1790 et
134 1742 232 1806 populo
247 1757 312 1804 qnae
325 1747 383 1790 acta
403 1745 488 1788 essent
496 1741 613 1804 exposuit
623 1739 679 1799 hac,
695 1755 760 1802 quae
774 1741 841 1791 infra
853 1742 947 1806 legitur
966 1741 1086 1790 oratione.

142 1864 165 1923 l.
188 1862 216 1923 1.
241 1827 327 1922 Rem
348 1862 514 1936 publicam,
535 1862 678 1938 Quirites,
702 1863 857 1939 vitamque
883 1863 1016 1924 omnium
1036 1881 1088 1924 ve-

57 1958 166 2018 strum,
181 1945 272 2018 bona,
285 1946 431 2017 fortunas,
447 1945 594 2021 coniuges
606 1946 783 2021 liberosque
793 1955 914 2006 vestros
927 1952 1019 2020 atque
1029 1946 1089 2007 hoc

56 2027 247 2095 domicilium
255 2028 416 2090 clarissimi
422 2028 550 2104 imperii,
563 2029 831 2091 fortunatissimam
841 2028 1087 2105 pulcherrimam·

57 2132 118 2191 quc
141 2113 248 2174 urbem
260 2111 417 2172 ,hodierno
435 2113 484 2172 die
504 2114 631 2175 deorum
647 2112 859 2175 immortalium
877 2128 996 2175 summo
1015 2128 1088 2189 erga

57 2215 115 2259 vos
127 2212 245 2268 amore,
268 2196 441 2271 laboribus,
456 2197 609 2270 consiliio,
625 2196 770 2274 periculis
785 2195 862 2258 meis
876 2213 894 2259 e
908 2195 1030 2265 flamma
1043 2205 1086 2259 at-

58 2298 118 2356 que
141 2282 223 2340 ierro
246 2294 282 2339 ac
303 2296 402 2355 paene
426 2296 465 2340 ex
480 2281 619 2342 faucibus
642 2282 694 2342 fati
710 2289 844 2357 ereptam
863 2290 894 2342 et
908 2280 998 2343 vobis
1014 2297 1086 2341 cou-

57 2371 212 2425 servatam
226 2380 263 2423 ac
277 2363 445 2425 restitutam
459 2363 580 2434 videtis.
601 2364 631 2422 2.
653 2365 690 2425 Et
705 2364 732 2425 si
748 2382 809 2426 non
823 2365 923 2430 minus
937 2365 1026 2427 nobis
1042 2365 1085 2424 iu·

56 2445 257 2527 cundiatque
269 2447 402 2507 illustres
414 2447 515 2507 suntii
527 2448 609 2519 dies,
628 2448 738 2523 quibus
750 2464 980 2522 conservamur,
997 2460 1096 2523 quara·

56 2529 110 2604 illi,
130 2529 241 2604 quibus
256 2528 418 2602 nascimur,
436 2531 520 2605 quod
534 2530 640 2591 salutis
653 2540 735 2592 certa
748 2530 859 2594 laetitia
869 2540 926 2606 est,
942 2528 1088 2591 nascendi

55 2613 174 2674 inceru
184 2612 326 2675 condicio
342 2621 372 2673 et
383 2613 467 2688 quod
483 2613 549 2673 sine
563 2630 657 2674 sensu
672 2614 833 2689 nascimur,
851 2624 921 2676 cum
934 2615 1088 2686 voluptate

56 2711 234 2771 servamur,
247 2697 401 2772 proiecto,
419 2695 563 2771 quoniam
577 2696 673 2769 illum,
696 2697 748 2773 qui
769 2698 847 2760 hanc
861 2699 967 2758 urbem
983 2693 1087 2754 condi·

56 2781 111 2853 dit,
122 2779 163 2839 ad
170 2781 248 2840 deos
259 2778 443 2841 immortales
451 2780 663 2840 benevolentia
669 2781 810 2856 famaque
817 2779 1004 2849 sustulimus,
1017 2792 1088 2838 esse

57 2863 144 2937 apud
158 2879 217 2924 vos
229 2872 436 2938 posterosque
448 2871 567 2925 vestros
576 2863 609 2922 in
622 2864 737 2924 honore
753 2863 876 2925 debebit
889 2862 926 2936 is,
941 2859 993 2937 qui
1006 2876 1087 2921 eam-

57 2947 129 3007 dem
140 2947 334 3007 hancurbem
349 2947 501 3008 conditam
508 2947 782 3021 amplificatamque
790 2945 932 3006 servavit.
948 2945 1021 3005 Nam
1034 2943 1087 3005 ioli

56 3029 142 3101 urbi,
171 3030 294 3106 templis
309 3031 458 3102 delubris,
485 3030 572 3091 tectis
587 3047 623 3090 ac
642 3029 801 3090 moenibus
817 3028 972 3090 subiectos
988 3044 1086 3104 prope

56 3114 118 3173 iam
135 3112 223 3187 ignes
239 3113 504 3189 circumdatosque
520 3113 733 3185 restinximus,
754 3112 906 3188 iidemque
922 3111 1040 3188 gladios
1055 3111 1085 3170 in

56 3212 123 3255 rem
147 3196 297 3271 publicam
315 3196 478 3258 destrictos
498 3197 679 3258 rettudimus
700 3212 923 3273 mucronesque
945 3209 1086 3258 eoruma

57 3278 173 3353 iugulis
185 3280 296 3341 vestris
314 3279 491 3342 deiecimus.
536 3279 565 3340 3.
585 3280 667 3353 Quae
683 3281 826 3355 quoniam
846 3280 876 3340 in
897 3289 1006 3342 senatu
1019 3277 1085 3336 illu-

57 3369 165 3436 strata,
179 3364 338 3439 patefacta,
354 3373 510 3440 comperta
523 3371 594 3425 sunt
607 3380 663 3439 per
677 3381 739 3438 me,
753 3363 919 3506 vobisligm
934 3373 1086 3437 exponam

112 3459 168 3501 crc.
186 3458 275 3503 orm„
919 3469 924 3482 ·
