2340 3788
72 215 117 283 Μ
295 212 333 271 ΙΝ
354 213 385 271 0.
402 210 566 271 VERREM
585 210 669 271 ACT.
690 208 889 270 ll.L1B.lv.

76 369 122 426 las
137 362 325 424 revertebam
350 359 403 421 ubi
426 376 494 422 cum
512 360 664 435 equitibus
684 356 845 433 Romanis,
869 356 1049 421 homiuibus
1067 376 1102 421 ex

76 448 127 508 illo
142 453 294 507 conventu
310 442 549 515 honestissimis,
570 441 651 503 illius
665 441 839 514 Verrucios,
853 442 895 502 de
908 440 1026 521 quibus
1039 453 1101 504 arto

76 529 151 603 dlxi,
165 524 370 602 explicabani=
392 542 411 586 a
425 524 629 604 Syracusanis
642 526 769 600 prors‘us
784 524 859 584 nihil
873 524 1043 586 adiumenti
1055 540 1101 586 nc·

79 628 139 688 que
161 609 281 686 publice
301 624 403 686 neque
428 607 569 684 privatim
596 608 828 683 exspectabam:
856 606 960 684 neque
988 609 1101 689 eratin

76 694 176 755 animo
191 695 356 769 postulare.
390 692 487 765 Quum
506 690 582 751 haee
596 706 733 767 agerem,
746 698 873 765 repente
893 691 935 751 ad
954 706 1005 751 me
1025 694 1102 751 veuit

76 777 249 849 Heraclius,
266 777 294 835 is
310 775 439 852 quitum
453 772 659 848 magistratum
674 772 838 850 Syracusis
851 774 992 847 habebut,
1014 773 1100 835 homo

77 859 204 934 nobilis,
225 859 277 934 qui
292 857 438 919 sacerdos
454 857 536 917 Iovis
552 856 674 930 fuisset,
691 855 743 930 qui
759 854 859 916 honos
879 865 927 916 est
947 858 1032 931 apud
1049 856 1100 934 Sy·

76 960 244 1005 racusanus
256 940 471 1016 amplissimus.
486 938 557 1013 Agit
563 955 681 1000 mecum
696 947 726 999 et
740 953 808 999 cum
814 939 847 998 L.
863 940 957 999 fratre
969 955 1052 1014 meo,
1064 947 1101 1011 ut

77 1027 105 1086 si
119 1026 208 1088 nobis
225 1025 395 1096 videretur,
416 1022 568 1083 adiremus
583 1022 622 1081 ad
639 1038 744 1083 eorum
760 1031 913 1083 senatum=
929 1023 1101 1097 trequentes

77 1126 148 1171 esse
163 1109 193 1169 in
208 1107 310 1168 curia:
327 1123 362 1166 se
376 1106 463 1166 iussu
477 1113 602 1166 senatus
616 1122 634 1165 a
648 1104 737 1164 nobis
748 1113 862 1181 petere,
875 1113 909 1166 ut
918 1105 1101 1167 veniremus

78 1192 148 1254 138.
179 1189 278 1250 Primo
301 1189 390 1249 nobis
412 1189 468 1249 suit
481 1189 605 1249 dubium
618 1188 692 1264 quid
712 1202 890 1262 ageremus=
911 1187 1029 1250 deinde
1047 1188 1101 1250 cite

79 1272 207 1334 venitin
223 1280 353 1332 mentem
367 1288 429 1331 non
444 1288 516 1332 esse
532 1270 692 1332 vitandum
706 1270 790 1331 illum
811 1270 901 1332 nobis
920 1280 1102 1333 conventum

77 1365 108 1416 et
122 1358 231 1416 locum.
252 1354 339 1413 LXll.
366 1355 471 1428 Itaque
485 1353 516 1413 in
534 1354 647 1414 curiam
663 1353 809 1414 venimus.
837 1353 1017 1415 Honoridce
1031 1370 1103 1416 sane

78 1439 284 1513 consurgitur:
311 1452 369 1496 nos
389 1446 497 1510 rogatu
516 1436 710 1511 magistratus
732 1437 917 1499 adsedimus.
950 1436 1059 1514 Incipit
1078 1436 1103 1497 is

78 1520 177 1596 loqui',
192 1519 244 1595 qui
259 1527 289 1579 et
302 1518 480 1579 auctoritate
495 1528 526 1580 et
538 1527 635 1580 aetate
650 1529 693 1592 et,
712 1527 745 1580 ut
763 1519 835 1582 mihi
852 1520 953 1582 visum
967 1528 1029 1594 est',
1046 1536 1103 1581 usu

77 1618 178 1664 rerum
189 1602 401 1674 antecedebat,
415 1601 568 1663 Diodorus
582 1602 776 1664 Timarchidi=
791 1604 878 1664 cuius
894 1602 994 1664 omnis
1009 1602 1102 1665 oratio

77 1687 156 1746 hanc
170 1685 275 1746 habuit
289 1684 386 1761 primo
405 1685 598 1746 sententiam=
618 1694 756 1746 sanatum
772 1695 802 1747 et
814 1688 963 1762 populum
973 1685 1103 1765 Syracu·

79 1786 186 1831 sanum
202 1770 330 1828 moleste
345 1767 537 1843 graviterque
555 1770 649 1842 serre,
666 1770 750 1845 quod
764 1785 837 1844 ego,
853 1786 948 1846 quum
962 1766 994 1828 iu
1005 1776 1102 1831 moto·

78 1854 121 1914 ris
135 1852 257 1914 Siciliae
271 1850 443 1912 civitatibus
458 1860 595 1913 senatum
612 1855 821 1929 populumque
841 1851 1018 1914 docuissem
1033 1850 1103 1928 quid

78 1939 117 1998 iis
141 1934 294 2008 utilitatis,
321 1933 395 2010 quid
423 1935 529 1997 salutis
554 1937 718 2008 adferrem,
746 1943 776 1996 et
795 1952 889 2011 quum
909 1934 948 1996 ab
965 1932 1103 1996 omnibus

78 2022 235 2092 mandata,
250 2020 384 2093 legatos,
399 2016 513 2078 litteras
527 2018 762 2093 testimoniaque
775 2020 993 2093 sumpsissem,
1007 2015 1040 2077 in
1055 2016 1103 2078 illa

80 2103 201 2162 civitate
215 2101 289 2160 nihil
303 2101 370 2162 eius
385 2101 467 2161 modi
482 2102 623 2161 facerem.
649 2101 809 2176 Respondi
827 2117 927 2176 neque
940 2102 1060 2162 Romae
1076 2102 1103 2159 in

79 2191 230 2257 conventu
241 2183 425 2258 Siculorum,
441 2200 534 2258 quum
550 2200 569 2243 a
583 2200 632 2244 me
645 2184 790 2245 auxilium
807 2185 957 2246 communi
972 2184 1103 2245 omnium

78 2264 262 2340 legationum
277 2266 406 2327 consilio
422 2267 582 2342 petebatur
596 2281 751 2341 causaque
766 2268 858 2329 totius
873 2266 1052 2344 provinciae
1066 2266 1102 2326 ad

78 2363 126 2407 me
142 2348 343 2423 deferebatur,
357 2350 475 2423 legatos
490 2349 751 2426 Syracusanorum
766 2351 919 2426 adfuisse,
940 2367 1042 2426 neque
1056 2364 1103 2409 me

78 2433 243 2507 postulare,
255 2439 288 2491 ut
302 2431 466 2506 quidquam
485 2443 591 2494 contra
606 2433 637 2492 C.
653 2436 779 2494 Verrem
794 2434 1009 2495 decerneretur
1024 2433 1055 2493 in
1070 2446 1103 2492 ea

80 2514 178 2587 curia,
202 2512 234 2572 in
261 2531 322 2588 qua
342 2515 508 2575 inauratam
530 2517 560 2576 C.
580 2516 685 2578 Verris
709 2526 838 2579 statuam
859 2517 1006 2580 viderem.
1036 2513 1104 2578 teu.

80 2599 168 2674 Quod
189 2605 299 2672 postea
313 2613 404 2671 quam
421 2598 499 2671 dixi,
521 2608 621 2662 tantus
643 2610 691 2661 est
710 2600 838 2676 gemitus
859 2601 957 2661 sactus
979 2606 1103 2674 aspectu

79 2689 241 2743 statuaeet
253 2681 553 2757 commemoratione,
567 2691 600 2744 ut
614 2685 687 2744 illud
705 2685 734 2746 in
750 2683 834 2744 curia
853 2685 987 2758 positum
999 2698 1103 2743 mouu·

79 2774 213 2826 mentum
228 2765 393 2836 scelerum,
409 2780 471 2824 nou
486 2766 703 2827 beneficiorum
719 2765 880 2827 videretur.
912 2767 987 2828 ‘lum
1002 2782 1058 2841 pro
1072 2778 1103 2825 sc

81 2846 228 2924 quisque,
245 2857 390 2924 quantum
401 2846 532 2910 dicendo
549 2851 678 2925 adsequi
693 2858 827 2925 poterat,
843 2851 955 2911 docere
969 2864 1020 2909 me
1037 2862 1103 2908 coe·

79 2928 124 3002 pit
146 2945 197 3003 ea,
226 2949 305 3006 quae
324 2931 427 3008 paullo
448 2941 518 2993 ante
538 2934 786 2994 commemoraviz
811 2931 971 3009 spoliatam
992 2932 1103 3003 urbam,

81 3012 152 3069 lana
170 3013 300 3089 direpta=
325 3018 364 3076 de
378 3015 510 3075 Heraclii
527 3015 707 3088 hereditate,
729 3033 819 3091 quam
835 3014 1020 3092 palaestritis
1035 3030 1103 3076 cou-

81 3091 244 3169 cessisset,
258 3100 350 3159 multo
369 3092 530 3158 maximam
546 3108 663 3173 partem
684 3098 785 3174 ipsum
805 3098 984 3161 abstulisse=
1006 3112 1103 3173 neque

80 3176 296 3250 postulandum
315 3181 426 3253 luisse,
446 3190 480 3242 ut
493 3181 543 3241 ille
560 3182 751 3256 palaestritas
772 3181 923 3257 diligeret,
946 3182 998 3256 qui
1018 3181 1103 3241 etiam

79 3257 270 3319 inventorem
290 3263 348 3321 olei
363 3264 454 3323 deum
472 3263 659 3325 sustulisset:
677 3282 778 3340 neque
797 3265 877 3325 illam
893 3274 1022 3326 statuam
1038 3277 1103 3325 esst

80 3357 120 3403 ex
137 3343 268 3418 pecunia
283 3345 404 3417 publica
420 3363 520 3421 neque
537 3347 658 3421 publice
675 3348 782 3420 datam,
800 3348 856 3408 sed
872 3364 936 3422 eos,
952 3346 1005 3423 qui
1021 3346 1103 3406 here·

80 3424 181 3489 ditatis
193 3424 382 3501 diripiendae
393 3429 558 3506 participes
570 3430 709 3504 luissent,
722 3431 891 3496 taciendam
904 3431 1103 3501 statuendam
