2340 3788
350 216 738 284 cAP.5-t.s.1a-··ra.
994 220 1056 288 too

28 365 172 443 quiescit
200 366 243 426 lta
263 382 364 441 neque
385 383 423 427 ex
444 377 534 442 portu
553 382 655 444 neque
675 383 715 427 ex
734 370 870 431 decumis
892 386 993 447 neque
1015 388 1055 432 ex

27 450 185 525 scripturn
198 450 328 524 vectigal
338 452 515 511 conservari
528 460 642 526 potest:
657 467 719 525 qua
729 468 763 511 re
774 469 868 529 saepe
878 454 970 515 totius
981 454 1055 514 anni

26 535 149 613 fructus
169 548 230 592 uno
251 548 373 592 rumore
394 534 520 608 periculi
543 542 635 609 atque
655 548 716 592 uno
733 535 803 595 belli
818 545 933 597 terrore
947 537 1054 598 amitti-

25 616 85 677 tur'.
120 614 169 677 lo.
197 615 261 687 Quo
282 617 404 676 tandem
418 616 508 693 igitur
519 617 624 695 ‘animo
641 632 712 676 csse
727 617 903 678 existimatis
919 629 971 680 aut
987 636 1053 692 eos,

29 698 84 774 qui
104 697 368 772 vectigalia-nobis
382 699 551 773 pensitant,
575 709 626 760 aut
641 715 711 772 eos,
737 699 789 773 qui
805 711 949 761 exercent
962 712 1053 778 atque

26 782 168 857 exigunt,
191 797 283 856 quum
304 783 364 840 duo
385 797 475 856 reges
497 799 565 841 oum
587 781 725 843 maximis
747 782 844 856 copiis
864 792 988 857 propter
1001 786 1054 844 ad-

27 866 109 927 sintt
132 868 225 940 quu'm
244 880 307 924 una
327 864 469 924 excursio
492 867 642 940 equitatus
656 865 798 940 perbrevi
813 874 949 939 tempore
964 866 1055 927 totius

26 947 99 1009 anni
121 947 252 1022 vectigal
269 949 388 1008 auterre
403 949 523 1022 possit?
542 966 634 1023 quum
648 947 801 1023 publicani
818 947 945 1008 familias
961 949 1055 1007 maxi-

25 1048 111 1106 mas,
131 1047 209 1106 quas
223 1031 254 1090 in
270 1031 396 1090 saltibus
411 1031 536 1105 habent,
559 1032 680 1107 quasin
696 1030 793 1106 agris,
816 1048 892 1106 quas
907 1029 937 1090 in
952 1040 1054 1106 portu·-

25 1116 85 1175 bus
106 1123 197 1190 atque
219 1112 382 1188 custodiis,
401 1131 511 1188 magno
527 1116 662 1189 periculo
680 1132 714 1175 se
729 1114 841 1174 habere
857 1113 1057 1174 arbitrentur?

26 1197 184 1259 Putatisne
199 1214 256 1256 vos
269 1196 329 1256 illis
343 1197 436 1257 rebus
450 1198 508 1257 trui
522 1214 632 1272 posse,
656 1198 715 1258 nisi
730 1214 800 1270 eos,
821 1197 873 1272 qui
886 1197 976 1257 vobis
995 1196 1054 1257 iru-

26 1281 91 1343 ctui
112 1289 200 1353 sunt,
226 1279 441 1340 conservaritis
461 1296 523 1340 non
544 1284 658 1354 solum,
683 1290 716 1342 ut
736 1289 806 1341 ante
827 1280 905 1351 dixi,
934 1280 1054 1340 calami-

24 1373 104 1437 tate,
120 1365 176 1424 sed
192 1362 280 1423 etiam
295 1364 473 1425 calamitatis
488 1365 649 1425 formidine
663 1363 828 1424 liberatos?
855 1364 920 1423 Vll.
937 1361 987 1426 17.
1008 1366 1054 1422 Ac
1144 1387 1154 1396 ·

24 1464 65 1509 ne
80 1447 158 1507 illud
174 1446 296 1521 quidem
313 1446 403 1507 vobis
419 1447 632 1522 negligendum
650 1456 712 1519 est,
736 1449 819 1522 quod
836 1446 908 1507 mibi
926 1463 983 1522 ego
1002 1462 1071 1529 exg

24 1542 155 1610 tremum
170 1545 400 1604 proposueram,
419 1549 511 1605 quum
525 1547 626 1592 essem
640 1533 680 1592 de
694 1531 765 1590 belli
780 1546 891 1611 genere
909 1530 1053 1601 dicturus,

25 1615 112 1690 quod
132 1613 171 1672 ad
191 1615 352 1674 multorum
366 1615 449 1673 bona
465 1613 577 1674 civium
590 1617 795 1675 Romanorum
810 1613 955 1688 pertinet,
977 1630 1053 1689 quo·

22 1714 92 1763 rum
108 1695 201 1755 vobis
218 1712 276 1770 pro
289 1705 393 1757 vestra
406 1694 569 1769 sapientia,
594 1697 738 1770 Quirites,
760 1696 900 1756 habenda
916 1704 963 1756 est
976 1694 1053 1756 ratio

25 1779 197 1855 diligenter.
239 1779 314 1836 Nam
335 1787 365 1837 et
388 1777 556 1851 publicani,
575 1779 713 1838 homines
733 1778 942 1837 honestissimi
963 1786 1055 1852 atque

26 1858 222 1930 amatissimi,
241 1875 313 1918 suas
328 1857 462 1918 rationes
477 1867 507 1917 et
521 1860 626 1933 copias
640 1862 670 1918 in
686 1861 766 1918 illam
781 1860 967 1932 provinciam
983 1874 1055 1917 con-

25 1948 169 2013 ulerunt,
185 1957 313 2016 quorum
331 1940 467 2016 ipsorum
482 1955 538 2014 per
551 1957 585 2001 se
600 1958 649 2001 res
665 1951 695 2001 et
709 1943 847 2002 fortunae
862 1939 950 2000 vobis
966 1956 1056 2000 curae

26 2044 97 2091 esse
118 2024 242 2084 debent.
284 2023 402 2084 Etenim
423 2023 450 2084 si
466 2023 627 2099 vectigalia
642 2041 754 2085 nervos
771 2039 841 2084 esse
855 2022 899 2083 rei
916 2022 1056 2098 publicae

26 2123 154 2186 sernper
170 2106 328 2180 duximus,
350 2123 418 2167 eum
435 2116 517 2168 certe
532 2108 682 2181 ordinem,
706 2107 758 2183 qui
776 2114 900 2167 exercet
916 2107 981 2178 illa,
1005 2106 1054 2166 ilr-

25 2199 210 2255 namentum
225 2200 413 2252 caeterorum
428 2191 568 2251 ordinum
582 2199 664 2252 recte
678 2206 750 2252 esse
764 2190 911 2251 dicemus.
933 2187 983 2251 18.
996 2190 1055 2250 De

25 2274 95 2339 indo
108 2290 151 2336 ex
166 2274 294 2334 caeteris
311 2272 467 2335 ordinibus
481 2274 619 2335 homines
630 2274 721 2349 gnavi
732 2283 824 2350 atque
834 2272 974 2334 industrii
985 2289 1054 2347 par·

25 2362 76 2420 tim
94 2357 159 2433 ipsi
179 2357 210 2416 in
224 2356 300 2417 Asia
313 2357 527 2431 negociantur,
550 2357 660 2434 quibus
674 2374 733 2418 vos
750 2356 928 2418 absentibus
944 2371 1054 2416 consu·

25 2442 87 2503 lere
101 2440 238 2514 debetis,
256 2440 364 2516 partim
379 2457 485 2501 eorum
499 2440 530 2500 in
544 2457 581 2501 ea
596 2440 754 2515 provincia
768 2439 913 2516 pecunias
928 2455 1054 2513 magnes

24 2525 192 2586 collocatas
213 2524 333 2585 habent
366 2524 421 2584 Est
443 2523 534 2598 igitur
551 2524 746 2585 humanitatis
767 2532 890 2585 vestrae
911 2536 1054 2595 magnum

23 2622 184 2670 numerum
201 2624 305 2668 eorum
321 2607 432 2666 civium
448 2606 615 2668 calamitate
628 2607 806 2682 probibere,
828 2604 997 2681 sapientiae
1010 2602 1055 2662 vi-

24 2692 96 2752 dere
115 2691 280 2751 multorum
306 2690 415 2751 cirtam
436 2691 633 2750 calamitatem
656 2708 674 2750 a
693 2707 727 2751 re
748 2689 870 2766 publica
888 2686 1055 2746 seiunctam

23 2790 174 2836 essenon
189 2790 294 2848 posse.
332 2773 450 2833 Etenim
464 2774 593 2848 primum
607 2773 680 2834 illud
695 2773 782 2848 parvi
797 2773 904 2841 refert,
927 2783 986 2828 nos
1001 2784 1055 2843 pu·

23 2856 154 2919 bdeanis
167 2856 288 2917 arnissis
303 2856 465 2931 vectigalia
478 2864 588 2931 postea
599 2855 726 2915 victoria
736 2866 931 2927 recuperare.
949 2851 1055 2927 Neque

23 2940 104 3002 onim
123 2939 234 3000 iisdem
248 2939 418 3000 redimendi
434 2941 561 2999 facultas
576 2938 632 2998 erit
647 2946 773 3013 propter
789 2934 985 2996 calamitatem
1002 2950 1054 2996 ne·

22 3040 81 3100 que
104 3022 177 3084 aliis
197 3024 339 3084 voluntas
362 3033 487 3097 propter
501 3021 649 3084 timorem.
690 3019 740 3081 19.
767 3019 884 3080 Deinde
900 3020 983 3093 quod
996 3035 1054 3080 nos

23 3107 138 3168 eadem
150 3106 228 3166 Asia
247 3114 339 3181 atque
359 3106 441 3166 idem
461 3105 518 3166 iste
532 3103 721 3165 Mithridates
743 3102 826 3163 initio
841 3101 912 3162 belli
927 3101 1054 3163 Asiatici

20 3189 139 3263 docuit,
155 3196 237 3248 certo
252 3189 284 3249 id
300 3190 422 3264 quidem
435 3188 603 3249 calamitate
615 3187 697 3248 docti
707 3184 853 3247 memoria
862 3184 992 3246 retinere
1003 3185 1055 3244 de·

19 3272 144 3335 Minus.
184 3270 259 3330 Nam
278 3280 356 3347 tum,
379 3289 472 3346 quum
487 3272 518 3330 in
532 3271 608 3332 Asia
622 3287 673 3331 res
690 3286 816 3345 magnas
829 3267 969 3346 permulti
983 3265 1055 3326 ami-

21 3363 145 3428 serant,
168 3352 283 3416 scimus
296 3356 412 3415 Romae
436 3354 587 3415 solutione
604 3353 749 3429 impedita
764 3353 855 3414 fldem
873 3350 1057 3414 concidisse,

19 3437 86 3501 lion
104 3436 192 3501 enirn
205 3446 337 3514 possunt
350 3452 411 3498 una
425 3437 456 3497 in
472 3437 591 3499 civitate
606 3437 690 3498 multi
700 3452 765 3498 rem
775 3453 813 3500 ac
824 3439 967 3500 torturas
977 3428 1066 3494 arriu-
