2340 3788
99 153 162 217 202
401 153 475 214 PRO
489 154 520 212 P.
538 153 663 213 SULLA
678 152 827 214 ORATIO.

101 309 301 375 everteretur,
317 301 391 364 etin
411 302 459 363 his
479 301 624 379 pristinae
645 305 783 365 fortunae
802 302 938 380 reliquiis
958 302 1080 366 miseris
1097 315 1122 367 el

100 384 233 446 adflictis
253 394 354 446 tamen
374 385 683 460 haberet-quosdam,
708 402 834 461 quorum
854 389 1032 448 animosae
1052 404 1122 464 sup·

101 467 194 545 plicio
217 467 339 543 quidem
361 484 417 529 suo
440 468 550 529 saliare
571 477 692 544 posset,
714 485 896 544 quamquam
910 485 950 529 ex
967 468 1060 531 huius
1081 471 1124 531 in·

102 549 270 612 commodis
284 566 423 626 magnam
436 550 536 613 animo
549 549 719 611 molestiam
730 551 829 626 capio,
842 552 983 612 tamenin
995 553 1123 614 caeteris

99 633 187 694 malis
199 634 287 694 facile
301 633 400 711 patior
411 634 544 696 oblatum
554 633 625 693 mihi
638 641 758 712 tempus
770 650 849 707 esse,
861 633 890 694 in
906 651 966 709 quo
983 635 1060 695 boni
1071 635 1124 696 viri

99 715 253 777 lenitatem
265 732 363 778 meam
373 715 682 792 misericordiamque,
694 724 796 777 notam
809 717 962 792 quondam
974 717 1124 790 omnibus,

100 815 181 860 nunc
196 800 284 875 quasi
297 800 509 873 intermissam,
531 807 740 874 agnoscerent,
760 797 890 873 improbi
904 816 941 859 ac
957 800 1070 874 perditi
1085 800 1125 860 ci·

99 898 165 956 ves,
191 882 332 944 redomiti
346 889 436 957 atque
452 881 533 953 victi,
549 881 767 956 praecipitante
783 881 951 958 republica
963 883 1125 942 vehemen-

100 975 161 1027 tem
175 981 223 1026 me
238 965 335 1026 fuisse
348 973 439 1040 atque
454 968 570 1038 fortem,
594 973 774 1024 conservata
788 965 888 1023 mitem
903 980 939 1024 ac
953 963 1125 1026 misericor·

100 1049 170 1109 dem
184 1048 355 1110 faterentur.
398 1045 428 1106 2.
448 1048 486 1108 lft
502 1047 644 1122 quoniam
660 1047 693 1106 L.
703 1046 882 1121 Torquatus,
896 1062 983 1107 meus
1000 1046 1127 1118 lamina<

99 1132 143 1191 rin
158 1147 195 1191 ac
211 1129 562 1205 necessariaeludlees,
572 1128 777 1202 existimavit,
795 1130 822 1190 si
838 1136 973 1199 nostram
988 1127 1020 1189 in
1034 1142 1125 1190 accu-

100 1213 220 1274 satione
232 1229 290 1272 sua
303 1211 515 1274 necessitatem
530 1211 820 1292 familiaritatemque
832 1209 988 1284 violasset,
1009 1210 1123 1288 aliquid

100 1312 136 1356 se
156 1296 195 1355 de
215 1295 392 1357 auctoritate
415 1311 501 1355 meae
526 1293 713 1355 defensionis
735 1310 829 1370 posse
853 1293 1029 1366 detrahere,
1054 1309 1134 1354 cum

99 1377 189 1437 huius
204 1375 331 1454 periculi
345 1376 576 1454 propulsatione
596 1377 777 1453 coniungam
798 1375 1010 1437 defensionem
1030 1374 1126 1437 oflicii

100 1456 170 1519 moi.
214 1458 278 1533 Quo
295 1459 416 1535 quidem
431 1475 542 1535 genere
556 1458 702 1521 orationis
716 1476 777 1520 non
791 1468 906 1532 uterer,
920 1458 1049 1530 iudices,
1064 1457 1125 1519 hoe

102 1550 249 1617 tempore,
265 1541 292 1603 si
309 1559 376 1604 mea
390 1544 489 1604 solum
503 1542 679 1603 interessem
702 1542 802 1603 multis
822 1541 901 1602 enim
918 1540 995 1602 locis
1011 1549 1041 1601 et
1054 1540 1126 1600 data

101 1623 175 1683 mihi
189 1624 317 1686 facultas
334 1634 381 1686 est
403 1633 434 1693 et
457 1640 552 1701 saepe
576 1623 696 1685 dabitur
716 1625 755 1685 de
778 1640 846 1684 mea
871 1624 961 1684 laude
986 1622 1124 1683 dicendis

100 1706 157 1768 sed
176 1715 210 1768 ut
241 1707 292 1768 ille
320 1707 408 1781 vidit,
444 1716 587 1783 quantum
612 1707 650 1768 de
675 1723 743 1768 mea
766 1705 943 1768 auctoritate
973 1703 1125 1780 deripuis-

50 1856 57 1875 Χ
100 1797 162 1864 sat,
188 1797 303 1853 tautum
328 1806 362 1851 se
380 1792 419 1852 de
440 1790 529 1852 huius
556 1789 717 1867 praesidiis
743 1788 977 1859 deminuturum,
999 1789 1043 1847 sie
1065 1802 1124 1861 ego

100 1871 215 1948 seatio,
241 1873 268 1934 si
291 1873 350 1935 mei
378 1874 449 1935 facti
471 1873 617 1934 rationem
636 1872 725 1935 vobis
748 1870 1008 1945 constantiamque
1033 1868 1125 1929 huius

100 1954 194 2016 oflicii
207 1972 243 2016 ac
258 1957 445 2018 defensionis
462 1957 647 2032 probavero,
669 1970 791 2017 causam
807 1970 930 2030 quoque
947 1969 995 2012 me
1008 1952 1040 2010 P.
1055 1950 1123 2014 Sul·

97 2039 146 2098 lae
157 2033 361 2113 probaturum.
383 2038 413 2102 3.
428 2040 474 2098 Ac
489 2041 616 2115 primum
629 2039 685 2098 abs
696 2047 726 2099 te
737 2037 819 2108 illud,
827 2036 987 2112 Torquate,
997 2048 1123 2110 quaero,

100 2134 154 2180 cur
171 2137 218 2179 me
232 2138 251 2181 a
266 2121 393 2182 caeteris
409 2121 583 2182 clarissimis
600 2121 675 2182 viris
688 2136 723 2180 ac
737 2119 926 2196 principibus
945 2115 1074 2179 civitatis
1092 2116 1123 2176 in

99 2200 159 2261 hoc
174 2202 278 2263 officio
300 2213 392 2279 atque
407 2202 438 2264 in
453 2203 640 2265 defensionis
663 2203 728 2263 iure
748 2219 901 2263 secernas.
946 2200 1023 2273 Quid
1042 2197 1123 2259 enim

100 2289 148 2343 est
162 2300 253 2357 quam
267 2287 306 2345 ob
329 2303 393 2346 ram
413 2287 468 2346 abs
484 2284 727 2360 teodoricum
748 2285 871 2356 lactum,
895 2280 1053 2344 clarissimi
1065 2279 1123 2339 viri

100 2372 192 2440 alque
208 2368 399 2442 ornatissimi,
414 2385 475 2429 non
490 2368 734 2449 reprehendatur,
749 2367 988 2442 reprehendatur
1000 2360 1124 2424 meum

100 2447 215 2507 Nam
191 2465 217 2509 sl
236 2458 283 2509 est
297 2449 400 2511 initum
416 2450 481 2511 aP.
498 2423 582 2513 ¹Sulla
602 2450 760 2511 consilium
780 2449 1011 2510 inflammandae
1030 2444 1123 2506 huius

101 2530 194 2606 urbis,
210 2531 444 2608 exstinguendi
436 2533 563 2609 rmparii,
575 2533 722 2594 delendae
737 2528 882 2601 civitatis,
902 2531 1014 2591 mihine
1029 2526 1124 2587 maio·

99 2630 163 2674 rem
178 2613 236 2675 hae
252 2632 303 2676 res
318 2617 455 2677 dolorem
471 2633 569 2691 quam
581 2615 614 2690 Q.
629 2615 800 2689 Hortensio,
818 2613 891 2676 mihi
906 2614 1002 2674 maius
1019 2611 1124 2672 odium

100 2697 219 2757 adferre
234 2698 367 2760 debent?
389 2716 488 2760 meum
510 2698 642 2773 denique
661 2698 783 2774 gravius
798 2713 869 2758 esse
886 2695 1046 2766 iudicium,
1070 2691 1125 2767 qui

99 2779 289 2842 adiuvandus
317 2781 349 2841 in
374 2782 422 2842 his
447 2781 564 2856 causis,
585 2781 638 2856 qui
667 2782 905 2857 oppugnandus,
943 2777 995 2853 qui
1020 2775 1126 2836 delen·

101 2861 234 2937 dendus,
269 2864 324 2939 qui
356 2864 545 2925 deserendus
576 2880 648 2925 esse
676 2863 834 2924 videatur?
867 2863 927 2935 lta,
954 2858 1068 2934 inquit
1093 2864 1127 2917 tu

101 2945 179 3002 enim
206 2946 409 3023 investigasti,
440 2955 483 3007 tu
520 2945 689 3022 patefecisti
724 2945 971 3007 coniurationem.
1026 2941 1063 3000 11.
1094 2939 1126 2998 4.

101 3023 188 3095 Quod
211 3046 302 3102 quum
322 3030 408 3103 dicit,
436 3046 497 3090 non
524 3029 650 3090 attendit
668 3046 750 3101 eum,
773 3028 825 3104 qui
848 3022 1040 3103 patefecerit,
1066 3021 1127 3081 hoc

99 3121 239 3181 curasse,
266 3121 299 3173 ut
320 3113 353 3173 id
366 3129 473 3174 omnes
487 3111 641 3184 viderent,
669 3113 753 3186 quod
777 3118 867 3174 antea
891 3110 1000 3169 luisset
1022 3104 1128 3166 occul-

98 3197 171 3249 tum.
214 3155 279 3263 Q’ua
297 3210 330 3254 re
349 3195 408 3256 ista
428 3194 610 3267 coniuratio,
631 3194 658 3254 si
677 3195 827 3269 patefacta
849 3208 903 3268 per
917 3207 965 3251 me
980 3197 1044 3261 est,
1064 3194 1127 3246 lam

99 3280 182 3346 patet
195 3273 356 3336 Hortensio
376 3295 466 3353 quam
480 3276 561 3337 mihi.
587 3278 681 3350 Quem
696 3293 788 3351 quum
803 3275 909 3336 videas
923 3274 982 3333 hoc
997 3272 1126 3340 honore,

98 3357 284 3428 auctoritate,
307 3359 428 3432 virtute,
452 3359 578 3422 consilio
599 3359 769 3434 praeditum
791 3374 851 3419 non
871 3355 1028 3418 dubitasse
1051 3351 1127 3426 quin
