2332 3772
333 164 560 227 caeso—er.
582 140 806 257 §.rra—rar.
1030 170 1071 236 41

10 305 24 349 ³
77 310 164 376 beret
194 314 279 377 Nunc
293 315 336 376 ita
348 315 534 388 detenditur,
560 332 621 377 non
637 333 712 378 sane
723 328 758 380 ut
778 322 906 382 molesto
921 322 1000 382 terre
1017 324 1069 383 adss

74 396 178 459 terrarii
194 398 339 470 debeant,
354 412 454 472 neque
465 406 499 459 ut
511 414 546 458 se
560 401 696 474 potentia
710 403 847 476 superari
862 412 976 479 putent.
998 403 1068 466 149.

10 471 27 520 '²
68 478 134 553 luce
151 480 234 541 domi
254 480 389 555 gerenda
411 489 495 553 sunt,
523 497 560 541 ea
573 486 638 555 'per
664 483 823 544 Caeciliam
848 486 1067 562 transigunture

11 628 17 638 .
64 560 110 623 lori
122 561 287 638 iudiciique
306 562 453 623 rationem
467 564 615 635 Messala,
630 573 663 624 ut
681 564 804 637 videtis,
820 566 947 644 iudices,
964 586 1067 630 susce-

60 644 109 719 nic
120 645 172 721 qui
187 644 214 705 si
227 645 289 705 iam
303 647 378 706 satis
393 646 500 707 aetatis
516 654 606 720 atque
628 647 748 707 roboris
768 648 904 724 haberet,
927 652 995 727 ipse
1009 669 1067 728 pro

10 760 16 771 ·
35 796 41 805 ,
61 726 119 789 ser
133 728 249 789 Roscio
263 728 392 788 dicerem
406 729 549 803 quoniam
564 730 777 790 addicendum
790 728 1004 805 impedimento
1020 745 1067 796 est

57 818 131 871 aeus
150 819 182 871 et
203 811 303 886 pudor
328 811 381 885 qui
407 821 494 873 ornat
519 812 662 885 aetatem,
688 829 812 873 eausam
836 814 907 874 mihi
930 817 1066 890 tradidit,

10 930 12 937 ,
58 908 136 969 quen
149 908 209 953 sua
223 909 318 953 causa
335 909 447 970 cupere
462 911 498 954 ao
514 895 625 955 debere
636 896 835 972 intelligebat,
851 896 919 971 ipse
932 898 1067 959 adsidui·

55 982 120 1052 ute,
134 975 281 1050 consilio,
296 977 488 1050 auctoritate,
507 977 660 1053 diligentia
674 978 819 1054 perfecit,
831 987 864 1040 ut
875 978 946 1039 Sem
960 980 1065 1041 Roscii

54 1058 106 1119 v‘ne
118 1068 226 1134 erepta
238 1059 277 1119 de
294 1060 432 1121 manibus
454 1067 605 1121 sectomnr
619 1062 777 1122 sententiis
794 1062 928 1133 iudicum
943 1062 1064 1137 permit-

55 1148 164 1203 teretur.
197 1140 358 1215 Nimirum,
375 1142 507 1216 iudices,
530 1161 586 1219 pro
601 1145 658 1204 hac
672 1144 826 1206 nobilitate
840 1163 913 1221 pars
935 1146 1066 1205 maxima

33 1300 37 1307 Ι
57 1222 177 1285 civitatis
191 1225 224 1284 in
238 1225 330 1285 armis
344 1225 414 1286 luit:
435 1226 511 1287 haec
526 1235 594 1287 acta
607 1244 657 1287 res
673 1237 734 1302 est,
753 1236 787 1289 ut
802 1228 824 1289 ii
838 1228 956 1290 nobiles
978 1229 1063 1289 resti-

54 1314 199 1369 tuerentur
212 1307 245 1368 in
259 1308 424 1381 civitatem,
442 1311 494 1383 qui
507 1309 566 1370 hoc
586 1310 735 1384 facerent,
758 1313 843 1386 quod
864 1314 964 1373 iacere
983 1311 1063 1372 Mes-

54 1388 137 1451 ulam
155 1390 285 1464 videtis,
310 1392 363 1466 qui
377 1400 468 1465 caput
489 1392 660 1453 innocentis
682 1395 894 1468 defenderent,
915 1394 967 1470 qui
987 1395 1063 1455 iniu-

42 1470 107 1533 -rue
117 1472 305 1547 resisterent,
323 1474 375 1549 qui
387 1482 530 1549 quantum
542 1485 670 1550 possent
683 1477 713 1536 in
728 1480 825 1539 salute
837 1478 960 1539 alterius
973 1495 1063 1553 quam

52 1552 77 1613 in
92 1556 183 1617 exitio
200 1558 323 1617 mallent
338 1559 515 1618 ostendere:
534 1559 657 1634 quodsi
672 1575 788 1634 omnes,
805 1561 857 1635 qui
871 1561 980 1621 eodem
994 1563 1061 1622 loeo

16 1693 23 1709 ,
52 1638 105 1698 mli
118 1646 203 1714 suut,
217 1640 366 1713 lucerent,
383 1649 413 1699 et
426 1652 476 1701 res
490 1642 612 1716 publica
625 1659 664 1717 ex
679 1643 737 1704 illis
760 1651 790 1704 et
810 1643 870 1718 ipsi
890 1661 928 1704 ex
948 1643 1063 1703 invidia

10 1746 12 1755 ·
52 1722 139 1783 minuc
154 1722 339 1783 laborarent.

123 1804 186 1865 Lll.
208 1802 280 1865 150.
302 1807 415 1866 Verum
431 1805 458 1865 si
471 1822 490 1864 a
505 1806 719 1883 Chrysogono,
740 1806 873 1881 iudices,
891 1824 952 1868 non
966 1807 1060 1881 impe·

50 1894 163 1959 ramus,
179 1896 217 1949 ut
237 1889 365 1962 pecunia
383 1896 487 1948 nostra
502 1897 661 1948 contentus
675 1889 728 1961 sit,
750 1889 894 1948 vitamne
913 1897 1011 1963 petat,
1032 1890 1060 1947 si

49 1968 92 2029 ille
102 1970 217 2033 adduci
230 1987 293 2031 non
305 1979 414 2048 potest,
433 1979 474 2045 ut,
490 1987 581 2045 quum
593 1971 739 2031 ademerit
752 1970 840 2032 nobis
853 1970 967 2045 omnia,
981 1966 1060 2045 quae

48 2060 142 2114 uosua
156 2062 246 2115 erant
259 2054 399 2130 proprie,
410 2070 449 2113 ne
463 2056 561 2114 lucem
577 2071 699 2129 quoque
716 2053 808 2127 hanc,
833 2069 911 2129 quae
926 2069 1059 2116 commu·

47 2134 90 2195 nis
105 2144 167 2210 est,
192 2136 312 2211 eripere
331 2137 446 2212 cupiat,
472 2138 498 2196 si
520 2137 670 2198 nonsatis
686 2137 777 2198 habet
796 2136 952 2197 avaritiam
972 2152 1059 2197 suam

46 2220 169 2292 pecnnia
189 2221 329 2294 explere,
355 2219 414 2279 nisi
443 2219 532 2280 etiam
560 2221 728 2281 crudelitati
754 2221 878 2295 sanguis
903 2219 1058 2295 praebitus

47 2298 94 2374 sit,
107 2302 398 2381 unumperlugium,
415 2302 547 2376 iudices,
561 2320 621 2364 una
635 2320 708 2378 spes
722 2303 838 2377 reliqua
852 2311 899 2363 est
910 2303 981 2365 Sex.
996 2304 1058 2363 Ro·
1130 2296 1136 2307 ’

47 2382 117 2457 scio,
132 2385 245 2445 eadem
260 2401 340 2461 queo
353 2384 397 2444 rei
410 2385 559 2459 publicae,
576 2395 676 2447 vostra
688 2386 815 2461 pristina
828 2386 949 2447 bonitas
961 2394 991 2447 et
1003 2385 1057 2445 mi·

44 2466 221 2541 rericordia,
236 2484 315 2542 quae
330 2468 357 2528 si
372 2475 481 2540 manet,
499 2467 576 2527 salvi
593 2470 683 2529 etiam
698 2486 777 2530 nuno
792 2486 863 2532 esse
877 2485 1056 2545 possumus:

43 2546 85 2609 u‘n
100 2566 139 2611 ea
159 2550 339 2623 crudelitas,
360 2567 439 2626 quae
458 2550 517 2610 hoo
537 2558 673 2626 tempore
693 2552 777 2613 inre
796 2552 918 2627 publica
938 2558 1058 2609 versata

41 2640 98 2707 est,
117 2640 242 2694 vestros
259 2650 382 2708 quoque
401 2633 521 2692 animos
534 2666 577 2678 —
592 2633 624 2693 id
645 2636 728 2708 quod
750 2635 815 2710 lieri
834 2635 972 2708 proiecto
995 2646 1056 2690 non

39 2715 334 2787 potest—duriores
345 2717 578 2789 acerbioresque
589 2716 728 2790 reddidit,
744 2727 843 2777 actum
853 2723 908 2787 est,
924 2712 1056 2773 iudices:

39 2794 113 2859 inter
128 2798 214 2859 ieras
226 2800 322 2859 satius
336 2807 384 2859 est
397 2806 525 2859 aetatem
543 2800 653 2872 degere
668 2816 760 2874 quam
779 2800 808 2860 in
826 2799 885 2857 hac
898 2804 980 2857 tanta
1000 2793 1054 2854 irn-

40 2880 178 2942 menitate
192 2881 320 2941 versari.
356 2879 425 2942 151.
445 2883 495 2941 Ad
510 2896 616 2941 eamne
635 2898 698 2940 rem
718 2897 776 2941 vos
796 2878 944 2940 reservati
961 2878 1057 2939 estis?

39 2962 74 3021 ad
89 2978 202 3024 eamne
214 2980 280 3023 rem
296 2965 414 3036 delecti,
430 2973 463 3025 ut
479 2980 534 3024 eos
549 2962 805 3035 condemnaretis,
822 2978 901 3037 quos
917 2969 1054 3023 sectores

38 3058 71 3105 ac
82 3045 188 3109 sicarii
202 3045 339 3121 iugulare
353 3064 414 3107 non
428 3048 622 3122 potuissent?
642 3045 746 3105 Solent
766 3045 825 3105 hoc
838 3045 911 3105 boni
926 3044 1053 3120 impera-

36 3134 115 3189 tores
133 3130 247 3201 lucere,
263 3146 357 3206 quum
370 3130 518 3203 proelium
533 3129 733 3201 committunt,
755 3128 831 3189 utin
847 3143 884 3189 eo
898 3130 977 3205 loco,
993 3145 1053 3203 quo

35 3208 134 3287 logum
151 3212 286 3275 bostium
305 3212 372 3271 fore
392 3212 584 3286 arbitrentur,
605 3210 714 3272 milites
730 3212 893 3284 collucent,
913 3211 944 3271 in
965 3226 1054 3286 quos,

22 3291 59 3352 'si
73 3296 125 3371 qui
143 3309 183 3354 ex
199 3294 266 3355 acie
280 3294 427 3368 lugerint,
442 3296 481 3354 de
494 3295 661 3369 improviso
675 3294 818 3358 incidant
853 3293 999 3355 Nimirum
1013 3290 1064 3371 si,

32 3374 139 3439 militer
153 3376 338 3438 arbitrantur
354 3375 403 3437 isti
420 3377 568 3440 bonorum
583 3386 735 3453 emptores
758 3395 815 3439 vos
830 3377 894 3450 hic,
915 3376 990 3436 tales
1004 3371 1048 3431 vi·
