2340 3788
356 487 399 569 u.
427 486 562 568 ιιιιιιι
588 448 798 568 cressonis

188 626 311 722 Piiii
356 629 400 728 P.
443 626 651 726 Sitit
694 625 954 722 oblito.

403 957 733 1020 ancunnnuun.
797 1031 801 1039 .

128 1075 158 1124 P.
177 1070 305 1123 Cornelios
322 1071 402 1136 Sulis,
419 1074 463 1136 qni
477 1073 598 1124 dictatore
613 1073 643 1126 L.
660 1071 775 1123 cornelio
790 1071 863 1122 Sulis
883 1070 1026 1137 propinquo
1040 1085 1087 1122 suo

57 1154 115 1192 rem
137 1141 287 1191 familiarem
309 1141 444 1192 admodum
466 1149 584 1207 auxerat,
601 1155 652 1205 qua
672 1141 705 1191 de
721 1156 749 1190 rc
765 1141 824 1191 vide
846 1138 972 1190 Ciceronis
992 1139 1035 1193 lib.
1055 1141 1088 1191 ds

57 1210 151 1274 officiis
165 1210 196 1264 ll.
216 1223 271 1275 cap.
285 1204 311 1263 8.
326 1206 413 1272 529..
430 1223 494 1260 anno
512 1224 539 1275 p.
550 1225 575 1259 u.
587 1225 609 1264 o.
626 1206 687 1263 688.
696 1223 748 1260 una
762 1223 819 1259 cnm
833 1210 861 1260 P.
872 1208 996 1261 Autronio
1009 1209 1088 1261 Paeto

57 1277 149 1328 consui
168 1285 220 1329 erat
235 1278 381 1343 designatus
396 1279 423 1328 in
438 1292 531 1328 annum
547 1285 701 1341 sequentem.
737 1274 787 1328 Sed
801 1291 879 1341 quum
893 1277 950 1331 aL.
960 1277 1087 1341 Torquato

55 1344 114 1395 illio
130 1346 245 1396 consulas
262 1344 388 1412 designati
404 1348 479 1398 ambo
499 1347 612 1397 accusati
628 1355 652 1396 et
666 1346 824 1398 condemnati
841 1353 939 1406 essent,
957 1345 984 1399 in
999 1358 1086 1396 eorum

58 1413 119 1463 ioco
138 1413 169 1466 L.
188 1413 329 1477 Torquatus
349 1422 420 1481 pater
437 1423 462 1465 et
476 1415 506 1468 1..
523 1413 593 1465 Gotta
608 1428 673 1465 anno
690 1429 718 1480 p.
735 1428 762 1465 ιι.
778 1430 800 1464 c.
816 1411 878 1468 689.
894 1413 1012 1464 consules
1026 1412 1088 1464 iacti

57 1487 129 1534 aunt.
164 1481 201 1532 iio
214 1489 331 1547 tempore
350 1483 378 1532 P.
394 1481 466 1534 Sulla
486 1493 511 1533 et
524 1484 553 1533 P.
571 1482 711 1533 Autronius
737 1497 794 1532 cnm
811 1482 842 1536 L.
859 1481 966 1532 Catilina
982 1483 1087 1545 eiusque

57 1548 138 1598 sociis
153 1551 313 1615 conspirasse
332 1551 494 1611 dicebantur,
511 1557 540 1600 ut
554 1549 691 1600 interiectis
708 1550 828 1600 Kalendis
841 1550 964 1600 ianuariis
978 1549 1007 1600 L.
1025 1550 1087 1601 Tor·
1152 1588 1155 1593 .

57 1623 139 1679 quato
153 1627 178 1667 et
192 1617 222 1666 L.
243 1616 316 1668 Cotta
332 1618 477 1669 consulibus
490 1632 573 1666 rerum
588 1619 735 1683 potirentur,
744 1619 842 1680 sibique
857 1619 907 1682 ipsi
920 1618 1088 1682 consulerent,

57 1684 120 1734 vido
137 1684 248 1735 Cosmum
262 1684 366 1734 Dionem
387 1684 432 1738 iib.
450 1682 569 1734 XXXVI.
588 1698 645 1748 cap.
661 1682 706 1737 tt.
741 1686 809 1734 Lisia·
825 1682 959 1746 epib'lol.
985 1682 1086 1734 saecu.

56 1750 136 1802 Gaea.
154 1766 211 1815 cap.
226 1750 253 1801 9.
270 1750 302 1800 oi.
325 1750 375 1799 bac
391 1752 448 1815 ipsa
462 1752 576 1800 oratione
591 1764 648 1814 cap.
663 1749 708 1800 nt.
723 1752 748 1812 s.
765 1746 808 1804 si.
818 1765 857 1813 sq.
891 1752 974 1800 Etiam
990 1759 1088 1815 postes,

55 1833 140 1882 quum
158 1819 186 1867 P.
202 1816 274 1868 Sulla
287 1815 418 1881 Neapolim
439 1833 469 1881 aa
488 1817 638 1881 recepisset,
658 1825 741 1867 nmen
761 1825 786 1868 et
802 1819 897 1867 Romae
918 1830 994 1880 saepe
1017 1817 1089 1866 mana

55 1899 120 1937 esse
141 1892 166 1934 et
191 1885 389 1935 coniurationem
414 1884 584 1936 Gatiimanam
601 1898 666 1934 anno
684 1899 711 1949 p.
735 1901 762 1937 n.
779 1900 801 1934 o.
823 1880 885 1940 691.
904 1881 996 1933 iactam
1019 1882 1088 1933 baad

56 1955 169 2005 obscure
184 1953 312 2003 adiuvisse
322 1952 457 2016 dicebatur,
474 1951 651 2003 videSaliuctt'i
659 1951 731 2007 Catii.
743 1967 797 2018 cap.
807 1949 850 2006 17.
862 1951 897 2005 A.
907 1951 977 2001 Flor.
990 1950 1086 2004 iibiv.

58 2034 119 2086 cap.
140 2019 164 2070 1.
202 2020 283 2081 Quam
301 2018 333 2071 cb
354 2035 407 2070 rem
430 2036 506 2085 quum
520 2022 551 2072 L.
571 2019 748 2071 Catilinarum
765 2021 874 2070 maxima
892 2021 965 2085 parte
985 2033 1088 2075 suorum

59 2102 151 2156 pugna
167 2090 317 2155 cecidisset,
334 2090 425 2140 caeteri
440 2090 660 2160 sutamlccniurati
669 2088 785 2155 dissipati
800 2094 893 2153 essent,
908 2087 975 2137 idem
984 2086 1015 2142 L.
1025 2087 1088 2137 Tor·

62 2162 154 2220 quatum
183 2157 265 2217 iliius,
298 2159 342 2220 qui
358 2158 385 2209 P.
409 2157 507 2208 Sullam
529 2159 580 2209 iam
604 2165 678 2208 antea
695 2158 727 2208 de
750 2158 845 2208 ambitu
869 2155 1088 2221 condemnaverat,

62 2225 191 2275 smusavit
214 2227 291 2277 etiarn
309 2226 340 2276 de
357 2228 384 2277 vi
400 2225 458 2293 iege
474 2224 708 2279 PlantisD.'1unio
725 2215 812 2277 Silano
829 2224 858 2276 L.
877 2222 981 2274 limena
997 2238 1088 2275 oonsu-

60 2293 130 2342 libus
147 2307 212 2344 anno
226 2308 299 2358 p.¹n.
319 2309 342 2346 o.
359 2290 442 2353 692..
457 2295 516 2345 vide
531 2293 614 2345 Soloi.
633 2294 699 2345 Boo.
720 2294 754 2344 ad
769 2293 835 2344 hanc
851 2293 933 2358 ipsam
951 2294 1089 2343 orationem¹

63 2374 121 2424 cap.
144 2357 188 2413 33.
215 2376 242 2426 p.
260 2357 326 2421 368,
350 2358 393 2412 32
411 2362 476 2414 Bait.
500 2362 533 2417 cl.
551 2361 766 2413 Pseudosaiiustio
782 2363 809 2412 in
825 2361 964 2425 Οἰοινοιιῳιι
986 2374 1042 2425 cap.
1060 2358 1087 2411 2

60 2411 234 2479 Defendernnt
250 2429 279 2481 P.
297 2425 396 2479 Sullam
413 2429 442 2488 Q.
460 2429 606 2480 Hortensius
624 2430 649 2480 et
661 2430 695 2482 M.
711 2428 806 2491 Cicero,
825 2443 932 2492 quorum
940 2427 1088 2495 Hortensius

65 2511 96 2546 ea
114 2496 219 2545 crimina
236 2495 375 2546 refellenda
391 2505 552 2562 susceperat,
569 2498 659 2560 quibus
678 2498 805 2548 dicebatur
821 2498 850 2550 P.
864 2494 935 2547 Sulis
952 2497 979 2544 in
1012 2494 1088 2553 rima,

63 2577 130 2627 quas
142 2563 243 2625 dicitnr,
255 2563 579 2616 coniurationeiiatliinaric
588 2579 653 2616 anno
664 2581 692 2630 p.
701 2580 726 2614 u.
735 2562 823 2618 addi.
832 2563 985 2615 iaetasocius
1027 2562 1088 2618 isse,

63 2631 108 2680 hio
124 2632 238 2693 crimina,
256 2648 321 2696 quae
335 2633 367 2682 dc
385 2632 464 2684 altera
476 2633 648 2684 coniurations
663 2632 808 2684 Catilinaria
826 2632 893 2683 iacta
909 2638 979 2680 erant
988 2630 1017 2682 P.
1030 2626 1089 2677 Sui·

62 2699 112 2756 lae,
131 2699 267 2750 defendere
282 2701 397 2752 debebat.
429 2702 458 2750 In
474 2716 504 2751 eo
518 2702 595 2765 igitur
608 2701 770 2766 potissimum
778 2699 814 2754 it.
826 2699 912 2750 Gicero
925 2698 952 2747 in
968 2710 1008 2756 ea,
1023 2708 1089 2758 quas

62 2766 129 2817 inira
144 2767 250 2832 legitur,
274 2768 386 2818 oratione
401 2782 504 2834 operam
521 2783 594 2818 suam
608 2771 702 2835 posuit.
737 2770 766 2824 P.
782 2776 866 2818 antem
879 2763 975 2815 Sullam
992 2769 1089 2815 constat

62 2849 79 2884 a
93 2836 219 2886 iudicibus
234 2834 378 2887 absolutum
396 2851 461 2888 esse.

148 2966 170 3024 Ι.
193 2964 221 3026 1.
242 2928 381 3031 Maxime
395 2969 513 3040 veliem,
525 2967 652 3042 iudices,
666 2975 699 3028 ut
707 2967 738 3027 P.
751 2964 835 3027 Sulla
845 2971 875 3025 et
889 2972 978 3025 antea
993 2960 1087 3042 digni·

63 3046 136 3108 tatis
151 3065 226 3109 suae
241 3050 435 3125 splendorem
449 3050 585 3111 obtinere
598 3058 628 3111 et
640 3057 710 3126 post
721 3048 918 3109 calamitatem
932 3056 1088 3124 acceptam

63 3131 234 3192 modestiae
246 3133 375 3195 iructum
388 3132 519 3209 aliquem
531 3133 689 3209 percipere
701 3131 864 3208 potuisset:
879 3130 1088 3207 sedquoniam

63 3215 107 3274 ita
127 3213 193 3274 tulit
212 3231 303 3276 casus
323 3215 466 3288 infestus,
494 3223 527 3276 ut
547 3225 577 3277 et
602 3215 632 3275 in
652 3212 841 3291 amplissimo·
860 3213 976 3275 bonore
997 3226 1088 3287 quum

64 3297 218 3357 communi
248 3297 421 3361 ambitionis
445 3297 560 3359 invidia
582 3307 645 3359 tum
674 3297 817 3373 singulari
847 3293 988 3358 Autronii
1017 3291 1089 3354 odio
