2340 3788
372 201 454 262 car.
471 211 549 264 ro-
559 209 602 265 ra.
623 207 650 268 s.
664 210 796 267 rc-as.
1036 204 1099 273 253

63 355 180 419 rettulit
196 361 384 431 senatusque
403 353 548 429 frequens
568 361 686 414 vestem
707 369 762 428 pro
782 369 851 415 mea
866 355 965 419 salute
982 364 1100 418 muten-

64 440 137 502 dam
154 436 283 499 censuit
356 454 366 495 r

148 522 214 584 ΧΠ.
227 518 278 582 27.
301 520 325 580 0
338 520 417 581 diem
432 522 529 593 illum,
547 520 680 592 iudices,
697 520 851 602 funestum
866 521 984 582 senatui
994 523 1098 586 bonis-

65 623 129 684 que
143 603 300 678 omnibus,
320 605 365 699 qai
384 604 526 680 publicae
539 607 730 676 luctuosum,
751 600 824 663 mihi
841 604 881 663 ad
899 603 1098 669 domesticum

64 705 236 752 maerorem
261 689 473 764 gravem‚··ad
499 687 685 769 posteritatis
712 684 889 746 memoriam
913 687 1095 761 gloriosum!

65 773 147 850 Quid
165 770 245 834 enim
256 770 429 861 ‚quisquam
451 780 554 846 potest
574 768 712 831 exomni
733 769 879 831 memoria
896 786 1017 831 sumere
1032 771 1097 834 illu·

65 858 175 928 strius,
185 836 357 941 'bdurdpr'o
368 864 430 917 uno
446 855 513 915 cive
528 864 558 916 et
573 855 672 917 bonos
688 870 795 915 omnes
811 853 930 928 privato
943 869 1099 916 consensu

65 951 97 1003 et
106 938 283 1003 universum
295 942 433 1001 §enatum
447 939 569 1014 publico
581 937 709 1000 consilio
722 947 858 1000 mutasse
865 942 1003 998 vestem?
1018 954 1098 1012 quac
1116 968 1118 974 ·

65 1024 190 1101 quidem
209 1032 272 1086 tum
288 1022 413 1084 mutatio
429 1038 491 1083 non
512 1021 739 1115 deprecationis
755 1029 803 1083 est
816 1037 912 1082 causa
926 1021 1021 1095 lacta,
1042 1021 1098 1081 sed

64 1111 175 1170 luctus.
211 1106 305 1180 Quem
319 1106 400 1167 enim
415 1088 776 1182 deprecabantur‘iquum
792 1120 898 1166 omnes
913 1111 1020 1166 essent
1032 1118 1097 1164 sor·

65 1191 160 1252 didati
183 1207 338 1266 quumque
358 1191 418 1251 hoc
440 1190 516 1252 satis
535 1199 620 1252 esset
639 1188 719 1264 signi
739 1206 811 1250 csse
834 1189 1020 1264 improbum,
1047 1185 1100 1262 qui

63 1283 180 1337 mumta
200 1267 285 1334 'veste
305 1290 367 1335 non
389 1281 495 1335 esset?
521 1275 587 1335 Hac
606 1274 773 1335 mutatione
787 1273 882 1334 vestis
897 1274 991 1346 lacta,
1014 1277 1099 1332 tanto

62 1357 96 1420 in
115 1360 198 1419 luctu
215 1357 361 1431 civitatis,
384 1357 489 1420 omitto
511 1357 585 1441 quid¹
600 1358 656 1417 ille
671 1356 840 1437 tribunus,--
850 1356 982 1437 omniurn
997 1371 1104 1417 rerum

64 1439 236 1502 divinarum
251 1441 512 1517 humanarumque
528 1442 658 1517 praedo,
677 1438 798 1511 lecerit,
816 1438 998 1513 quiadessc
1011 1437 1098 1501 nobi-

63 1524 201 1586 lissimos
216 1521 446 1600 adolescentes,
466 1522 702 1586 honestissimos
720 1522 839 1599 equites
856 1524 1027 1599 Romanos,
1044 1522 1098 1584 dc-

63 1617 242 1685 precatores
268 1610 375 1670 salutis
400 1625 488 1670 meae
511 1606 635 1671 iusserit
656 1623 775 1682 eosque
795 1622 957 1681 operarum
973 1623 1098 1668 suarum
1127 1614 1129 1619 ’

63 1691 175 1768 gladiis
191 1702 221 1752 ct
234 1692 388 1767 lapidibus
403 1690 563 1753 obiecerit:
579 1691 620 1751 dc
631 1690 950 1787 consulibus-loquor,
966 1707 1098 1766 quorum

62 1776 127 1836 fide
148 1775 338 1849 respublica
359 1774 412 1835 niti
426 1772 539 1835 debuit
582 1771 633 1834 28.
654 1772 853 1835 Exanrmatus
875 1775 978 1834 evolat
994 1790 1034 1833 ex
1049 1790 1098 1834 se-

62 1866 153 1928 natu,
172 1872 232 1915 non
247 1856 348 1916 minus
361 1857 541 1931 perturbato
551 1855 654 1917 animo
669 1864 761 1931 atque
777 1857 877 1929 vultu,
894 1872 986 1930 quam
1001 1855 1029 1916 si
1044 1873 1098 1915 an·

60 1941 113 2019 qis
123 1946 199 2009 ante
214 1938 322 2013 paucis
336 1937 367 1998 in
383 1937 567 2000 creditorum
581 1947 764 2002 conventum
778 1938 952 2001 incidisset=
968 1939 1100 2001 advocat

55 2007 253 2094 ”c‘dntidnem
270 2021 363 2083 habet
378 2020 545 2084 orationem
555 2024 646 2083 telem
658 2025 782 2096 consul,
801 2023 921 2096 qualem
933 2039 1098 2096 numquam

62 2103 192 2168 Catilina
205 2104 303 2166 victor
316 2104 490 2168 habuisset:
516 2122 617 2167 errare
637 2105 794 2185 homines,
819 2105 847 2167 si
863 2107 953 2167 etiam
970 2115 1033 2168 tum
1048 2122 1098 2185 sc·

61 2198 168 2250 natum
182 2188 297 2264 aliquid
307 2189 338 2251 in
348 2207 383 2251 rc
393 2189 516 2265 publica
529 2205 627 2271 posse
640 2179 871 2263 arbitrarentur,
888 2189 1008 2265 equites
1024 2178 1132 2269 nefr‘o'j.

62 2274 221 2334 Romanos
240 2272 367 2335 daturos
387 2272 469 2334 illius
482 2268 558 2347 'dies
578 2289 711 2349 poenas,
736 2290 864 2350 quomo
885 2275 1013 2336 consule
1029 2276 1114 2335 cum'
1145 2316 1155 2353 7

63 2355 176 2430 gladiis
189 2354 220 2416 in
237 2355 317 2417 clivo
333 2355 503 2432 Capitolino
519 2356 663 2431 luissent,
686 2359 811 2418 venisse
833 2366 954 2434 tempus
970 2357 1024 2432 iis,
1045 2359 1099 2433 qui

67 2436 98 2494 in
116 2437 225 2501 timore
244 2438 379 2502 luissent·
398 2472 442 2487 ·-
462 2439 637 2502 coniuratos
653 2439 798 2504 videlicet
809 2439 931 2503 dicebat
942 2474 1000 2512 -,
1022 2439 1098 2502 ulci-

66 2521 171 2583 scendi
188 2539 232 2584 se.
260 2521 291 2582 Si
309 2522 440 2595 dixisset
453 2523 660 2605 haecsolum,
681 2525 763 2585 omni
780 2524 933 2600 supplicio
948 2532 1034 2585 esset
1053 2523 1098 2582 di-

65 2620 158 2679 gnns=
183 2620 253 2666 nam
268 2607 364 2667 oratio
379 2596 601 2682 rosbbontbus·
616 2606 791 2682 perniciosa
805 2614 908 2684 potest
919 2623 984 2668 rem
999 2605 1098 2682 publi·

65 2703 132 2748 cam
153 2688 448 2766 labefactarez'quid
470 2689 576 2753 lecerit
593 2691 706 2752 videte.
741 2691 793 2752 29.
815 2691 850 2752 L.
868 2690 1020 2763 Lamiam,
1046 2686 1099 2763 qui

65 2787 159 2846 quum
177 2772 348 2848 meipsum
368 2789 425 2853 ppo
448 2791 566 2834 summo
587 2774 803 2850 familiaritate,
832 2790 912 2849 quae
934 2771 1008 2855 milri
1029 2787 1100 2859 cum
1143 2818 1145 2823 .

64 2862 151 2930 patro
165 2855 232 2918 eius
246 2863 320 2930 erat,
338 2852 433 2918 unice·
445 2856 598 2933 diligebat,
613 2866 676 2919 tum
690 2875 747 2934 pro
762 2876 797 2921 re
812 2857 936 2934 publica
952 2856 1005 2918 vel
1017 2854 1098 2917 mor-

64 2946 124 2998 tem
145 2948 292 3015 oppetere
313 2939 470 3017 cupiebat,
494 2940 524 3001 in
543 2940 684 3002 contione
704 2941 852 3018 relegavit
867 2938 1040 3019 edixitque,
1064 2948 1099 3002 ut

62 3022 103 3082 ab
118 3023 195 3084 urbe
216 3024 340 3086 abesset
358 3023 440 3085 milia
461 3041 610 3099 passuum
630 3025 777 3098 ducenta,
803 3024 886 3101 quod
903 3018 987 3086 estet
1001 3040 1097 3086 ausus

62 3121 121 3180 pro
139 3104 211 3180 civi,
233 3123 290 3183 pro
309 3108 390 3169 benc
409 3108 515 3171 merito
532 3106 607 3181 civi,
633 3111 689 3183 pro
710 3108 824 3184 amico,
849 3124 906 3184 pro
926 3107 1097 3184 republica

63 3189 251 3279 deprecari«
402 3266 405 3271 ¹
443 3236 449 3243 .
1128 3242 1132 3250 ,

147 3273 227 3334 ΧΙΙΙ.
250 3273 328 3348 Quid
347 3276 408 3337 hoc
428 3274 550 3337 homine
571 3275 689 3336 faciest
711 3283 763 3336 aut
783 3291 845 3350 quo
867 3274 964 3344 civem
984 3277 1098 3350 impor-

62 3365 170 3418 tunum
184 3365 237 3418 aut
251 3374 312 3433 quo
328 3359 431 3434 potius
445 3359 564 3435 hostem
579 3367 640 3420 tam
654 3361 836 3420 sceleratum
849 3366 1013 3441 reserves?
1033 3355 1096 3432 qui,

61 3446 97 3502 ut
111 3440 246 3504 omittam
261 3448 397 3519 caetere,
420 3459 500 3520 quae
514 3451 584 3505 sunt
597 3441 627 3505 el
642 3459 710 3506 cunr
728 3444 848 3519 collega
861 3424 985 3506 immani
998 3441 1097 3517 impu·
1160 3478 1164 3487 =

10 1988 52 2043 ΜΨ
