2340 3788
388 197 472 257 cal).
488 204 586 258 ι-ι.
608 201 634 264 t·
648 203 763 259 e-1o.
1032 196 1093 264 187

59 367 109 412 ras
126 347 201 425 ipsa
214 343 340 421 flagitat.
369 346 469 406 Unum
484 346 575 407 etiam
591 361 672 406 nunc
687 347 868 407 concedam:
884 355 1004 423 exeant,
1021 365 1092 425 pro·

59 433 255 503 licisoantur,
282 444 322 489 ne
346 428 497 503 patiantur
521 427 674 489 desiderio
701 428 749 489 sui
770 428 924 491 Catilinam
947 431 1092 493 miserum

59 517 233 578 tabescere.
262 512 483 573 Demonstrabo
498 512 570 573 iter:
596 510 721 571 Aurelia
738 510 788 570 via
804 515 961 586 proiectus
978 522 1041 575 este
1065 515 1093 576 si

60 598 238 660 accelerare
254 594 367 669 volent,
384 596 423 655 ad
436 611 598 670 vesperam
610 601 846 669 consequentur.
877 591 906 656 7.
923 594 1092 659 Olortuna-

59 691 125 743 tam
140 694 207 739 rern
226 678 394 753 publicam,
419 677 446 738 si
462 677 584 754 quidem
598 676 678 736 hanc
693 676 841 738 sentinam
855 676 938 738 urbis
953 678 1091 743 eiecerit!

58 765 134 825 Uno
146 761 321 821 mehercule
337 760 462 821 catilina
476 760 636 833 exhausto,
652 761 752 820 levata
765 759 837 818 mihi
852 768 882 820 et
892 769 1029 821 recreata
1040 779 1092 824 res

59 843 187 923 publiea
208 842 337 904 videtur.
372 842 451 916 Quid
465 842 544 903 enim
559 842 629 902 mali
644 851 695 903 aut
710 843 835 916 sceleris
850 841 924 918 fingi
944 851 996 903 aut
1010 844 1093 919 cogi-

60 928 120 990 tari
134 933 240 1007 potest
260 927 343 1001 quod
357 943 419 987 non
439 925 489 986 ille
507 927 702 1001 conceperit?
729 924 803 999 Quis
818 933 881 986 tota
899 924 986 986 ltalia
1001 943 1093 986 vene·

60 1014 152 1085 licus,
168 1008 237 1084 quis
252 1009 409 1083 gladiator,
425 1008 494 1083 quis
509 1010 594 1082 latro,
615 1009 683 1084 quis
699 1007 837 1081 sicarius,
852 1010 921 1084 quis
932 1008 1094 1084 parricida,

62 1093 134 1171 quis
148 1100 400 1161 testamentorum
414 1090 583 1164 subiector,
599 1092 668 1167 quis
681 1092 940 1168 circumscriptor,
958 1090 1028 1166 quis
1041 1107 1093 1166 ga-

61 1193 133 1249 neo,
150 1173 220 1250 quis
233 1190 342 1250 nepos,
358 1173 427 1250 quis
441 1176 567 1249 adulter,
585 1192 662 1249 quac
675 1177 782 1236 mulier
797 1174 927 1249 inlamis,
943 1175 1011 1250 quis
1027 1191 1094 1236 cor-

61 1267 171 1336 ruptor
184 1257 366 1330 iuventutis,
383 1257 452 1333 quis
467 1266 637 1336 corruptae,
653 1259 722 1334 quis
734 1257 872 1334 perditus
886 1257 1016 1319 inveniri
1028 1264 1094 1334 pot-

63 1351 112 1405 est
131 1339 186 1418 qni
207 1356 242 1402 se
263 1357 331 1402 cunr
347 1341 473 1402 catilina
487 1359 549 1403 non
566 1341 798 1403 familiarissime
814 1341 931 1404 vixisse
946 1343 1095 1403 fateatur?
1119 1410 1122 1415 ¹

64 1440 145 1503 quae
160 1424 273 1485 caedes
293 1440 351 1500 per
369 1425 465 1487 hosce
482 1443 580 1487 annos
599 1425 664 1488 sine
683 1425 735 1486 illo
756 1427 836 1487 lacta
851 1433 918 1487 esti
944 1427 1028 1501 quod
1041 1442 1094 1486 ne·

63 1507 174 1570 larium
190 1515 328 1583 stuprum
343 1525 405 1569 non
418 1526 475 1586 per
488 1509 591 1570 illumi
620 1507 650 1568 8.
670 1511 733 1569 lam
746 1525 822 1570 vero
840 1525 920 1586 quae
934 1517 1016 1571 tanta
1028 1526 1094 1569 urn-

64 1586 156 1668 quam
173 1589 204 1649 in
219 1592 280 1651 ullo
295 1591 442 1652 homine
434 1591 599 1653 iuventutis
612 1591 756 1655 illecebra
774 1592 831 1652 luit
847 1600 960 1688 quanta
975 1592 1006 1651 in
1021 1592 1095 1652 illoi

64 1673 117 1751 qui
137 1672 247 1734 alios'
238 1689 308 1747 lpse
322 1675 443 1735 amabat
455 1673 646 1748 turpissime,
666 1674 794 1735 aliorum
810 1674 905 1735 amori
919 1673 1094 1748 flagitiosis·

63 1759 141 1818 sime
156 1756 326 1817 serviebat=
346 1756 414 1816 aliis
431 1757 561 1816 fructum
575 1755 746 1826 libidinum,
763 1755 830 1816 aliis
845 1764 971 1816 mortem
986 1772 1094 1830 paren·

62 1850 126 1902 tum
142 1855 207 1899 non
220 1838 312 1896 modo
328 1836 530 1911 impellendo,
550 1852 657 1895 verum
677 1836 767 1897 etiam
781 1837 956 1898 adiuvando
970 1837 1095 1910 pollice·
1140 1878 1146 1884 -

62 1919 285 1985 bannalium
305 1933 488 1992 veroquam
509 1917 609 1978 subito
626 1934 687 1978 non
709 1919 807 1978 solum
824 1934 864 1979 ex
878 1919 969 1988 urbe,
992 1934 1095 1978 verum

63 2006 156 2068 etiam
175 2017 215 2061 ex
229 1999 311 2075 agris
326 2001 480 2095 ingentem
494 2016 652 2062 numerum
662 2000 848 2076 perditorum
864 1999 1020 2061 hominum
1035 2001 1096 2061 col·

61 2091 196 2165 legerat!
218 2083 314 2146 Nemo
331 2101 394 2145 non
408 2067 500 2146 n'rodo
514 2085 639 2158 Rornae,
657 2085 714 2144 sed
729 2101 767 2145 ne
782 2085 844 2146 ullo
861 2082 1006 2161 quidem
997 2100 1029 2142 ιιι
1043 2099 1096 2144 an·

62 2173 135 2248 gulo
158 2166 252 2228 totius
266 2167 370 2228 ltaliae
391 2184 561 2244 oppressus
582 2184 653 2228 aero
673 2167 774 2229 alieno
791 2168 847 2230 fuit
868 2184 958 2244 quern
978 2183 1040 2228 non
1056 2167 1096 2229 ad

63 2255 123 2314 hoc
144 2249 323 2312 incredibile
345 2252 471 2313 sceleris
494 2253 605 2314 foedus
627 2251 778 2313 asciverit.
820 2252 859 2312 V.
881 2249 912 2311 9.
939 2252 1039 2327 Atque
1063 2258 1097 2312 ut

65 2336 132 2398 eius
151 2333 276 2394 diversa
296 2334 398 2396 studia
414 2337 444 2394 in
465 2335 605 2398 dissimili
625 2335 742 2397 ratione
764 2336 939 2411 perspicere
957 2333 1095 2410 possitis,

64 2433 156 2481 nemo
172 2426 220 2478 est
235 2416 353 2479 inludo
372 2417 552 2492 gladiatorio
567 2420 670 2495 paullo
692 2418 732 2478 ad
749 2418 867 2481 lacinus
882 2417 1029 2481 audacior
1043 2416 1096 2492 qui

65 2518 99 2563 se
115 2517 179 2561 non
194 2499 330 2561 intimum
346 2500 490 2562 Catilinae
505 2517 576 2561 esse
594 2502 637 2562 lat
625 2509 737 2575 t,eatur
760 2517 848 2563 nemo
869 2501 900 2562 in
921 2517 1035 2563 scaena
1054 2500 1096 2558 le-

63 2586 132 2646 vior
154 2584 334 2658 etnequior
356 2583 408 2659 qui
430 2600 464 2644 se
488 2598 550 2643 non
574 2583 711 2644 eiusdem
726 2601 825 2661 prope
841 2574 981 2646 sodalem
999 2581 1096 2642 luisse

64 2673 291 2729 commemoret.
332 2668 435 2742 Atque
456 2666 538 2727 idem
557 2672 672 2740 tamen,
698 2675 872 2744 stuprorum
895 2676 925 2729 et
947 2665 1098 2726 scelerum

65 2749 283 2812 exercitatione
304 2751 517 2822 adsuefactus,
541 2748 653 2823 frigore
674 2758 704 2812 et
721 2752 800 2813 lame
821 2760 851 2812 et
866 2748 916 2811 siti
938 2756 968 2808 et
986 2744 1097 2820 vigiliis

63 2831 272 2910 perferendis,
295 2832 381 2894 fortis
403 2833 441 2893 ab
461 2831 529 2893 istis
547 2833 793 2908 praedicabatur,
817 2848 911 2908 quum
929 2827 1097 2890 industriae

64 2914 206 2977 subsidia
229 2924 321 2992 atque
344 2915 541 2977 instrumenta
563 2914 680 2975 virtutis
702 2914 734 2974 in
758 2913 885 2974 libidine
908 2911 1098 2988 audaciaque

63 3006 271 3060 consumeret
309 2997 359 3061 10.
381 3000 469 3059 Hune
486 3016 560 3060 vero
579 2998 606 3059 si
621 2997 719 3058 secuti
739 3006 827 3057 erunt
842 2995 890 3057 sui
905 2992 1047 3070 comites,
1069 2993 1096 3055 si

63 3099 103 3143 ex
124 3081 203 3142 urbe
224 3080 354 3143 exierint
374 3083 607 3158 desperatorum
631 3078 787 3141 hominurn
807 3078 952 3155 flagitiosi
976 3094 1094 3156 greges,

62 3182 81 3226 o
96 3180 158 3225 nos
172 3164 290 3237 beatos,
308 3181 327 3226 o
342 3181 407 3225 rem
421 3165 573 3239 publicam
588 3166 779 3235 fortunatam,
799 3180 817 3224 o
831 3163 1018 3238 praeclaram
1031 3164 1096 3222 lan-

62 3249 134 3309 dem
146 3248 325 3309 consulatus
336 3246 411 3308 mei!
433 3248 500 3309 Non
512 3249 590 3308 enim
603 3249 662 3308 iam
675 3255 746 3308 sunt
756 3246 926 3308 mediocres
941 3244 1097 3307 hominum

60 3329 224 3404 libidines,
243 3347 305 3392 non
326 3330 476 3392 humanae
490 3345 527 3391 ao
545 3330 721 3392 tolerandae
741 3329 901 3390 audaciam
925 3328 1000 3388 nihil
1014 3323 1097 3398 cogi·

60 3422 127 3476 tant
139 3413 202 3475 nisi
217 3414 353 3487 caedem,
367 3412 427 3474 nisi
442 3413 594 3488 incendia,
610 3413 670 3474 nisi
683 3413 817 3489 rapinas.
844 3410 1028 3475 Patrimonia
1040 3421 1114 3468 sua·
