2340 3788
412 182 492 244 cAP.
507 190 619 247 9-11.
642 189 667 250 3
682 191 812 248 lii-2⁶·
1054 185 1094 250 51

80 339 192 393 verunt
207 331 267 392 sibi
279 331 354 393 iliud
366 332 512 408 oppidum
523 331 653 410 piratae,
670 334 767 408 primo
781 337 970 409 commercio,
985 336 1095 399 deinde

82 417 170 476 cunm
187 414 341 498 societate.
368 413 419 476 22.
448 414 624 476 Mamertina
644 415 749 475 civitas
768 415 903 492 improba
926 427 1014 480 antea
1032 437 1094 480 non

83 506 157 558 emta
175 498 266 558 etiam
281 505 345 558 erat
358 496 479 557 inimica
492 497 706 572 improborum,
725 513 801 571 quoe
817 500 846 559 C.
856 502 985 572 catonis,
1004 502 1094 577 iliius,

50 574 52 589 '
85 578 131 655 qui
154 581 264 641 consui
289 578 357 652 tuit,
381 578 594 655 impedimenta
614 578 743 640 retinuit
773 581 813 640 At
835 583 920 642 cuius
944 584 1095 645 hominist

86 661 241 723 clarissimi
263 677 300 720 ac
320 656 536 736 potentissimi:
558 661 609 736 qui
626 671 722 722 nmen
740 678 832 737 quum
848 667 953 725 consui
975 667 1091 740 inisset,

87 745 301 805 condemnatus
316 751 381 804 est:
408 746 476 821 [ita‚
502 745 531 804 C.
551 744 639 817 cato,
655 745 783 805 duorum
797 745 948 805 bominum
963 748 1092 809 ctarissi-

87 842 199 889 nrorum
214 843 329 902 ncpm,
343 826 376 884 L.
391 827 485 886 Paulli
503 833 532 887 et
542 826 581 885 Μ.
598 827 717 888 Catonis
734 834 764 888 ct
778 827 809 885 P.
825 827 959 887 Africani
978 829 1093 890 sororis

87 910 171 988 iiius]
187 926 248 985 quo
265 910 404 969 damnato
421 917 504 978 tunc,
522 925 613 983 quum
627 909 737 969 iudicia
751 909 872 983 fiebant,
887 909 937 970 HS
951 927 998 970 1111
1019 911 1094 971 miti·

88 993 138 1053 bus
151 993 190 1053 lis
206 992 364 1052 aestimata
378 1000 439 1051 est!
466 990 542 1051 Huic
557 991 724 1052 Mamertini
737 991 803 1052 irati
817 994 952 1071 suerunt,
968 993 1019 1069 qui
1032 1009 1093 1053 ma

90 1074 175 1136 iorem
197 1082 366 1148 sumptum,
390 1089 479 1148 quam
501 1073 602 1148 quanti
617 1075 737 1134 catonis
755 1073 792 1133 tis
807 1078 964 1135 aestimata
977 1084 1039 1149 est,
1062 1075 1092 1135 in

89 1156 259 1218 iimarcbidi
281 1154 441 1230 prandium
455 1172 548 1230 saepe
563 1158 708 1216 iecerunt.
736 1153 786 1217 23.
820 1159 932 1218 Verum
953 1158 1028 1217 haec
1051 1157 1091 1217 ci-

92 1239 157 1300 uitas
175 1238 228 1299 isti
249 1237 393 1312 praedoni
413 1254 449 1298 ac
475 1237 589 1314 piratae
609 1237 758 1299 Siciliensi
770 1238 909 1300 -Phaseiis
933 1240 997 1300 tuit.
1025 1241 1092 1299 Huc

49 1342 55 1351 ·
92 1322 180 1382 omnia
204 1321 337 1395 undique
363 1322 586 1381 deferebantur:
617 1322 700 1396 apud
731 1321 806 1381 istos
829 1321 1090 1397 relinquebantur=

49 1424 56 1433 ·
94 1405 164 1479 quod
179 1404 271 1463 celari
290 1419 367 1478 opus
382 1411 461 1476 erat,
481 1403 632 1463 habebant
647 1403 812 1478 sepositum
835 1413 865 1464 et
887 1405 1089 1466 reconditum

49 1520 59 1533 -
94 1486 227 1558 parisios
243 1502 320 1560 quae
333 1487 454 1546 volebat
471 1486 547 1546 ciam
561 1485 757 1560 imponenda,
773 1488 889 1546 occulto
903 1488 1091 1562 exportanda

48 1587 61 1599 ·
94 1569 221 1629 tumbata
235 1584 342 1628 navem
357 1567 488 1643 denique
504 1567 676 1638 marinam,
696 1585 786 1642 quam
802 1578 940 1629 onustam
956 1569 1043 1630 furtis
1057 1569 1089 1629 in

48 1664 65 1698 r
93 1647 192 1711 ltaliam
208 1649 347 1722 mitteret,
367 1651 450 1723 apud
463 1649 540 1708 istos
554 1649 724 1709 faciundam
743 1649 1022 1727 aedificandamque
1037 1668 1089 1712 cu·

48 1741 67 1780 ¹·
93 1733 168 1795 ttrite
184 1747 242 1807 pro
255 1732 339 1790 hisce
353 1731 444 1790 rebus
460 1731 579 1788 vacatio
598 1731 667 1789 data
679 1739 726 1790 est
742 1732 780 1790 ab
799 1730 857 1791 isto
879 1744 1030 1807 sumptus,
1046 1735 1088 1792 la·

48 1805 68 1863 ’ὲ
94 1811 177 1887 ioris,
192 1812 329 1882 miiitiae,
348 1827 448 1869 rarum
467 1809 597 1883 denique
615 1810 759 1870 omnium=
784 1828 839 1885 per
856 1814 1011 1873 triennium
1032 1814 1090 1872 soti

94 1908 133 1958 nn
151 1896 248 1954 modo
266 1895 295 1950 in
311 1891 426 1962 Sicilia,
442 1906 555 1962 verum,
570 1899 602 1950 ut
617 1890 718 1964 opinio
733 1907 799 1951 mea
815 1894 885 1964 tert,
906 1895 954 1954 his
969 1894 1102 1967 quidem·

53 2049 60 2059 ·
94 1975 267 2055 mporibus
282 1973 312 2033 in
328 1973 408 2033 omni
424 1973 497 2034 orbe
513 1980 656 2032 terrarum
670 1972 768 2044 vacui,
784 1983 934 2048 expertas,
949 1975 1040 2036 soluti
1053 1991 1090 2035 ac

92 2056 158 2123 beri
176 2060 298 2116 t'uerunt
311 2056 349 2114 ob
366 2055 445 2116 omni
463 2063 592 2129 sumptu,
609 2055 756 2128 molestia,
771 2072 903 2131 munere.
935 2055 985 2119 at.
1011 2057 1089 2118 Hinc

58 2210 64 2221 ,
90 2136 123 2205 la
147 2138 262 2201 Verria
286 2147 356 2199 nata
379 2145 462 2211 sunt,
487 2138 570 2212 quod
589 2136 619 2197 in
641 2138 811 2200 convivium
831 2139 902 2200 Sex.
925 2139 1088 2201 Cominium

88 2222 210 2293 'anabi
225 2222 331 2294 iussit‚'
349 2220 379 2280 in
395 2236 484 2295 quem
503 2221 654 2297 scyphum
673 2223 713 2281 de
732 2238 823 2282 manu
841 2221 940 2284 iacere
961 2232 1086 2285 conatus

86 2316 130 2381 et,
153 2320 249 2380 quem
264 2305 382 2363 obtorta
394 2304 463 2377 guia
479 2304 518 2363 dc
534 2303 673 2369 convivio
689 2304 720 2363 in
734 2305 831 2365 vincia
844 2312 934 2382 atquo
955 2307 985 2365 in
1004 2314 1086 2368 tenc·

86 2380 142 2451 hs
157 2386 260 2460 abripi
273 2385 370 2446 iussit
397 2387 473 2446 Hinc
488 2385 539 2445 iiia
560 2402 648 2459 crux,
672 2387 702 2447 in
724 2404 813 2461 quom
836 2387 893 2449 iste·
914 2388 1012 2450 civem
1025 2390 1086 2449 Ro

80 2478 193 2533 unm
214 2469 313 2529 multis
329 2467 565 2543 inspectantibus
579 2468 711 2529 sustutit=
737 2486 827 2545 quom
845 2487 906 2532 non
926 2488 1020 2533 ausus
1041 2479 1087 2531 est
1141 2532 1144 2537 .

47 2552 51 2559 '
79 2562 202 2630 uquam
225 2551 357 2625 defigere
378 2549 436 2610 nisi
449 2550 531 2624 apud
550 2566 621 2624 eos,
647 2551 825 2625 quibuscum
849 2554 950 2615 omnia
971 2554 1088 2613 scotera

76 2644 124 2699 tua
141 2650 184 2697 ac
203 2631 360 2693 latrocinia
384 2630 622 2693 communicavit
653 2633 702 2692 XI.
734 2636 900 2696 Laudatum
921 2635 1010 2696 etiam
1031 2648 1087 2692 vos

75 2731 257 2793 quemquam
274 2713 402 2774 venitist
428 2715 493 2788 Qua
506 2712 701 2774 auctoritate?
715 2725 821 2790 utrum,
837 2733 928 2790 quam
942 2714 1025 2789 apud
1039 2728 1086 2774 se

72 2808 190 2872 utum,
211 2814 251 2857 an
273 2812 362 2871 quam
382 2799 465 2872 opud
479 2798 622 2872 populum
636 2796 803 2859 Romanum
817 2799 931 2858 babere
951 2796 1087 2857 debetist
1108 2806 1112 2825 ¹

70 2876 114 2947 ὃ.
149 2882 263 2955 Ecqua
287 2878 393 2940 civitas
415 2888 462 2941 est
485 2895 545 2939 non
574 2876 603 2936 in
633 2879 795 2951 provinciis
827 2881 953 2951 nostris,
984 2895 1086 2942 verum

70 2956 230 3029 hurumis
244 2961 414 3025 nauonibus
428 2969 480 3041 aut
493 2969 552 3022 tam
566 2969 676 3035 potens
691 2969 742 3020 aut
755 2969 815 3021 tam
828 2961 922 3023 libera
935 2970 985 3022 out
998 2962 1085 3025 etium

68 3048 121 3111 itm
135 3045 283 3110 immanis
300 3062 336 3105 ac
350 3044 493 3116 barbara,
509 3061 564 3104 rex
579 3042 709 3117 denique
731 3043 837 3117 ecquis
858 3051 905 3105 est
924 3043 975 3119 qui
997 3062 1084 3107 sena·

67 3132 162 3195 brem
181 3128 289 3204 popuii
302 3129 430 3187 Romani
449 3135 527 3188 tecto
543 3145 579 3187 nc
595 3128 684 3187 domo
700 3141 760 3184 non
776 3125 900 3188 invitet?
919 3129 967 3204 qui
985 3129 1083 3190 bonos

65 3222 121 3277 ton
143 3210 266 3273 homini
287 3211 384 3272 solum
405 3211 544 3281 habetur,
571 3211 627 3269 sed
651 3209 778 3283 primum
805 3212 917 3284 populo
936 3212 1083 3280 Romano,

65 3298 150 3359 coins
169 3293 323 3355 beneficio
338 3309 395 3352 nos
410 3293 440 3352 in
455 3293 535 3352 hunc
551 3292 687 3353 ordinem
702 3291 852 3365 venimus,
873 3293 982 3354 deinde
1004 3289 1082 3352 ordi·

63 3378 106 3442 rto
121 3375 317 3448 auctoritati,
337 3391 415 3450 quac
434 3374 492 3436 nisi
508 3377 609 3452 gravis
624 3374 679 3435 erit
693 3377 773 3450 apud
789 3375 890 3437 socios
914 3385 944 3436 et
963 3380 1085 3434 exteras

855 3458 907 3525 4*
