2340 3788
94 189 175 285 ¹rato
353 188 427 269 aaa
444 186 727 251 aacmanonra
740 187 891 255 ortano,

111 348 256 419 qnantum
272 341 312 400 ad
333 340 428 402 lestos
445 341 512 400 dies
532 339 672 401 ludorum
692 339 905 411 celebrandos,
927 348 1075 415 quantum
1095 344 1135 404 ad

110 426 187 485 alias
200 424 372 496 voluptates
386 431 417 484 et
431 424 471 488 ad
484 423 584 497 ipsam
601 422 738 496 requiem
754 420 844 481 animi
859 429 889 482 et
906 423 1046 497 corporis
1062 440 1133 487 con-

111 505 228 567 ceditur
241 512 425 580 temporum,
449 514 593 581 quantum
613 504 663 564 alii
679 504 810 565 tribuunt
824 504 1012 579 tempestivis
1030 508 1135 567 couvi

110 586 185 663 viis,
200 597 344 663 quantum
358 590 489 662 denique
503 589 640 657 alveolo,
662 596 806 664 quantum
821 586 914 661 pilae,
932 594 1047 648 tantum
1062 590 1134 650 milri

111 679 231 746 egomet
243 670 284 731 ad
294 672 371 732 haec
382 671 482 732 studia
492 670 655 732 recolenda
669 677 852 744 sumpserat
870 673 971 744 Atque
982 671 1043 731 hoe
1053 674 1133 735 adeo

110 754 183 814 mihi
197 754 424 816 concedendum
439 762 486 814 est
498 753 612 829 magis,
630 754 713 828 quod
727 769 765 812 ex
780 751 828 811 his
843 753 950 813 studiis
965 751 1043 814 liaeo
1058 772 1134 830 qun·

111 854 171 913 que
184 835 295 898 crescit
309 836 404 897 oratio
419 845 450 896 et
465 837 601 908 facultas,
617 851 696 910 quae
712 842 956 910 quantacumque
971 836 1060 896 estin
1075 854 1133 912 me,

110 936 273 996 numquam
288 920 452 979 amicorum
475 919 618 994 periculis
634 917 736 979 deluit.
770 917 853 991 Quae
868 917 894 977 si
912 919 960 978 cui
977 919 1077 978 levior
1090 921 1133 980 vi·

110 1004 205 1076 detur,
219 1003 272 1063 illa
282 1001 404 1077 quddam
416 1011 506 1075 certe,
523 1017 601 1076 quae
613 1016 729 1061 summa
741 1008 819 1073 sunt,
834 1015 872 1059 ex
885 1017 946 1075 quo
961 1002 1045 1062 tonte
1058 1001 1133 1063 hau-

109 1085 184 1145 riam
205 1083 313 1145 seatio.
354 1081 411 1144 14·
426 1085 499 1144 Nam
519 1084 578 1144 nisi
600 1087 760 1144 multorum
780 1082 951 1158 praeceptis
968 1084 1133 1160 multisque

109 1166 215 1229 litteris
240 1167 312 1226 milri
336 1167 375 1227 ab
399 1166 606 1227 adolescentia
630 1168 796 1227 suasissem
822 1164 896 1225 nihil
918 1182 990 1227 esse
1014 1168 1045 1226 in
1070 1167 1134 1229 vita

109 1266 219 1325 magno
234 1264 329 1324 opere
346 1250 550 1323 expetendum
565 1248 625 1309 nisi
639 1250 758 1309 laudem
773 1257 864 1323 atque
879 1241 1132 1323 honestatem,.in

110 1349 147 1393 ea
161 1341 260 1394 autem
275 1333 489 1406 persequenda
503 1348 609 1392 omnes
624 1332 775 1392 cruciatus
792 1330 945 1405 eorporis,
964 1332 1066 1392 omnia
1079 1349 1132 1408 pe-

108 1416 203 1474 ricula
217 1413 322 1487 mortis
337 1421 428 1488 atqua
442 1414 542 1474 exsilii
557 1414 642 1490 parvi
656 1429 727 1474 esse
741 1414 889 1486 ducenda,
906 1430 1071 1490 numquam
1084 1432 1133 1475 me

108 1512 166 1572 pro
183 1498 279 1557 salute
297 1503 398 1557 vestra
417 1495 449 1556 in
468 1505 513 1559 tot
528 1513 565 1557 ac
580 1505 678 1557 tantas
700 1495 908 1557 dimicationes
922 1504 1015 1571 atque
1029 1499 1061 1557 in
1074 1498 1133 1558 hos

109 1578 337 1656 profligatorum
351 1578 506 1641 huminum
523 1578 693 1640 cotidianos
707 1579 838 1653 impetus
852 1577 1045 1640 obiecissem.
1071 1579 1132 1642 Sed

107 1661 192 1737 pleni
211 1678 317 1722 omnes
335 1670 406 1723 sunt
419 1663 502 1737 libri,
524 1665 634 1738 plenae
649 1661 831 1736 sapientium
847 1679 955 1735 voces,
975 1664 1067 1737 plena
1081 1679 1133 1722 ex-

108 1747 277 1820 emplorum
295 1752 448 1807 vetustam
473 1762 552 1822 quae
573 1745 706 1806 iacerent
725 1745 757 1805 in
776 1746 907 1806 tenebris
931 1745 1056 1831 omnia,¹
1074 1745 1134 1806 nisi

107 1827 272 1889 litterarum
291 1830 392 1890 lumen
412 1829 582 1891 accederet.
626 1828 721 1903 Quam
741 1831 850 1889 multas
871 1827 960 1887 nobis
986 1828 1133 1903 imagines

107 1926 169 1973 non
185 1913 284 1972 solum
297 1911 336 1971 ad
350 1911 534 1985 intuendum,
558 1911 767 1972 verumetiam
782 1913 822 1972 ad
834 1911 1010 1973 imitandum
1033 1912 1133 1972 tortis·

108 1995 254 2057 simorum
274 1993 406 2056 virorum
432 2010 597 2071 expressas
617 1994 782 2070 scriptores
803 2003 833 2055 et
854 1992 961 2054 Graeci
987 2002 1018 2054 et
1036 1994 1134 2054 Latini

107 2079 310 2152 reliqueruntt
335 2095 412 2153 quas
428 2095 486 2153 ego
501 2077 574 2137 mihi
595 2093 715 2151 semper
729 2076 761 2135 in
776 2076 1014 2137 administranda
1030 2093 1065 2136 re
1078 2094 1134 2153 pu·

108 2159 188 2218 blica
209 2176 385 2234 proponens
399 2161 531 2221 animum
552 2169 581 2220 et
601 2169 729 2220 mentem
745 2176 842 2219 meam
863 2160 931 2235 ipsa
952 2159 1134 2234 cogitatione

109 2241 263 2300 hominum
279 2243 490 2304 excellentium
506 2245 740 2304 conformabam.

192 2322 320 2386 v11.15.
345 2325 473 2399 Quaeret
493 2326 660 2401 quispiam:
685 2325 779 2399 quid?
804 2324 847 2384 illi
866 2323 927 2398 ipsi
943 2324 1052 2384 summi
1067 2324 1132 2396 viri,

110 2422 238 2482 quorum
254 2407 378 2469 virtutes
393 2408 497 2470 litteris
514 2410 650 2484 proditae
665 2417 743 2479 sunt,
765 2408 863 2469 istane
878 2407 1023 2482 doctrina,
1043 2423 1137 2482 quam·

19 2498 28 2513 ·
108 2496 142 2550 tu
155 2489 246 2550 effers
260 2490 410 2566 laudibus
425 2493 533 2553 eruditi
549 2494 689 2552 luerunt?
710 2491 839 2551 Difficile
853 2498 901 2550 est
915 2490 973 2550 hoe
985 2492 1023 2551 de
1039 2489 1133 2552 omni·

108 2573 167 2632 bus
190 2573 383 2647 confirmare,
410 2577 466 2636 sed
488 2585 586 2636 tamen
613 2584 660 2635 est
684 2583 798 2635 certum
822 2573 894 2648 quid
918 2574 1133 2648 respondeam.

107 2655 172 2730 Ego
197 2658 308 2717 multos
329 2656 467 2718 homines
490 2657 648 2718 excellenti
670 2658 770 2717 animo
795 2673 830 2716 ac
855 2655 963 2717 virtute
984 2656 1080 2716 luisse
1105 2664 1135 2715 et

109 2738 176 2798 sine
192 2739 328 2800 doctrina
338 2748 463 2800 naturae
474 2740 571 2816 ipsius
586 2740 689 2803 habitu
701 2755 797 2815 prope
812 2739 915 2798 divino
932 2755 986 2813 per
999 2754 1033 2798 se
1044 2739 1132 2811 ipsos

109 2829 140 2881 et
152 2823 325 2883 moderatos
340 2831 493 2898 etgraves
507 2823 662 2884 exstitisse
677 2825 788 2885 fateor:
805 2825 895 2882 etiam
906 2822 978 2882 illud
990 2818 1133 2894 adiungo,

110 2904 233 2977 saepius
258 2906 298 2965 ad
321 2906 440 2967 laudem
468 2914 559 2982 atque
582 2908 718 2968 virtutem
744 2914 880 2966 naturam
904 2904 970 2964 sine
996 2903 1134 2963 doctrina

111 3002 201 3058 quam
216 2988 282 3048 sine
297 2997 403 3049 natura
417 2990 552 3049 valuisse
567 2990 741 3050 doctrinam.
773 2991 875 3064 Atque
889 2987 971 3047 idern
988 3003 1045 3062 ego
1062 3003 1133 3047 con-

111 3069 217 3140 tendo,
236 3088 327 3144 quum
341 3073 381 3131 ad
394 3083 532 3133 naturam
547 3072 685 3133 eximiam
700 3079 792 3146 atque
808 3073 952 3146 illustrem
970 3069 1136 3129 accesserit

109 3149 186 3210 ratio
204 3154 351 3224 quaedam
376 3154 637 3228 conformatioque
656 3155 828 3228 doctrinae,
852 3161 914 3213 tum
933 3153 1008 3213 illud
1028 3151 1134 3212 nescio

111 3231 186 3305 quid
200 3237 386 3307 praeclarum
407 3253 443 3297 ac
464 3238 608 3312 singulari
625 3240 724 3298 solere
743 3237 899 3296 exsistere.
942 3235 992 3296 16.
1014 3236 1062 3294 Ex
1075 3235 1135 3296 hoc

110 3329 181 3376 esse
194 3315 274 3376 hunc
287 3334 420 3393 numero,
437 3337 525 3394 quem
541 3328 642 3394 patres
657 3319 753 3380 nostri
767 3318 914 3393 viderunt,
929 3317 1064 3378 divinum
1080 3318 1135 3376 ho-
