2332 3772
354 168 437 228 CAP.
452 175 552 229 5—8·
572 173 598 234 S·
612 175 743 230 12-19.
1003 172 1066 239 415

10 327 82 381 -εθι
103 318 133 379 in
156 335 190 378 re
210 315 332 392 pubIIca
353 317 512 392 cogitavit,
540 317 597 376 sed
619 316 693 394 quid
715 317 816 378 Iacere
834 318 902 395 ipse
924 325 1064 387 deberet=

30 401 146 463 deinde
159 418 179 460 a
193 400 291 474 vobis,
309 408 413 476 patres
425 399 599 474 conscripti,
615 407 696 474 peto,
710 407 751 474 ut,
766 400 895 463 etiamsi
912 407 1001 484 sequi
1012 410 1065 468 mi-

29 501 93 546 nus
115 483 265 544 audebitis
288 471 455 544 oratidnem
478 490 570 557 atque
584 480 792 544 auctoritatem
806 498 917 561 meam,
935 489 1065 567 benigne

29 583 82 628 me
96 576 204 641 tamen,
221 575 254 626 ut
267 566 367 627 adhuc
382 565 507 640 IecIstis,
524 565 666 626 audIatis.
1124 582 1125 587 ¹

43 698 47 705 .
97 647 146 711 16.
173 650 304 710 Primum
325 648 415 724 igitur
433 657 501 710 acta
515 647 661 709 Caesaris
682 649 834 709 servanda
854 665 984 726 censeo,
1003 673 1064 716 non

30 749 96 809 quo
113 733 240 807 probem
254 768 294 778 -
311 731 380 808 quis
396 724 476 793 enim
489 731 521 791 id
535 731 660 807 quidem
673 738 795 806 potesta
807 764 844 779 -
861 733 917 793 sed
934 735 1005 809 quit
1018 754 1065 798 ra-

29 818 146 878 tionem
160 816 332 878 habendam
348 816 478 875 maxime
489 814 618 874 arbitror
634 815 720 889 pacis
734 823 826 888 atque
848 815 916 876 ocii.
947 818 1065 878 Vellem

30 900 160 959 adesset
171 898 331 972 Antonius,
349 899 442 958 modo
457 899 524 958 sine
539 896 707 958 advocatis.
730 897 800 971 Sed,
814 907 848 959 ut
863 898 981 974 opinor,
995 899 1066 962 lieet
1096 938 1098 943 ν

31 983 62 1043 ei
76 981 176 1041 minus
190 981 303 1055 valere,
319 980 403 1055 quod
417 980 489 1040 mihi
504 979 570 1040 heri
582 996 638 1055 per
654 979 736 1040 ilium
746 996 807 1041 non
823 980 915 1041 licuit.
936 982 1066 1044 Doceret

29 1081 83 1125 me
99 1065 147 1124 vel
162 1062 265 1138 potius
281 1079 355 1136 vos,
372 1071 476 1139 patres
488 1062 667 1138 conscripti,
690 1078 778 1136 quem
800 1065 838 1124 ad
860 1063 984 1125 modum
998 1066 1065 1140 ipse

28 1145 175 1209 Caesaris
189 1152 257 1205 acta
271 1146 457 1207 defenderet
466 1172 478 1190 2
491 1148 540 1206 An
554 1148 584 1205 in
602 1145 855 1206 commentariolis
870 1154 900 1206 et
914 1147 1064 1223 chirogra-

28 1229 103 1307 pbis
128 1236 157 1287 et
176 1227 286 1288 libellis
307 1243 417 1295 se'uuo
437 1236 560 1290 auctore
574 1227 715 1303 prolatis,
735 1245 774 1288 ne
791 1229 1064 1311 prolatisquidem,

28 1314 92 1375 sed
108 1319 221 1372 tantum
236 1313 327 1372 modo
343 1311 432 1374 dictis
449 1320 516 1373 acta
531 1311 669 1372 Caesaris
684 1312 772 1372 firma
791 1323 893 1374 erunt=
917 1330 996 1389 quae
1015 1314 1065 1375 ille

26 1395 62 1459 in
84 1408 139 1459 aes
162 1393 280 1468 incidit,
297 1395 327 1455 In
349 1412 409 1471 quo
430 1395 538 1470 populi
551 1395 637 1456 iussa
649 1392 877 1472 perpetuasque
891 1397 976 1472 leges
994 1415 1065 1458 esse

28 1477 142 1550 uoluit,
160 1494 216 1553 pro
231 1476 323 1540 nihilo
335 1479 546 1541 habebunturt
562 1476 611 1541 17.
625 1479 776 1555 Equidem
792 1478 837 1540 sio
852 1479 1003 1555 existimo,
1020 1481 1064 1541 ni-

29 1561 76 1622 bil
90 1568 150 1621 tam
167 1577 237 1621 esse
253 1561 374 1623 innotis
391 1562 530 1623 caesaris
548 1578 640 1635 quam
656 1564 741 1637 leges
759 1562 907 1623 Caesaris.
950 1566 1015 1636 An,
1038 1565 1065 1626 si

30 1645 83 1705 cui
105 1642 175 1718 quid
198 1644 248 1703 ille
266 1638 418 1719 promisit,
437 1646 469 1704 id
484 1644 540 1703 erit
555 1644 665 1716 fixum,
686 1645 770 1718 quod
790 1642 871 1704 idem
886 1661 948 1705 non
963 1649 1064 1707 Iacere

31 1726 156 1804 potuit?
176 1735 209 1786 ut
229 1726 331 1785 multis
352 1728 445 1785 multa
466 1725 617 1800 promissa
634 1741 694 1786 non
719 1724 799 1784 fecit.
849 1727 932 1798 Quae
962 1735 1063 1788 tamen
1099 1772 1106 1777 -

30 1810 128 1871 multo
143 1809 232 1884 plura
250 1807 302 1866 iilo
316 1814 436 1867 mortuo
456 1813 578 1881 reperta
596 1815 666 1866 sunt
688 1822 777 1880 quam
798 1808 901 1868 avivo
915 1809 1066 1869 beneficia

29 1910 90 1981 per
112 1906 219 1950 omnes
236 1905 334 1950 annos
357 1889 467 1950 tributa
486 1897 516 1948 et
529 1888 608 1948 data.
658 1887 720 1948 Sed
742 1903 778 1948 ea
798 1904 860 1948 non
881 1897 980 1963 muto,
1002 1907 1065 1951 non
1117 1942 1120 1946 ,

25 1990 160 2038 moveo=
188 1988 306 2032 summo
322 1971 412 2032 etiam
432 1970 532 2032 studio
553 1970 634 2031 illius
656 1972 812 2045 praeclara
834 1979 902 2032 acta
921 1973 1064 2033 defendo.

24 2056 165 2121 Pecunia
184 2054 298 2114 utInam
319 2053 445 2129 adopts
466 2061 616 2115 maneret!
637 2063 761 2115 cruenta
784 2053 835 2114 illa
852 2054 987 2128 quidem,
1009 2058 1064 2116 sed

10 2142 81 2203 ‚bis
98 2134 304 2212 temporibus,
327 2136 470 2213 quonIam
483 2137 537 2210 iis,
554 2153 684 2212 quorum
697 2145 759 2210 est,
774 2153 835 2197 non
849 2138 994 2209 redditur,
1011 2154 1064 2198 ne-

17 2221 181 2286 cessaria
236 2220 424 2296 Quamquam
445 2237 483 2280 ea
502 2235 625 2295 quoque
647 2220 686 2281 sit
703 2220 817 2293 effusa,
841 2220 868 2281 si
888 2220 930 2281 ita
944 2222 974 2281 in
989 2222 1064 2282 actIs

28 2307 98 2369 fuit.
143 2301 193 2366 18.
213 2302 332 2379 Ecquid
353 2311 400 2364 est
423 2304 508 2378 quod
535 2311 595 2364 tam
616 2303 742 2378 proprie
762 2302 822 2363 dici
844 2303 945 2378 possit
965 2314 1065 2366 actum

28 2391 110 2461 eius,
128 2386 180 2463 qui
195 2394 315 2462 togatus
327 2386 357 2445 in
371 2386 537 2461 republica
552 2402 620 2446 cum
631 2393 782 2461 potestate
793 2385 985 2462 imperioque
998 2404 1064 2448 ver·
1105 2441 1107 2444 ,

30 2479 120 2534 satus
136 2469 182 2543 sit,
199 2485 290 2544 quarn
300 2471 373 2529 Iext
389 2469 506 2542 Quaere
523 2477 590 2530 aeta
606 2468 748 2529 Gracchir
765 2470 851 2542 leges
866 2469 1065 2544 Semproniae

29 2555 233 2631 proferentur.
269 2551 387 2625 Quaere
402 2551 518 2612 Sabaea
536 2553 700 2613 cometiae.
745 2552 847 2625 Quidt
862 2551 914 2610 cn.
928 2552 1065 2625 Pompeii

30 2638 138 2700 tertius
151 2636 328 2697 consulatus
339 2634 370 2695 iu
386 2635 497 2711 quibus
512 2634 587 2696 actis
602 2634 756 2697 considat
769 2650 879 2708 nempe
893 2633 924 2693 in
935 2633 1065 2709 tegibus.

31 2722 80 2781 De
95 2719 225 2779 Caesare
239 2718 308 2793 ipso
325 2717 352 2779 si
368 2733 532 2794 quaereres
553 2718 698 2793 quidnam
719 2717 834 2794 egisset
852 2717 882 2776 in
896 2718 972 2779 urbe
992 2716 1065 2776 etin

32 2813 114 2877 toga,
131 2803 215 2876 leges
232 2804 344 2863 multas
360 2801 562 2875 responderet
579 2817 613 2862 se
630 2810 660 2861 et
673 2804 846 2877 praeclaras
864 2801 987 2873 tulisse,
1003 2799 1064 2859 cbi-

31 2884 186 2959 rographa
207 2900 281 2945 vero
304 2894 356 2946 aut
378 2892 578 2960 mutaretout
595 2901 656 2946 non
675 2885 761 2945 daret
785 2893 851 2956 aut,
875 2884 900 2942 si
918 2883 1063 2954 dedisset,

32 2983 97 3027 non
116 2965 191 3027 istas
213 2983 264 3028 res
285 2966 315 3027 in
337 2967 413 3038 actis
435 2967 498 3028 suis
520 2968 652 3029 duceret.
702 2967 765 3029 Sed
780 2966 1064 3042 eaipsaconcedo=

34 3048 219 3126 quibusdam
234 3049 322 3110 etiam
335 3049 365 3111 In
380 3052 473 3112 rebus
488 3049 653 3125 conniveo,
674 3049 705 3111 in
718 3048 858 3110 maximis
873 3064 946 3112 vero
961 3049 1063 3121 rebus,

32 3132 66 3193 id
90 3139 138 3192 est
161 3131 295 3208 legibus,
317 3141 384 3195 acta
408 3133 546 3193 Caesaris
568 3133 696 3194 dissolvi
714 3133 871 3193 ferendum
896 3149 956 3193 non
981 3141 1064 3207 puto.

31 3214 114 3275 VIII.
134 3213 183 3276 lo.
207 3215 291 3289 Quae
311 3217 362 3277 Iex
375 3215 496 3289 melior,
517 3217 633 3291 utilior,
653 3217 765 3292 optima
788 3216 878 3276 etiam
894 3214 1065 3291 republica

33 3296 161 3372 saepius
183 3297 319 3373 flagitata
337 3316 428 3374 quam
447 3314 486 3360 ne
507 3298 677 3375 praetoriae
698 3297 874 3375 provinciae
889 3299 958 3375 plus
973 3312 1064 3372 quarn
1091 3303 1100 3322 ·

32 3393 147 3443 annum
170 3396 249 3463 neue
269 3382 340 3456 plus
360 3398 452 3460 quam
469 3381 623 3443 biennium
643 3382 822 3445 consulares
837 3381 1065 3444 obtinerenturt
