2340 3788
112 154 156 222 ’Μ
347 155 386 214 ΙΝ
403 154 434 215 c.
451 152 616 213 VERREM
630 153 715 213 AGT.
729 154 765 211 tl.
778 153 853 213 LlB.
866 153 919 213 lV.

111 307 231 381 mortui,
246 315 280 368 ut
294 305 361 367 eius
376 305 477 365 honos
493 304 533 363 ab
548 301 604 377 eis,
620 301 673 378 qui
687 319 728 363 ex
742 304 850 365 eadem
864 302 979 365 tamilla
993 312 1081 381 sunt,
1094 307 1146 371 dc·

112 393 253 453 tendatur
267 405 369 464 neque
384 389 478 449 ullum
493 384 698 447 adventicium
715 386 861 449 auxilium
879 386 1064 465 requiratur.
1093 388 1144 451 Sin

111 476 200 537 istius
214 472 345 535 amicitia
362 480 391 533 te
404 469 545 546 impedite
571 469 599 531 si
612 468 686 543 boc,
704 471 790 545 quod
807 487 867 547 ego
887 472 944 533 abs
964 479 995 531 te
1010 474 1145 549 postulo,

110 559 209 618 minus
225 558 265 618 ad
280 554 414 617 cilicium
425 564 510 616 tuum
524 552 676 629 pertinere
687 553 888 630 arbitrabere,
905 556 1074 617 succedam
1088 572 1144 633 ego

111 640 243 703 vicarius
258 649 311 701 tuo
325 638 450 711 muneri,
467 636 635 713 suscipiam
651 645 765 712 partes,
782 654 861 712 quas
875 637 993 699 abenas
1010 656 1086 701 esse
1099 656 1145 701 ar·

109 723 252 787 bitrabar.
264 723 440 799 Aliquando
456 723 515 782 ista
525 723 684 794 praeclara
694 721 839 782 nobilitas
851 721 972 783 desinat
987 722 1078 799 queri
1088 738 1142 801 pc-

109 810 214 885 pulum
221 810 391 869 Romanurn
401 802 576 865 hominibus
592 803 682 865 novis
692 802 851 866 industriis
862 804 991 866 libenter
1004 806 1142 869 bonores

109 894 253 953 mandore
270 904 455 967 semperque
470 887 648 948 mandasse:
668 904 731 948 non
751 896 800 949 est
815 890 1006 964 querendum
1032 889 1066 951 in
1086 890 1144 951 hac

107 976 239 1049 civitate,
256 990 336 1051 quae
351 980 477 1047 propter
493 970 633 1031 virtutem
655 970 796 1032 omnibus
813 970 989 1033 nationibus
1002 972 1142 1049 imperat,

108 1059 248 1121 virtutem
265 1054 428 1131 plurimum
441 1069 548 1130 posse.
574 1052 619 1114 Sit
636 1055 719 1130 apud
733 1054 811 1115 alios
825 1055 925 1130 imago
940 1055 973 1115 P.
988 1056 1143 1119 Africanis

108 1152 253 1203 ornentur
267 1139 319 1199 alii
336 1139 445 1198 mortui
461 1136 571 1198 virtute
585 1153 622 1197 ec
639 1141 777 1199 nomine=
797 1139 868 1201 talis
887 1139 938 1199 ille
953 1138 1000 1199 vir
1014 1138 1087 1215 luit,
1103 1138 1145 1201 ita

108 1227 149 1286 dc
163 1223 279 1299 populo
291 1224 430 1281 Romano
444 1221 569 1281 meritus
584 1230 640 1293 est,
658 1230 691 1283 nt
701 1238 767 1285 non,
780 1222 833 1283 uni
847 1221 988 1295 familiae,
1003 1224 1065 1285 sed
1075 1220 1143 1287 unl-

107 1322 217 1367 versae
241 1305 354 1365 civitati
379 1305 609 1365 commendatus
630 1322 702 1366 esse
722 1305 842 1366 debeat.
872 1306 928 1367 list
947 1304 1056 1381 aliqua
1075 1322 1143 1367 mea

107 1406 181 1466 pars
194 1387 305 1460 virilis,
322 1388 406 1463 quod
420 1387 487 1449 eius
504 1387 634 1450 civitatis
650 1406 732 1462 sum,
755 1405 846 1464 quem
860 1388 911 1449 ille
925 1391 1056 1462 claram.
1080 1406 1143 1454 eut·

106 1474 189 1549 plam
203 1472 413 1546 illustremque
426 1470 566 1544 reddidit,
586 1473 751 1547 praecipue
767 1472 851 1547 quod
866 1471 896 1532 in
911 1470 959 1533 his
973 1473 1070 1535 rebus
1084 1488 1141 1549 pro

107 1570 175 1616 mea
188 1564 276 1630 parte
289 1570 415 1628 versor,
438 1570 565 1630 querum
578 1556 629 1616 ille
647 1555 793 1630 princeps
811 1554 881 1629 luit,
903 1555 1075 1631 aequitate,
1096 1556 1142 1617 iu

105 1638 232 1711 dustria,
250 1637 464 1715 temperantia,
486 1637 668 1699 defensione
682 1638 878 1712 miserorum,
895 1639 967 1701 odio
981 1638 1142 1715 improbo-

106 1739 189 1782 rum=
209 1737 291 1798 qnae
313 1722 453 1797 cognatio
474 1720 643 1781 studiorum
663 1730 695 1783 et
707 1720 815 1782 artium
828 1738 927 1798 prope
940 1722 1142 1785 modumnou

106 1806 206 1868 minus
222 1815 271 1866 est
285 1805 457 1878 coniuncta,
476 1821 566 1881 quam
582 1804 655 1878 ista,
677 1822 738 1882 qua
752 1821 809 1866 vos
824 1805 1032 1881 delectamini,
1046 1821 1140 1881 genc-

105 1889 148 1951 ris
161 1898 194 1951 et
206 1889 349 1951 nominis.

190 1974 351 2034 XXXVIII.
379 1972 430 2035 82.
447 1975 566 2049 Repeto
581 1972 697 2045 abste,
715 1972 845 2046 Verres,
865 1979 1097 2033 monumentum
1107 1972 1140 2035 Ρ.
1169 1978 1170 2003 ¹

106 2056 259 2118 Africani:
279 2072 403 2117 causam
418 2052 602 2127 Siculorum,
619 2071 710 2129 quem
725 2054 863 2130 suscepi,
881 2053 1039 2130 relinqunt
1060 2054 1141 2117 iudi·
1164 2050 1168 2069 '

105 2140 185 2199 cium
200 2139 240 2198 de
256 2139 395 2212 pecuniis
409 2137 589 2213 repetundis
604 2152 642 2197 ue
659 2138 700 2197 sit
713 2138 772 2198 boc
783 2147 936 2213 tempore=
951 2137 1140 2212 Segestano·

105 2238 172 2281 rum
187 2220 315 2281 iniuriae
333 2221 538 2296 negligentum
560 2219 645 2279 basis
659 2220 691 2278 P.
704 2220 858 2296 Scipionis
873 2222 1063 2282 restituatur=
1084 2240 1139 2285 tro-

31 2320 34 2325 ·
106 2319 175 2363 men
191 2302 295 2363 invicti
307 2303 499 2378 imperatoris
510 2302 668 2376 incidetur,
683 2303 803 2379 signnm
814 2303 1049 2380 pulcherrimum
1060 2305 1139 2367 Kar-

105 2385 227 2461 thagine
245 2395 366 2460 captum
381 2396 556 2462 reponatur.
593 2386 677 2447 Haec
700 2389 756 2447 abs
771 2397 801 2447 tc
819 2405 878 2448 non
897 2386 1068 2449 Siculorum
1083 2389 1139 2451 dc-

107 2472 221 2543 lensor,
236 2485 298 2529 non
316 2478 386 2530 tuns
402 2480 572 2543 accusator,
591 2487 651 2530 non
667 2469 828 2546 Segestani
843 2473 1012 2546 postulant,
1029 2472 1140 2547 sedis,

106 2554 160 2631 qui
175 2553 296 2613 laudem
317 2552 506 2628 gloriamque
522 2553 555 2611 Ρ.
567 2552 703 2614 Africani
716 2555 859 2614 tuendam
880 2555 1138 2615 conservandam-

105 2655 166 2713 que
181 2634 327 2712 suscepit.
356 2637 422 2696 Non
442 2653 552 2697 vereor
568 2653 608 2696 nc
621 2637 680 2697 hoo
696 2636 829 2698 officinm
844 2654 945 2697 nreum
959 2637 991 2697 Ρ.
1004 2636 1138 2699 Servilio

104 2720 197 2782 ludici
209 2737 270 2780 non
282 2719 419 2795 probem,
432 2719 484 2793 qni
497 2736 591 2795 quum
601 2737 652 2781 res
663 2721 811 2780 maximas
822 2719 1138 2794 gesseritmonumcu·

102 2812 196 2879 taque
211 2820 333 2865 suarum
346 2819 446 2863 rerum
457 2812 611 2878 gesturum
622 2819 714 2878 quum
727 2803 857 2863 maxime
869 2802 1034 2864 constituat
1043 2812 1139 2881 atque

105 2886 188 2947 iniis
205 2888 355 2960 elaboret,
376 2888 514 2962 prolecto
531 2888 613 2947 volet
626 2887 702 2946 bueo
720 2903 781 2946 non
797 2889 896 2947 solnm
912 2886 978 2947 suis
992 2886 1139 2961 posteris,

104 2970 317 3030 verumetiam
335 2969 476 3031 omnibus
498 2970 571 3030 viris
592 2969 721 3031 fortibus
744 2978 775 3030 ct
790 2970 881 3031 bonis
896 2968 1015 3031 civibus
1029 2970 1137 3031 dolen-

103 3052 215 3123 denda‚
233 3068 294 3112 non
311 3053 473 3128 spolianda
486 3051 634 3128 improbis
648 3053 778 3113 tradere.
806 3054 873 3114 Non
893 3068 1003 3113 vereor
1017 3068 1058 3114 ne
1071 3052 1138 3125 tibi,

102 3132 139 3206 Q.
155 3134 272 3205 catule,
294 3136 469 3211 displiceat,
492 3135 579 3196 cuius
594 3135 815 3211 amplissimum
831 3135 897 3198 orbi
912 3144 1060 3196 terrarum
1074 3138 1138 3197 cta·

102 3216 319 3291 rissimumqne
337 3227 562 3280 monumentum
579 3228 642 3293 est,
669 3236 760 3295 quern
775 3219 924 3295 plurimos
945 3233 1017 3279 esse
1033 3228 1153 3281 custo··

101 3303 159 3362 des
181 3309 445 3362 monumentorum
469 3309 501 3362 et
520 3310 628 3377 putare
649 3318 756 3363 omnes
770 3304 870 3363 bonos
885 3301 1004 3362 alienae
1018 3302 1138 3378 gloriae

100 3382 314 3445 defensionem
335 3384 374 3443 nd
391 3386 525 3445 officium
541 3401 630 3446 suum
644 3385 806 3460 pertinere.
833 3384 884 3448 8³.
900 3386 1051 3461 Equidem
1064 3402 1136 3447 cne-
