2340 3788
73 215 116 278 20
232 215 305 276 PRO
328 215 411 276 SEX.
432 214 569 276 ROSCIO
592 215 766 276 AMERINO
788 214 939 275 ORATIO.

75 364 226 442 liquerint.
257 362 306 427 tn.
326 365 443 425 Etenim
464 357 538 441 quid
552 374 613 426 tam
629 374 677 426 est
690 381 850 426 commune
866 381 957 439 quam
973 366 1100 442 spiritus

75 448 173 523 vivis,
194 458 275 511 terra
289 448 428 520 mortuis,
450 464 533 509 mare
547 447 777 521 fluctuantibus,
798 447 881 509 littus
897 447 1027 509 eiectis?
1057 452 1099 512 lta

76 531 196 604 vivunt,
215 532 286 592 dum
303 539 447 607 possunt,
470 541 505 592 ut
517 533 630 592 ducere
644 530 773 590 animam
788 531 827 591 de
844 532 929 592 caelo
947 547 1097 609 nonque

76 622 141 675 ant:
165 614 206 676 ita
218 614 399 687 moriuntur,
422 623 455 675 ut
475 630 579 674 eorum
599 631 672 674 ossa
688 623 767 674 terra
784 630 845 674 non
859 622 978 689 tangat:
1002 616 1044 677 ita
1056 615 1096 676 ie·

76 706 193 759 ctantur
206 698 364 771 fluctibus,
385 704 419 758 ut
438 713 601 771 numquam
618 698 794 757 adiunctum
815 697 856 758 ita
873 698 1095 773 postremo-eii·

75 781 207 854 ciuntur,
230 790 261 843 ut
281 798 320 842 ne
339 782 379 842 ad
400 795 476 840 saxa
497 780 618 854 quidem
632 780 742 840 mortui
756 781 991 856 conquiescant:
1014 780 1094 841 Tanti

75 863 215 925 nmleiieii
233 864 363 938 crimen,
383 862 433 922 cui
456 863 604 923 maleficio
626 872 686 924 tam
705 863 825 938 insigne
845 862 1031 939 supplicium
1049 872 1093 925 est

75 947 283 1023 constitutum,
305 947 500 1022 probarem,
523 946 627 1019 Eruci,
649 963 759 1007 censes
779 962 875 1020 posse
889 945 1001 1008 talibus
1015 945 1091 1019 viris,

75 1030 102 1090 si
122 1047 161 1091 ne
186 1047 310 1092 causam
331 1028 454 1104 quidem
480 1028 618 1089 maleficii
643 1029 828 1103 protulerist
858 1028 891 1090 Si
917 1029 999 1090 hunc
1015 1029 1090 1105 opud

74 1115 225 1175 bonorum
240 1120 393 1187 emptores
407 1111 495 1186 ipsos
510 1127 673 1172 accusares
688 1111 1088 1190 eiqueiudiciocnrysopo

74 1212 133 1256 nus
144 1204 318 1270 praeesset,
340 1203 440 1255 tamen
456 1193 628 1271 diligentius
643 1196 841 1271 paratiusque
855 1194 1008 1256 venisses.
1045 1191 1088 1255 id·

73 1279 178 1338 Utrum
193 1277 267 1352 quid
281 1286 387 1353 agatur
400 1293 461 1338 non
483 1278 570 1339 vides
589 1295 627 1338 an
642 1280 724 1355 apud
743 1295 821 1354 quos
837 1284 965 1354 agatur?
990 1279 1088 1353 Agitur

75 1361 114 1420 de
135 1360 312 1434 parricidio,
335 1362 418 1436 quod
438 1361 504 1422 sine
526 1359 626 1422 multis
643 1362 744 1422 causis
765 1363 881 1439 suscipi
900 1378 961 1422 non
978 1358 1087 1437 potest-2

74 1442 158 1520 apud
174 1442 312 1504 homines
327 1454 428 1505 autem
447 1445 701 1520 prudentissimos
724 1445 835 1521 agitur,
857 1447 909 1520 qui
930 1444 1089 1521 intelligunt

74 1528 223 1588 neminem
245 1543 285 1587 ne
304 1527 457 1589 minimum
480 1528 601 1604 quidem
625 1529 806 1590 maleficium
830 1528 897 1589 sine
923 1544 1018 1589 eausa
1041 1526 1087 1591 ad.-

74 1611 200 1672 mittere.

156 1696 276 1758 XXVII.
301 1693 391 1755 Esto=
405 1710 529 1754 oausam
544 1696 682 1769 proferre
695 1711 756 1756 non
772 1704 870 1770 potes.
890 1693 1020 1756 Tametsi
1036 1701 1089 1755 su-

74 1780 125 1842 tim
140 1779 254 1841 vicisse
265 1779 378 1851 debeo,
395 1786 495 1838 tamen
511 1777 550 1836 de
563 1793 631 1838 meo
645 1778 711 1840 iure
724 1779 872 1839 decedam
886 1778 995 1849 ettibi,
1014 1774 1091 1853 quod

74 1865 105 1925 in
122 1864 183 1924 alia
203 1881 298 1926 causa
311 1878 373 1922 non
388 1861 604 1934 concederem,
624 1860 655 1920 in
670 1862 728 1922 hac
745 1863 913 1923 concedam
932 1863 1028 1922 fretus
1041 1860 1091 1920 hu·

74 1948 122 2008 ius
144 1946 326 2008 innocentia.
369 1945 435 2008 Non
458 1961 572 2021 quaero
588 1944 644 2004 abs
663 1952 694 2005 te
709 1950 804 2019 quare
819 1954 936 2021 patrem
949 1943 1023 2005 Sex.
1036 1944 1091 2005 Ru

1 2085 3 2090 ,
75 2030 159 2091 scius
184 2027 344 2091 occiderit:
372 2043 486 2104 quaero
513 2044 574 2101 quo
603 2027 694 2090 modo
720 2028 874 2090 occiderit
918 2029 962 2090 lta
983 2042 1092 2103 quaero

74 2113 130 2172 abs
151 2118 197 2184 te,
218 2112 249 2171 C.
269 2109 375 2185 Eruci,
398 2127 459 2186 quo
476 2111 584 2181 modo,
609 2117 640 2169 et
657 2109 702 2170 sic
723 2118 822 2171 tecum
846 2128 949 2187 agam,
976 2120 1010 2173 ut
1028 2126 1092 2172 meo

73 2197 143 2255 loco
156 2196 204 2254 vel
219 2193 428 2268 respondendi
439 2193 487 2252 vei
502 2191 711 2267 interpellandi
721 2193 774 2254 tibi
785 2203 963 2268 potestatem
978 2195 1092 2267 faciam,

73 2277 123 2336 vel
141 2276 245 2348 etiam,
262 2276 289 2335 si
304 2275 377 2349 quid
394 2278 496 2349 voles,
510 2274 724 2350 interrogandi.
758 2273 806 2338 74.
828 2278 1001 2352 Quomodo
1017 2276 1094 2338 occi·

74 2358 139 2419 dita
176 2359 248 2433 lpse
269 2358 422 2433 percussit
440 2375 480 2418 an
501 2357 568 2419 aliis
584 2359 783 2419 occidendum
806 2360 909 2420 deditt
943 2360 977 2421 Si
998 2360 1095 2437 ipsum

74 2441 191 2516 arguis,
213 2443 328 2502 Romae
347 2458 408 2502 non
429 2439 495 2502 fuit:
521 2441 547 2502 si
568 2458 623 2517 per
642 2442 718 2503 aiios
739 2442 851 2503 iecisse
866 2443 962 2517 dicis,
983 2459 1095 2519 quaero

29 2588 35 2595 ,
74 2541 222 2587 servosne
243 2541 281 2584 an
296 2523 429 2584 liberast
449 2525 487 2599 [si
499 2525 638 2605 liberos]‚
654 2542 732 2600 quos
749 2525 911 2587 homines?
923 2527 1103 2588 indidemne-

73 2607 249 2669 American
264 2608 360 2668 hosce
376 2623 414 2666 ex
429 2609 504 2669 urbe
520 2608 669 2670 sicarios?
694 2608 721 2669 si
734 2609 871 2682 Ameria,
894 2612 946 2684 qui
961 2608 1098 2681 sunthit

74 2707 128 2753 cur
143 2709 205 2753 non
222 2690 435 2752 nominantur?
463 2690 489 2752 si
505 2693 618 2765 Roma,
641 2693 723 2753 unde
745 2709 800 2754 eos
815 2702 942 2755 noverat
954 2693 1098 2766 Roscius,

75 2776 126 2848 qui
139 2777 266 2837 Romam
286 2775 388 2836 multis
409 2774 496 2835 annis
512 2793 573 2836 non
589 2775 671 2836 venit
684 2793 785 2852 neque
799 2794 943 2852 umquam
960 2778 1034 2853 pius
1048 2776 1097 2838 tri·

75 2857 135 2917 duo
153 2859 230 2919 fuit?
249 2858 302 2919 ubi
317 2857 549 2919 eosconvenitt
570 2860 691 2933 quicum
708 2860 828 2921 locutus
843 2868 911 2921 este
928 2860 1096 2936 quomodo

74 2941 249 3013 persuasit?
267 2941 405 3005 Precium
422 2941 514 3002 dedit.
537 2942 590 3002 cui
602 2942 706 3003 dedita
725 2959 780 3018 per
795 2960 886 3018 quem
897 2943 1005 3005 dedit?
1017 2943 1098 3003 unde

73 3028 125 3081 aut
141 3031 285 3103 quantum
303 3024 407 3085 dedita
432 3040 535 3087 nonne
556 3024 604 3084 his
627 3025 765 3100 vestigiis
784 3028 824 3087 ad
847 3036 938 3102 caput
956 3025 1098 3087 maleficii

74 3103 225 3177 perveniri
240 3108 339 3168 soiett
361 3108 398 3167 Et
412 3107 501 3168 simui
515 3107 568 3168 tibi
581 3107 612 3166 in
627 3116 758 3169 mentem
770 3108 873 3172 veniat
886 3109 977 3171 facito
994 3124 1100 3185 quern-

73 3186 237 3248 admodum
258 3189 349 3249 vitam
369 3189 497 3252 huiusce
517 3190 707 3266 depinxeris:
730 3194 811 3255 hunc
832 3193 987 3255 hominem
1001 3194 1098 3253 ferum

72 3279 164 3345 atque
179 3279 329 3345 agrestem
344 3273 453 3334 fuisse:
470 3291 634 3350 numquam
649 3292 717 3336 cum
730 3276 852 3338 homine
867 3293 1025 3353 quoquam
1036 3276 1097 3336 coi·

73 3353 206 3414 locutum
222 3371 307 3416 esse:
332 3373 495 3432 numquam
510 3359 539 3416 in
558 3358 672 3432 oppido
691 3361 875 3421 constitisse.
910 3358 960 3422 75.
990 3358 1056 3434 Qua
1068 3359 1097 3417 in

69 3451 106 3493 re
122 3436 284 3510 praetereo
305 3439 394 3514 illud,
418 3442 502 3515 quod
519 3439 591 3501 mihi
611 3443 741 3504 maximo
758 3452 935 3520 argumento
950 3445 992 3505 ad
1007 3442 1097 3505 huius
