2340 3788
88 198 132 264 30
243 197 317 258 PRO
340 197 424 257 stix.
443 194 582 257 Rosclo
601 193 776 257 amaldo
796 194 949 257 ORATIO.

88 352 146 413 tias
160 348 230 424 agit
252 347 384 422 denique
406 354 440 407 ut
452 345 669 421 perliberaliter
692 352 832 421 ageretur
846 343 974 405 honoris
991 346 1105 425 aliquid

87 431 212 493 haberit
226 431 351 491 dustria
362 428 597 506 praedicaturae
611 428 758 503 pecuniae
772 427 872 489 statim
883 427 1025 504 Capitoni
1036 432 1103 493 den

86 522 156 577 taut
176 515 236 575 cur
258 529 336 588 qnae
356 512 473 588 reliqua
494 520 565 572 sunt
592 511 649 572 iste
666 510 797 573 Roscius
811 510 912 571 omnia
927 526 999 573 curn
1013 512 1104 595 Chry-

88 613 205 672 sogono
216 596 413 657 communiter
420 595 694 671 possidettNonne
704 593 901 669 perspicuum
908 602 966 668 est,
977 595 1101 669 iudices,

88 682 145 741 hos
160 681 316 741 manubias
327 678 449 741 Rosciis
462 678 693 754 chrysogonum
705 693 740 737 re
752 675 873 750 cognita
887 679 1103 743 concessisset

85 764 244 824 xxxviii.
261 761 331 824 loa.
351 760 486 822 venitin
503 761 609 827 decem
625 760 729 835 primis
745 761 863 834 legatus
882 759 912 819 in
934 770 1039 823 casua
1052 762 1100 823 Gu-

88 847 162 922 pito.
193 846 297 908 Totam
317 847 419 917 vium,
439 850 576 902 naturam
595 858 757 918 moresque
774 841 904 903 honunis
920 859 960 903 ex
976 844 1050 921 ipsa
1061 846 1100 909 le·

85 932 206 1006 mione
222 927 406 1005 cognoscite.
435 924 503 984 'Nisi
520 924 741 997 intellexeritis,
756 923 883 997 iudices,
899 926 1017 989 nullum
1033 944 1101 989 esee

86 1014 227 1086 cilicium,
245 1015 359 1072 nultum
375 1009 423 1069 ius
437 1015 496 1068 tam
511 1017 647 1068 sanctum
658 1017 749 1083 atque
765 1007 922 1082 integrarm,
938 1010 1028 1083 quod
1042 1026 1098 1073 uon

85 1098 152 1158 cius
163 1097 265 1156 scelus
281 1102 372 1167 atque
383 1090 511 1166 perfidia
527 1090 646 1152 violarit
660 1100 690 1152 et
703 1089 891 1163 imminuerit,
908 1090 1008 1153 vuum
1024 1092 1099 1169 opti·

84 1196 165 1240 mum
181 1193 252 1238 esse
268 1192 337 1235 cum
350 1174 523 1235 iudicatote.
545 1172 615 1235 110.
630 1174 847 1249 Impedimento
862 1183 910 1235 est
920 1192 985 1249 quo
1000 1175 1098 1237 minue

85 1265 124 1321 de
145 1259 194 1318 his
210 1258 301 1319 rebus
316 1257 400 1317 Sulla
415 1258 575 1318 doceatur=
590 1264 778 1317 caeterorum
788 1258 954 1331 legatorum
972 1256 1099 1321 consilia

84 1350 114 1403 et
129 1342 313 1402 voluntatem
330 1340 530 1419 Chrysogono
545 1339 699 1401 enunciat:
721 1348 823 1400 monet
835 1347 869 1400 ut
884 1339 1048 1415 provideat
1061 1356 1098 1405 ne

82 1427 183 1499 palam
200 1440 250 1484 res
266 1432 387 1498 agatum
409 1423 549 1496 ostendit,
565 1423 592 1484 si
607 1424 725 1484 sublata
741 1423 781 1484 sit
792 1422 928 1484 venditio
938 1422 1097 1497 bonorum,

82 1508 165 1567 illum
181 1507 341 1582 pecuniam
356 1507 501 1582 grandem
516 1507 707 1578 amissurum,
724 1522 794 1566 sese
811 1505 920 1581 capitis
932 1505 1099 1581 periculum

82 1591 246 1650 aditurum=
263 1590 346 1651 illum
360 1605 479 1662 acuere,
495 1590 567 1662 hos,
585 1588 638 1663 qui
652 1589 742 1648 simul
758 1597 843 1649 erant
858 1588 959 1661 missi,
977 1590 1099 1653 iailerei

80 1671 163 1732 illum
183 1673 355 1733 idemtidem
372 1688 496 1732 monere
521 1681 555 1733 ut
576 1680 711 1745 caveret,
741 1671 826 1732 hisce
847 1670 996 1733 insidiose
1011 1688 1098 1748 sporn

80 1757 187 1816 falsam
204 1757 379 1817 ostendere=
395 1771 463 1816 cum
479 1755 530 1815 illo
546 1761 650 1816 contra
669 1754 727 1815 hos
740 1754 816 1815 inire
830 1753 971 1825 consilia,
988 1754 1100 1817 hortum

81 1840 207 1900 consilia
217 1841 447 1901 illienunciare:
464 1838 595 1900 camillo
609 1844 722 1913 partem
734 1853 818 1898 suam
830 1835 992 1911 depacisci,
1010 1836 1100 1899 hisce

80 1923 182 1998 aliqua
201 1925 280 1985 iacta
294 1941 379 1984 mora
396 1938 517 1998 semper
531 1938 635 1983 omnes
651 1921 751 1982 aditus
768 1921 807 1981 ad
823 1919 936 1997 Sullam
954 1919 1098 1983 interctu

79 2006 169 2065 dere:
183 2015 338 2082 postremo
354 2006 412 2066 isto
429 2006 591 2077 hortatore,
605 2011 737 2075 auctore,
758 2002 959 2063 intercessore
974 2004 1016 2063 ad
1029 2002 1099 2065 Sui*

78 2090 137 2147 lam
148 2089 239 2162 legati
249 2105 309 2147 non
321 2089 473 2148 adierunt:
490 2087 577 2147 istius
589 2087 650 2145 fide
664 2101 700 2145 ac
712 2084 813 2160 potius
824 2085 953 2161 pertidia
964 2086 1098 2162 decepti,

78 2169 109 2227 id
125 2172 208 2242 quod
226 2187 265 2229 cx
280 2171 357 2244 ipsis
372 2185 560 2244 cognoscere
577 2168 729 2243 poteritis,
751 2168 778 2229 si
792 2177 952 2229 accusator
965 2167 1099 2231 voluerit

77 2251 281 2312 testimonium
292 2252 338 2312 eis
353 2251 551 2322 denunciare,
580 2266 636 2326 pro
655 2266 689 2312 re
709 2259 791 2311 certa
813 2268 900 2327 spem
917 2252 1027 2313 falsam
1042 2254 1097 2315 da:

77 2349 158 2392 mum
172 2337 357 2396 rettulerunt.
400 2333 469 2397 111.
486 2336 520 2393 ln
537 2331 662 2408 privatis
676 2334 769 2394 rebus
784 2333 810 2394 si
825 2336 876 2409 qui
896 2351 960 2393 rem
971 2336 1107 2397 manda.

76 2426 137 2475 tam
154 2432 215 2476 non
229 2418 320 2476 modo
341 2417 520 2479 malitiosius
543 2415 692 2490 gessisset
713 2418 760 2477 sui
783 2426 926 2491 quaestus
943 2427 996 2478 aut
1012 2434 1096 2479 com-

76 2498 159 2560 modi
169 2514 271 2572 causa,
286 2516 392 2561 verum
403 2500 492 2561 etiam
503 2500 711 2574 negligentius,
724 2516 791 2560 eum
803 2500 931 2561 maiores
943 2516 1097 2563 summum
1117 2504 1123 2511 '

76 2581 238 2644 admisisse
252 2583 387 2644 dedecus
404 2581 622 2643 existimabant.
665 2582 771 2657 Itaque
792 2582 924 2644 mandati
948 2584 1096 2645 constitu-

75 2674 137 2729 tum
148 2674 195 2727 est
207 2664 351 2728 iudicium
363 2682 423 2726 non
433 2666 532 2726 minus
548 2674 636 2741 turpe
648 2682 738 2741 quam
750 2666 829 2740 lurti,
840 2668 942 2739 credo,
954 2676 1096 2743 propter·

76 2765 113 2808 ea
132 2751 215 2824 quod
242 2748 352 2829 quibus
375 2750 404 2807 in
423 2750 515 2810 rebus
536 2748 596 2824 ipsi
615 2749 764 2810 interesse
780 2766 840 2810 non
863 2764 1045 2824 possumus,
1063 2749 1096 2811 iu

2 2839 8 2850 ’
74 2830 123 2890 his
138 2850 250 2909 operae
264 2841 387 2894 nostrae
403 2831 516 2892 vicaria
531 2832 608 2893 fides
623 2831 788 2893 amicorum
799 2832 990 2906 supponitur,
1002 2850 1095 2909 quum

76 2912 128 2986 qui
141 2917 242 2989 laedit,
261 2923 417 2991 oppugnat
429 2915 564 2977 omnium>
576 2931 733 2975 commune
751 2914 937 2990 praesidium
951 2931 983 2976 et
997 2932 1093 2991 quan·

75 3003 138 3054 tum
151 2996 181 3055 in
196 2998 264 3072 ipso
280 3008 327 3059 est
340 2999 488 3059 disturbat
501 2999 582 3060 vitae
596 2998 780 3059 societatem.
802 2998 867 3059 Non
884 2998 964 3058 enim
979 3014 1094 3073 possu-

74 3093 142 3137 mus
157 3081 256 3138 omnia
270 3098 325 3153 per
345 3099 403 3142 nos
417 3098 523 3157 agere:
551 3080 629 3140 atius
649 3080 679 3140 in
696 3081 754 3142 ulia
769 3090 816 3143 est
832 3097 865 3140 re
880 3081 977 3155 magis
992 3081 1093 3143 utitis=

73 3158 188 3219 idcirco
205 3162 352 3223 amicitiae
366 3172 586 3239 comparantur,
599 3171 633 3224 ut
649 3178 806 3225 commune
821 3166 1013 3224 commodum
1026 3182 1094 3225 mu-

73 3243 134 3305 tuis
153 3242 262 3303 olflciis
279 3246 470 3317 gubernetur.
502 3244 572 3307 112.
584 3245 661 3320 Quin
675 3247 785 3323 recipis
800 3249 982 3321 mandatum,
1000 3247 1026 3307 si
1040 3258 1095 3311 aut

72 3329 265 3402 neglecturus
288 3335 339 3387 ant
361 3330 401 3389 ad
420 3338 502 3389 tuum
527 3330 717 3390 commodum
734 3347 938 3391 conversurus
953 3337 1010 3391 est
1037 3346 1094 3391 cur

72 3410 188 3471 minito
207 3408 299 3471 offers
316 3426 351 3470 ac
366 3411 440 3472 meis
462 3411 630 3473 commodis
654 3412 754 3475 cilicio
780 3413 918 3475 simulato
939 3413 1040 3475 cilicis
1061 3422 1094 3477 et
