2340 3788
43 164 52 181 '
113 186 177 254 aaa
354 187 430 247 rao
444 186 727 248 aesculanum
744 187 893 250 omaro.

113 262 247 400 diietlum
257 338 354 397 malus
367 340 459 411 poeta
471 337 511 397 de
520 338 636 413 populo
647 336 843 399 subiecisset=
856 339 939 413 quod
953 337 1140 414 epigramma

113 423 145 482 in
163 436 231 481 eum
248 418 387 492 fecisset,
406 421 611 481 tantummodo
627 420 749 481 alteruis
769 420 910 482 versibus
929 421 1140 499 longiusculis,

115 502 216 565 stium
227 518 268 562 ex
282 501 321 563 iis
333 503 441 575 rebus,
463 519 539 578 quas
551 511 623 563 tunc
636 502 799 575 vendebat,
821 503 911 565 iussit
928 503 958 563 ei
971 507 1140 585 praemium

113 585 204 646 tribui
218 584 276 645 sub
290 601 328 645 ea
342 584 536 658 condicione,
562 602 601 645 ne
623 585 696 659 quid
709 593 819 660 postea
833 585 987 648 scriberet
1019 588 1078 662 Qui
1092 606 1140 650 se·

26 736 29 741 ,
114 669 268 729 dulitatem
284 667 354 727 mali
368 671 477 742 poetae
492 667 613 728 duxerit
625 668 728 742 aliquo
743 676 843 729 tantm
857 670 992 744 praemio
1008 671 1139 747 dignam,

113 750 204 812 huius
216 750 370 826 ingenium
381 758 412 810 et
422 750 560 812 virtutem
571 751 602 810 in
620 751 780 811 scribendo
798 761 828 813 et
840 751 961 827 copiam
971 769 1033 812 nou
1044 770 1140 830 expe·

114 834 223 895 iisset?
251 833 302 895 26.
320 832 418 906 Quidt
440 849 459 893 a
474 833 507 907 Q.
520 834 641 894 Metello
655 833 718 908 Pio,
738 833 972 895 familiarissimo
990 851 1063 911 suo,
1087 838 1139 912 qui

114 915 235 976 civitate
254 916 365 976 multos
386 916 524 987 donavit,
545 932 646 990 neque
666 932 721 990 per
739 932 775 976 se
794 932 894 991 neque
918 933 974 991 per
994 918 1140 981 Lucullos

114 998 359 1073 impetravisset?
375 997 426 1072 qui
439 998 618 1073 praesertim
634 1015 735 1072 usque
749 1014 787 1059 eo
805 1000 844 1059 de
857 999 922 1060 suis
938 998 1032 1061 rebus
1047 1001 1141 1062 scribi

114 1089 254 1156 cuperet,
275 1090 309 1142 ut
330 1080 419 1143 etiam
436 1081 594 1142 Cordubae
614 1079 692 1142 natis
713 1082 827 1156 poetis,
854 1081 968 1158 pingue
994 1084 1140 1158 quiddam

23 1237 26 1244 ¹
104 1163 296 1225 'sonantibus
319 1171 411 1238 atque
432 1165 640 1238 peregrinum,
664 1162 764 1224 tamen
784 1180 875 1225 aures
903 1181 976 1225 suas
1003 1166 1136 1228 dederet.

113 1248 163 1307 Xl.
181 1247 286 1321 Neque
301 1246 379 1306 enim
395 1247 514 1307 esthon
529 1246 793 1319 dissimulandum,
808 1248 892 1322 quod
906 1247 1064 1308 obscurari
1076 1265 1139 1311 non

115 1337 229 1405 potest,
252 1329 308 1390 sed
329 1344 402 1403 prae
422 1329 511 1389 nobis
538 1329 709 1401 terendum,
733 1329 877 1389 adamar
902 1345 1009 1391 omnes
1036 1331 1137 1392 studio

115 1411 216 1472 laudis
237 1420 268 1472 et
280 1413 413 1487 optimus
430 1411 561 1486 quisque
576 1411 705 1472 maxime
724 1411 820 1486 gloria
841 1412 970 1474 ducitur.
1008 1413 1073 1488 Ipsi
1095 1414 1139 1474 illi

117 1493 292 1569 philosophi
307 1493 395 1554 etiam
405 1493 436 1553 in
450 1494 509 1554 illis
526 1495 645 1567 libellis,
661 1510 739 1568 quos
754 1495 798 1555 de.
809 1496 1028 1557 contemnenda
1040 1496 1140 1569 gloria

55 1634 63 1645 ,
116 1576 267 1650 scribunt,
281 1592 391 1637 nomen
408 1593 496 1637 suum
508 1576 691 1638 inscribunt:
708 1577 738 1635 in
754 1594 790 1638 eo
802 1579 885 1652 ipso,
900 1577 931 1637 iu
943 1593 1001 1652 quo
1015 1579 1138 1652 praedi-

115 1658 706 1735 cabonemnobilitatemquedespiciunt,
717 1660 887 1734 praedicari
898 1662 1029 1722 deseac
1041 1663 1138 1722 nomi-

50 1764 60 1783 ¹
115 1743 180 1801 nari
199 1742 313 1802 volunt.
356 1740 405 1803 27.
426 1742 568 1803 Decimus
590 1742 712 1818 quidem
732 1742 858 1816 Brutus,
881 1759 1016 1804 summus
1037 1743 1139 1804 viret

116 1824 295 1900 imperator,
311 1823 412 1897 Accii,
429 1823 604 1888 amicissimi
622 1825 684 1899 sui,
700 1824 883 1887 carminibus
905 1828 1084 1900 templorum
1100 1842 1137 1886 ac

115 1917 377 1968 monumentorum
393 1909 493 1968 aditus
504 1906 662 1969 exornavit
675 1924 808 1968 suorum.
834 1909 897 1968 Iam
910 1907 1066 1981 veroille,
1085 1908 1138 1982 qui

117 2006 186 2051 cum
205 1990 322 2053 Aetolis
341 1990 438 2052 Ennio
461 1989 569 2051 comite
589 1990 726 2063 bellavit,
746 1989 886 2063 Fulvius,
910 2008 970 2051 non
991 1991 1138 2052 dubitavit

4 2110 9 2117 -
115 2073 219 2133 Martis
234 2072 391 2133 manubias
406 2072 502 2133 Musis
518 2089 706 2133 consecrare.
736 2072 847 2146 Quare
866 2073 972 2148 inqua
992 2075 1066 2134 urbe
1083 2074 1136 2134 im·

116 2163 272 2230 peratores
287 2172 383 2231 prope
398 2155 503 2216 armati
514 2159 668 2231 poetarum
680 2172 791 2216 nomen
805 2164 835 2216 et
843 2157 996 2217 Musarum
1012 2157 1136 2217 delubra

117 2238 288 2309 coluerunt,
306 2238 336 2296 in
347 2254 383 2297 ea
398 2255 456 2299 non
469 2239 581 2298 debent
590 2238 682 2311 togati
697 2238 813 2299 iudices
824 2254 843 2297 a
855 2239 1010 2300 Musarum
1020 2239 1136 2299 honore

88 2358 89 2362 =
117 2326 180 2379 eta
195 2321 350 2392 poetarum
365 2322 461 2382 salute
477 2320 648 2381 abhorrere.

200 2399 250 2462 28.
265 2403 365 2477 Atque
376 2410 409 2462 ut
419 2401 450 2463 id
463 2402 602 2462 libentius
617 2402 750 2475 faciatis,
763 2403 821 2463 iam
832 2402 995 2476 movebis,
1009 2401 1134 2475 iudices,

117 2484 256 2544 indicabo
269 2486 346 2546 etde
358 2501 424 2545 meo
439 2486 570 2560 quodam
581 2502 684 2547 amore
695 2486 809 2561 gloriae
820 2486 908 2546 nimis
920 2486 983 2547 acri
996 2487 1133 2565 lortasse,

117 2584 223 2628 verum
237 2574 335 2627 tamen
350 2568 479 2628 honesto
496 2568 584 2628 vobis
606 2570 781 2630 confitebor.
816 2569 891 2629 Nam
911 2586 988 2643 quas
1008 2585 1058 2629 res
1078 2583 1135 2626 uos

117 2651 147 2711 in
163 2651 323 2711 consulatu
339 2660 443 2712 nostro
461 2651 619 2710 vobiscum
640 2651 728 2712 simul
747 2669 802 2726 pro
827 2654 923 2712 salute
945 2650 1037 2712 huius
1052 2648 1136 2711 urbis

118 2742 209 2809 atque
223 2733 339 2809 imperii
354 2742 385 2794 et
401 2750 456 2808 pro
472 2732 535 2793 vita
551 2733 661 2793 civium
678 2751 795 2809 proque
809 2734 953 2795 universa
966 2750 1000 2794 re
1013 2732 1136 2807 publica

118 2817 279 2892 gessimus,
292 2815 387 2890 attigit
396 2816 445 2875 hic
456 2815 596 2876 versibus
611 2825 701 2892 atque
711 2817 878 2879 inchoavit:
894 2817 1001 2892 quibus
1013 2813 1133 2885 auditis,

119 2901 202 2973 quod
216 2899 288 2959 mihi
302 2914 473 2973 magnares
487 2906 518 2958 et
531 2897 663 2959 iucunda
677 2899 743 2959 visa
757 2908 818 2974 est,
833 2901 913 2960 hauc
928 2899 967 2959 ad
978 2895 1135 2974 perficien-

119 2982 191 3040 dum
202 2981 355 3042 adornavi.
385 2981 501 3041 Nullam
514 2981 594 3042 enim
607 2980 701 3042 virtus
716 2981 804 3042 aliam
815 2984 984 3044 mercedem
999 2980 1135 3040 laborum

77 3065 80 3070 '
120 3062 383 3139 periculorumque
407 3064 559 3125 desiderat
583 3073 703 3138 praeter
726 3065 805 3125 banc
831 3065 929 3126 laudis
952 3072 982 3125 et
1007 3061 1135 3137 gloriae:

121 3159 182 3218 qua
206 3146 325 3219 quidem
348 3150 495 3219 detracta,
516 3145 647 3219 iudices,
671 3146 744 3222 quid
767 3156 814 3208 est
840 3148 923 3222 quod
946 3146 976 3206 in
997 3147 1057 3206 hoc
1077 3152 1136 3206 tani

120 3225 231 3300 exiguo
252 3230 329 3288 vitae
349 3231 496 3290 curriculo
517 3238 547 3290 et
565 3237 625 3290 tam
639 3229 725 3291 brevi
745 3229 836 3292 tantis
855 3247 912 3291 nos
934 3229 965 3289 in
982 3227 1136 3290 laboribus

119 3319 337 3371 exerceamus?
368 3311 417 3382 29.
439 3312 524 3374 Certe
545 3312 571 3373 si
586 3313 659 3372 nihil
679 3311 797 3373 animus
817 3311 1016 3389 praesentiret
1033 3311 1066 3371 in
1082 3325 1136 3385 po·
