2340 3788
69 350 195 427 quidem
213 363 250 407 ac
270 346 394 423 lugendi
415 346 454 409 sit
473 357 838 506 potestasffluceptus
853 363 995 430 equester
1009 354 1095 431 ordo,

68 442 101 494 ut
116 431 237 507 equites
251 431 378 492 Romani
394 448 413 490 a
427 433 553 492 consule
570 433 632 492 rete
673 434 750 492 ntur.
761 444 770 463 “·
788 434 871 506 Quae
887 455 980 512 quum
995 439 1095 501 omnia

67 526 161 592 atque
176 514 265 574 etiem
281 516 373 575 multo
387 514 446 574 alia
460 515 587 585 maiora,
607 532 686 589 quae
700 531 737 574 co
760 518 838 585 suite
855 529 1013 593 praetereo
1045 539 1095 595 ac-

68 599 232 672 cidissent,
259 598 369 658 videtis
389 615 438 658 me
457 607 555 658 tamen
578 599 607 657 in
628 614 727 658 meam
739 533 1094 678 ¹{distinamdiguitsst'em

67 681 156 743 brevi
174 690 312 756 tempore
333 681 448 743 doloris
464 681 620 742 interiecto
639 680 684 742 rei
705 682 846 757 publicae
862 699 939 745 voce
961 701 1031 747 esse
1047 705 1093 748 re·
1125 710 1134 725 ,

67 773 219 825 vocatum.

150 847 256 910 XXIV.
271 845 321 908 53.
342 845 404 906 Sed
424 856 457 908 ut
472 856 610 929 reverter
625 848 665 908 ad
676 847 774 925 illud,
800 849 884 923 quod
900 849 972 910 mihi
986 849 1018 910 in
1037 851 1112 912 hac·

66 931 156 993 omni·
164 939 213 991 est
227 930 363 991 oratione
381 916 588 1006 propnsbdii‘,
606 928 746 995 omnibus
761 932 848 991 maiis
866 933 916 992 itio
932 949 1011 994 anno
1027 950 1093 994 sce

65 1017 130 1076 lere
150 1015 309 1075 consulum
330 1013 567 1090 rempublicam
590 1031 662 1075 esse
684 1017 867 1087 confectam,
893 1017 1022 1091 primum
1041 1015 1093 1077 ilio

65 1096 136 1173 ipse
153 1097 217 1170 die,
247 1097 299 1172 qui
320 1095 393 1156 mihi
413 1099 552 1157 funestus
568 1097 638 1170 tuit,
663 1098 803 1158 omnibus
818 1097 909 1158 benis
925 1101 1093 1173 luctuosus,

67 1198 161 1256 quum
176 1197 233 1255 ego
249 1197 297 1240 me
315 1197 332 1239 e
350 1183 512 1256 complexu
531 1181 649 1255 patriae
668 1188 824 1257 conspect¹
859 1198 898 1265 pe
918 1189 1021 1265 vestro
1036 1181 1093 1242 eri-

64 1265 203 1340 puissem
223 1273 254 1324 et
273 1271 355 1325 metu
375 1262 469 1325 vestri
489 1263 630 1338 periculi,
657 1281 718 1325 non
739 1260 833 1339 mei,''
851 1254 932 1326 uiuri
951 1260 1094 1339 hominis,

65 1347 184 1418 sceleri,
199 1346 355 1422 perfidiae,
371 1347 439 1409 tetis
454 1347 606 1423 minisque
620 1347 787 1408 cessissem
800 1346 1000 1424 patriamque,
1014 1363 1123 1423 quae..¹

63 1429 138 1490 mihi
148 1438 212 1491 erat
224 1430 396 1504 carissima,
414 1440 540 1507 propter
553 1431 651 1506 ipsius
661 1430 776 1506 patriae
787 1433 940 1493 ceritatem
952 1430 1093 1507 reliquis-

64 1530 145 1584 sem,
163 1532 255 1590 quum
271 1531 371 1576 meum
385 1514 468 1577 illum
484 1530 590 1575 casum
605 1523 666 1575 tam
681 1513 870 1588 horribilem,
886 1524 947 1576 tam
961 1531 1094 1590 gravem,

63 1605 123 1657 tam
134 1598 326 1672 repentinum
336 1615 397 1658 non
409 1599 508 1659 solum
521 1597 669 1668 homines,
682 1598 739 1656 sed
748 1605 827 1658 tecta
837 1597 921 1657 urbis
932 1614 968 1656 ac
982 1598 1116 1674 tempta2
1131 1612 1141 1652 ς.

61 1680 216 1754 lugerent,
240 1696 329 1739 nemo
344 1690 480 1741 vestrum
495 1680 608 1751 iorum,
629 1694 717 1739 nemo
740 1679 868 1750 curiam,
890 1696 979 1741 neme
994 1682 1093 1741 iucem

61 1763 203 1837 aspicere
217 1762 323 1820 vellet:
340 1761 407 1833 iiio,
423 1762 562 1835 inquam,
580 1761 649 1835 ipso
661 1760 726 1835 die,
742 1761 791 1819 die
806 1760 897 1821 dicct
911 1762 1001 1822 immo
1017 1763 1093 1835 hora
1124 1786 1131 1833 ,-

60 1842 271 1925 atque„etiam
292 1849 404 1914 puncto
431 1842 576 1914 temporis
603 1841 712 1900 eodem
732 1841 804 1901 mihi
826 1841 932 1917 reique
952 1844 1093 1916 publicae
1125 1842 1130 1849 ’
1161 1842 1164 1847 ’

58 1922 225 2003 pernicies,
244 1922 371 1982 Gabinio
386 1932 416 1984 ct
425 1922 529 1983 Pisoni
543 1921 701 1998 provincia
712 1931 816 1998 rogata
828 1933 884 1984 est.
904 1924 983 1986 Proh
997 1924 1028 1984 di
1039 1924 1093 1985 im·

59 2006 221 2081 mortales,
249 2006 394 2067 custodes
415 2015 445 2066 et
460 2006 805 2097 conservatoresthuius
825 2006 909 2067 urbis
926 1996 1019 2082 etque
1038 2006 1093 2066 im·

59 2091 155 2169 perii!
184 2106 334 2165 quaenam
349 2088 400 2149 iiia
416 2090 495 2151 inre
513 2090 637 2166 publica
651 2097 799 2163 monstra,
822 2106 902 2167 quae
918 2090 1035 2151 scelera
1048 2087 1093 2149 vi·

61 2174 167 2236 distis!
198 2173 279 2233 Civis
294 2182 359 2234 erat
371 2175 581 2250 expulsusis,
599 2173 651 2249 qui
666 2190 730 2233 rem
744 2171 896 2249 publicam
911 2190 952 2234 ex
967 2181 1093 2234 senatus

61 2259 240 2318 auctoritate
256 2273 325 2317 cum
342 2257 483 2318 omnibus
499 2256 589 2319 benis
606 2256 905 2400 detenderetffen
928 2257 1015 2318 uisus
1030 2272 1093 2317 uon

61 2341 121 2401 aiio
137 2340 258 2416 aliquo,
276 2340 332 2400 scd
347 2357 384 2401 eo
401 2339 471 2415 ipso
489 2338 624 2401 erimine:
660 2340 733 2400 Erat
746 2348 815 2401 aute
861 2273 1011 2416 affusus
1026 2339 1093 2401 sine

60 2423 193 2501 iudicio,
211 2422 242 2483 vi
273 2424 301 2482 la
325 2423 444 2515 idibus,
458 2425 555 2497 ferro,
572 2423 696 2484 servitio
713 2422 845 2499 denique
860 2424 1025 2485 eoncitatm
1042 2423 1094 2481 icx

61 2516 126 2567 erat
146 2508 206 2566 iata
227 2440 405 2585 Metire
425 2507 533 2603 reiictq,
546 2509 661 2593 ,torpet
674 2505 793 2567 sicariis
808 2507 968 2582 servisque
983 2505 1101 2583 traditu.
1120 2574 1124 2585 Ι
1145 2568 1166 2591 μ

60 2599 96 2650 et
107 2606 143 2649 ea
157 2592 223 2664 tex,
245 2605 324 2663 quae
341 2564 377 2649 di
386 2572 735 2671 iid‘iepffetuf,'''senetus
750 2589 848 2649 tuerat
867 2599 954 2653 veste
970 2580 1111 2647 mutam}
1121 2572 1144 2603 ’κ

61 2673 112 2733 54.
134 2674 199 2733 Hac
216 2681 296 2733 tenta
311 2657 537 2747 perturbatione
552 2672 681 2733 civitatis
697 2689 736 2751 ne
750 2679 869 2745 noctem
884 2671 1007 2747 quidem
1021 2684 1093 2730 cen-

62 2757 146 2817 sutes
160 2759 182 2831 τ
198 2756 276 2817 inter
297 2771 396 2816 meum
419 2755 581 2823 discrimen
604 2765 759 2835 eteorum
779 2755 923 2831 praedam
944 2754 1094 2814 interesse

60 2837 147 2915 passi
159 2847 244 2900 sunt:
263 2837 362 2899 statim
376 2855 425 2899 me
438 2834 581 2915 percuiso
596 2838 750 2899 a'd'meum
762 2837 940 2913 sanguinem
955 2835 1093 2896 haurien-

62 2924 134 2983 dum
156 2931 186 2982 et
202 2916 338 2998 spir‘ante
359 2920 449 2983 ¹etiam
465 2939 498 2982 re
516 2921 638 2997 publica
654 2922 695 2981 ad
710 2919 776 2981 eius
791 2920 891 2997 spolia
908 2917 1095 2979 detrahenda

60 3007 293 3147 advffgviiumt
311 3004 423 3073 Omitto
435 3004 663 3087 gratulationes,
747 3017 792 3077 es,
806 3001 1122 3095 partitiqnemaersst
1157 2988 1161 2997 ¹

59 3089 105 3160 rii,
146 3078 579 3171 'neflbiass's'pemspromiqu
595 3088 710 3179 praeda
743 3085 911 3158 ,laetitiam
927 3092 1121 3160 pauccmm·,‘
1148 3120 1151 3127 ·

58 3172 90 3231 in
103 3173 186 3233 tuctu
199 3170 348 3249 omnium,¹
361 3173 538 3239 vexabatur
546 3170 627 3231 dxbr
635 3168 719 3231 nica:
745 3169 752 3184 '
776 3167 820 3229 eri
832 3168 872 3229 ad
883 3184 989 3229 necem
998 3183 1092 3243 quae-

58 3254 218 3316 rebantur:
235 3270 329 3330 gener
340 3238 370 3316 et
379 3250 451 3316 Pis'o
463 3271 558 3331 gener
568 3271 587 3314 a
596 3252 716 3314 Pisonis
728 3252 865 3314 consulis
876 3250 1007 3327 pedibus
1019 3264 1092 3322 sup·

59 3339 134 3412 plex
147 3336 354 3431 reficiebatur:
379 3339 462 3400 bona
476 3336 696 3411 diripiebantur
711 3351 810 3410 eaque
828 3335 868 3396 ad
881 3333 1025 3395 consules
1039 3330 1093 3390 de

61 3420 252 3503 terebanturt'
267 3406 380 3481 “dd'inus
395 3422 520 3482 ardebat
534 3420 564 3480 in
579 3419 708 3480 Palatio:
725 3418 869 3479 consules
883 3415 1093 3543 epmpbantur.
1133 3472 1136 3481 .

302 3632 306 3645 ¹
364 3632 383 3671 n.
415 3646 440 3659 ,.

223 3688 297 3750 Li),
321 3722 326 3747 :
355 3728 360 3739 ι
384 3734 391 3745 -.
431 3720 434 3725 ·
