2340 3788
78 178 122 244 58
317 179 400 239 llic.
415 176 577 236 VERREM
590 174 674 235 Aer.
686 175 722 233 11.
737 174 809 233 LIB.
824 173 875 233 lv.

80 328 245 405 cupiditasx
265 330 324 389 bne
338 328 427 389 etiam
438 325 537 387 acrior
554 333 646 402 atque
659 323 811 396 insanior,
832 324 918 399 qnod
933 323 988 384 illa
1003 324 1096 401 cupio

80 413 131 473 bat
144 412 190 485 id,
208 412 291 485 quod
306 400 437 484 viderat,
455 408 545 470 huius
560 407 699 469 libidines
720 423 781 468 non
795 405 894 466 solum
908 406 1027 480 oculis,
1050 411 1096 471 sed

80 495 171 556 etiam
191 493 314 554 auribus
335 493 552 554 excitabantur.
593 491 670 551 XIX.
697 488 748 551 40.
770 487 914 564 conquiri
934 490 1096 553 Diodorum

79 586 143 639 tota
155 566 314 652 provincia
327 575 418 637 iubet
451 576 504 635 llle
521 591 562 634 ex
576 572 750 633 Sicilianm
774 579 874 632 castra
895 582 1096 635 commoverat

80 670 111 721 et
131 675 207 720 vasa
230 661 401 733 collegerat.
440 654 555 730 Homo;
576 664 607 716 ut
628 656 730 731 aliquo
753 657 844 717 modo
864 657 896 714 in
911 656 1096 731 provinciam

80 744 162 802 illum
180 750 354 814 revocaret,
376 742 454 799 hanc
469 738 620 813 excogitat
633 740 794 799 rationem:
820 739 847 799 si
860 738 939 799 baec
953 739 1032 802 ratio
1048 756 1096 815 po

79 825 139 887 tius
155 841 245 900 quern
260 823 389 885 amentia
404 823 587 884 nominanda
600 828 656 881 est
681 819 823 897 ‘apponit
835 820 875 880 da
890 821 958 882 suis
974 820 1094 883 canibus

79 909 257 984 quemdum,
284 906 336 981 qui
358 905 438 966 dicat
458 921 491 964 se
514 905 680 964 Diodorum
698 903 886 964 Melitensem
899 903 946 963 rei
963 904 1095 981 capitulis

79 1008 165 1053 reum
177 992 257 1050 velle
271 991 381 1050 lacere.
410 988 509 1047 Primo
524 986 631 1047 mirum
644 985 785 1046 omnibus
800 984 911 1059 videri,
932 985 1096 1049 Diodorum

78 1092 178 1145 reruni
198 1072 350 1139 hominem
365 1069 599 1144 quietissimum,
614 1070 651 1128 ab
668 1070 747 1129 omni
761 1085 821 1129 non
835 1067 927 1129 mode
944 1069 1095 1140 facinoris,

80 1172 184 1217 verum
209 1153 298 1212 etiam
320 1153 433 1212 minimi
458 1153 546 1214 errati
567 1151 743 1226 suspicione
765 1151 1020 1225 remotissimum:
1046 1152 1094 1213 de

79 1239 151 1297 inde
170 1251 241 1295 esse
263 1236 473 1310 perspicuum,
499 1234 566 1295 fieri
590 1234 690 1311 omnia
711 1233 762 1295 illa
784 1243 909 1310 propter
931 1244 1094 1310 argentum·

78 1322 140 1379 istc
159 1335 221 1379 non
245 1317 359 1378 dubitat
376 1320 482 1380 iubere
495 1334 608 1379 nomen
619 1316 745 1390 deterri,
764 1325 794 1377 et
809 1326 871 1378 turn
887 1317 1021 1391 primum
1035 1318 1094 1394 opi·

79 1418 137 1460 nor
155 1399 248 1461 istum
267 1401 401 1462 absentis
424 1417 534 1462 nornen
556 1398 723 1475 recepisse.
750 1398 801 1462 41.
821 1401 886 1460 Res
899 1402 983 1461 clara
997 1401 1096 1463 stettin

80 1491 159 1555 tota,
189 1490 315 1557 propter
334 1485 439 1555 caelati
462 1483 578 1557 argenti
602 1482 795 1557 cupiditatem
813 1499 886 1545 reos
907 1483 975 1545 fieri
997 1500 1096 1545 rerum

80 1564 253 1639 capitalium
267 1583 366 1640 neque
382 1569 480 1627 solum
494 1582 565 1625 reos
579 1564 660 1638 fieri,
679 1565 834 1626 sedetiam
845 1567 1000 1629 absentes.
1027 1567 1096 1628 llio·

78 1648 173 1707 dorus
195 1647 311 1708 Rornae
341 1649 513 1710 sordidatus
539 1649 651 1708 circum
674 1656 819 1721 patronos
842 1657 936 1724 atque
958 1650 1096 1726 hospites

79 1746 219 1791 cursare=
246 1747 310 1790 rem
332 1732 471 1792 omnibus
498 1747 629 1791 narrare.
675 1730 804 1793 Litterae
828 1731 981 1793 nubuntur
1004 1732 1096 1793 istic

79 1821 165 1887 patre
186 1812 396 1887 vehementes,
422 1816 461 1875 ab
484 1812 590 1875 amicis
610 1813 695 1885 item,
721 1813 837 1874 videret
850 1814 923 1888 quid
938 1814 1096 1889 egeretde

78 1896 228 1969 Diodoro,
241 1914 302 1970 quo
313 1899 559 1972 progrederetur:
580 1913 644 1957 rem
657 1899 766 1956 claram
777 1913 848 1957 esse
860 1906 890 1958 ct
899 1895 1096 1959 invidiosam

78 1979 212 2038 insanire
225 1980 387 2052 hominem,
403 1981 568 2054 periturum
580 1980 640 2039 hoc
654 1995 715 2039 uno
731 1978 863 2054 crimine,
878 1979 937 2040 nisi
952 1980 1096 2043 cavisset.

77 2061 139 2120 lste
161 2062 250 2120 etiam
272 2070 333 2122 tum
355 2071 485 2136 patrem,
514 2063 540 2122 si
558 2078 617 2121 non
634 2061 664 2120 in
678 2063 828 2136 parentis,
849 2072 880 2124 at
893 2062 924 2123 in
941 2062 1096 2125 hominurn

78 2158 205 2203 numero
226 2146 366 2216 putabam
392 2145 432 2204 ad
446 2144 588 2204 iudicium
608 2145 742 2204 nondum
757 2162 792 2205 se
806 2145 881 2206 satis
898 2145 1096 2207 instruxerntr

77 2223 193 2295 primus
214 2240 311 2285 annus
333 2235 399 2287 erat
416 2224 606 2301 provinciae:
635 2243 696 2286 non
716 2235 749 2288 ut
765 2228 795 2287 in
811 2228 952 2300 Sthenio,
976 2229 1039 2289 iam
1050 2245 1096 2289 re-

77 2306 173 2364 fertus
193 2310 331 2379 pecunia.
366 2310 472 2384 ltaque
492 2309 574 2369 furor
597 2307 662 2369 eins
685 2313 864 2384 paullulum,
885 2329 947 2374 non
968 2313 1095 2387 pudore,

77 2387 134 2445 scd
155 2395 235 2447 metu
255 2405 291 2448 ac
309 2390 414 2451 timore
433 2407 594 2467 repressus
613 2400 668 2452 est.
707 2393 915 2455 condemnare
929 2393 1096 2457 Diodorum

76 2485 138 2529 non
153 2471 245 2529 audet
259 2473 429 2534 absentem:
450 2475 489 2533 de
503 2473 563 2534 reis
578 2475 690 2535 eximit
720 2476 892 2538 Diodorus
884 2485 1001 2539 interea
1010 2492 1096 2552 prata

76 2562 141 2613 tore
155 2551 213 2613 isto
228 2570 325 2629 prope
337 2555 495 2616 triennium
506 2557 663 2631 provincia
674 2559 826 2654 domoque
838 2560 944 2621 carrdt
957 2558 1009 2621 42.
1023 2560 1096 2621 Gue-

75 2634 132 2696 teri
155 2653 216 2696 non
236 2639 334 2697 solum
354 2637 463 2712 Siculi,
483 2642 540 2700 sed
556 2641 645 2701 ctiam
661 2641 745 2702 cives
759 2633 888 2705 Romani
903 2643 962 2705 hoc
983 2650 1096 2705 statue

74 2728 155 2780 rant·
185 2722 327 2816 quoniam
348 2719 407 2780 iste
428 2731 542 2783 tanturn
566 2724 729 2799 cupiditate
754 2727 1002 2800 progrederetur,
1024 2724 1096 2787 nibil

74 2803 243 2878 essequod
261 2804 422 2880 quisquam
438 2813 558 2880 putaret
572 2823 621 2880 sc,
645 2807 749 2881 quod
742 2810 791 2869 rsti
807 2810 909 2885 paullo
923 2810 1022 2885 magis
1033 2810 1096 2885 pla·

75 2892 170 2957 cerat,
193 2903 378 2949 conservare
392 2895 443 2948 aut
431 2888 538 2948 tdomi
553 2889 682 2951 retinere
697 2907 801 2966 posse
835 2892 898 2953 XX.
919 2892 1034 2953 Postea
1046 2907 1096 2953 va

75 2980 109 3021 ro
133 2983 223 3040 quem
240 2971 284 3032 int
272 2973 451 3033 tellexerunt
470 2972 519 3031 isti
533 2972 634 3033 virum
650 2974 772 3047 fortem,
793 2992 884 3050 quem
895 2991 1015 3036 summe
1025 2990 1096 3051 pro

74 3044 174 3106 vincia
194 3055 407 3127 exspectabat,
434 3055 618 3128 Q.Arrium,
640 3073 701 3116 nen
723 3059 905 3133 succedere,
926 3064 1096 3120 statuerunt

74 3126 147 3187 nihil
166 3145 200 3189 se
222 3142 281 3194 tam
302 3138 439 3197 clausurn
460 3153 561 3212 neque
578 3145 638 3197 tam
659 3141 847 3201 reconditum
861 3157 959 3237 posse
972 3141 1096 3215 habere,

74 3211 165 3353 quod
178 3229 238 3273 nen
258 3216 345 3278 istius
362 3219 518 3295 cupiditati
534 3221 757 3295 apertissimum
771 3224 1096 3302 promptissimumque

72 3308 144 3355 esse

155 3376 230 3438 Tum
246 3379 303 3439 iste
323 3382 361 3441 ab
376 3384 478 3459 equite
492 3386 628 3446 Romano
644 3387 804 3467 splendido
820 3395 849 3449 et
864 3388 1020 3464 gratioso,
1044 3391 1096 3462 Gn
