2340 3788
363 187 807 255 οΑΡ.46-49.ς.1ω-ιοτ.
835 207 844 223 ‘
1057 194 1100 261 88

65 351 120 405 tur
135 339 333 402 consessione
344 352 409 410 sua,
424 335 593 397 manifestis
607 337 637 396 in
652 338 808 399 maleficiis
822 348 941 403 tenetur
955 351 985 404 et
999 353 1099 407 manet

67 423 163 487 etiam
176 436 214 483 ac
227 421 338 483 tacitus
355 421 434 482 lacta
448 436 568 480 mecum
584 436 640 479 sua
653 423 854 494 recognoscit

156 503 228 569 105.
245 502 374 564 Nimium
388 500 460 564 mihi
472 503 525 563 diu
540 502 645 563 videor
662 503 692 562 in
706 521 767 564 uno
781 520 892 578 genere
908 508 1025 570 versari
1042 512 1098 571 cri-

69 589 197 653 minum.
225 585 344 658 Sentio,
367 585 501 658 iudices,
517 587 739 648 occurrendum
753 602 823 646 esse
838 588 967 651 satietati
981 592 1098 655 aurium

69 672 303 746 animorumque
316 677 494 731 vestrorum.
512 669 606 742 Quam
618 670 657 730 ob
669 687 733 729 rem
745 671 837 730 multa
851 668 1099 746 praetermittam:

71 757 114 819 ad
126 772 166 818 ea
180 763 295 826 autem,
312 768 391 828 quae
406 750 542 813 dicturus
561 769 643 825 sum,
659 753 774 813 reficite
790 770 860 825 vos,
878 771 1007 829 quaeso,
1022 756 1105 819 iudi·'

22 866 29 873 ·
71 856 135 913 ces,
158 854 215 914 per
242 838 317 897 deos
338 835 533 909 immortales,
554 852 608 896 eos
630 834 727 910 ipsos,
751 837 793 907 de,
811 852 940 912 quorum
953 836 1100 913 religione

69 922 192 987 iamdiu
208 919 346 993 dicimus,
363 919 434 978 dum
451 917 484 978 id
496 919 561 979 eius
575 918 693 979 lacinus
707 935 910 980 commemoro
925 928 956 979 et
966 921 1098 995 profero,

72 1023 134 1083 quo
150 1001 310 1080 provincia
327 1010 388 1063 tota
402 1009 552 1062 commota
566 1010 620 1062 est.
652 1004 697 1063 De
712 1019 773 1077 quo
790 1001 816 1062 si
830 1003 933 1077 paullo
947 1001 1036 1064 altius
1051 1021 1099 1064 or-

73 1088 130 1151 diri
144 1104 182 1150 ao
197 1093 338 1161 repetere
354 1083 528 1145 memoriam
541 1084 697 1160 religionis
712 1084 855 1158 videbor,
869 1085 1035 1160 ignoscite:
1054 1085 1099 1147 rei

69 1169 248 1247 magnitudo
264 1185 312 1228 me
326 1168 458 1229 breviter
475 1169 676 1243 perstringere
693 1168 879 1230 atrocitatem
892 1167 1025 1230 criminis
1037 1185 1099 1231 non

71 1255 152 1317 sinit
169 1252 299 1315 XLVlll.
316 1250 386 1313 106.
399 1253 495 1312 Vetus
507 1261 555 1312 est
568 1253 645 1313 haee
660 1250 772 1327 opinio,
787 1249 915 1326 iudices,
932 1269 1010 1327 quae
1026 1270 1098 1314 con-

70 1346 131 1401 atat
144 1352 184 1398 ex
205 1333 423 1412 antiquissimis
442 1336 624 1395 Graecorum
642 1334 747 1395 litteris
764 1350 800 1395 ac
816 1335 1032 1409 monumentis,
1054 1335 1098 1396 in-

71 1423 173 1485 sulam
193 1418 325 1479 Siciliam
346 1426 439 1480 totam
459 1435 530 1497 esse
554 1417 654 1478 Cereri
677 1427 707 1478 et
727 1417 855 1479 Liberae
879 1427 1097 1480 consecratam.

69 1504 137 1567 Hoc
155 1519 249 1578 quum
263 1509 401 1564 caeterae
417 1511 525 1576 gentes
537 1500 585 1562 sic
599 1501 793 1575 arbitrantur,
816 1511 876 1563 turn
891 1501 969 1578 ipsis
986 1502 1097 1564 Siculis

69 1590 112 1651 lta
127 1601 308 1662 persuasum
323 1594 379 1660 est,
394 1594 427 1645 ut
440 1585 471 1651 in
487 1583 594 1645 animis
608 1601 712 1645 eorum
723 1583 845 1646 insitum
859 1592 951 1660 atque
964 1584 1099 1648 innatum

70 1686 143 1735 asse
157 1667 305 1728 videatur.
327 1669 403 1727 Nam
417 1676 446 1728 et
457 1675 543 1741 natas
560 1683 630 1727 esse
644 1666 700 1727 has
715 1665 746 1726 in
761 1666 798 1726 iis
815 1669 891 1727 locis
906 1657 981 1727 deas
996 1679 1025 1729 et
1037 1670 1098 1729 tru-

70 1770 127 1833 ges
140 1754 174 1814 in
189 1767 227 1811 ea
240 1760 320 1811 terra
335 1748 463 1823 primum
481 1757 619 1820 repertas
638 1762 717 1808 esse·
731 1749 911 1809 arbitrantur
934 1757 964 1809 et
982 1761 1100 1825 raptam

71 1852 143 1901 esce
157 1832 315 1902 Liberam,
333 1846 425 1904 quarn
447 1828 584 1888 eamdem
597 1829 810 1904 Proserpinam
825 1837 949 1902 vocant,
966 1847 1005 1891 ex
1019 1833 1100 1891 Hen-

71 1919 217 1985 ursium
230 1928 369 1973 nemore:
391 1910 443 1985 qui
464 1912 560 1983 locus,
578 1910 661 1986 quod
677 1909 707 1969 in
723 1909 822 1970 media
837 1919 885 1971 est
897 1910 998 1971 insula
1015 1912 1100 1987 situs,

71 1997 235 2067 mbilicus
249 1994 369 2057 Siciliae
381 1995 559 2056 nominatur.
582 1995 676 2068 Quam
688 2011 782 2069 quum
792 1992 975 2069 investigare
986 2002 1016 2056 et
1029 2012 1101 2056 con-

72 2086 198 2165 quirere
213 2079 303 2140 Ceres
320 2079 423 2150 vellet,
443 2076 552 2139 dicitur
570 2076 777 2138 inflammasse
794 2077 899 2138 taedas
917 2076 954 2139 iis
969 2077 1100 2155 ignibus,

72 2168 181 2247 quiex
195 2165 312 2224 Aetnae
330 2160 443 2223 vertice
457 2170 633 2238 erumpunt=
657 2178 734 2237 quas
750 2160 808 2221 sibi
824 2178 917 2235 quum
931 2161 1000 2237 ipsa
1013 2180 1099 2238 prae-

71 2254 174 2324 terret,
186 2247 291 2309 orbem
303 2261 422 2306 omnem
432 2258 614 2320 peragrasse
624 2253 780 2306 terrarum.
795 2241 980 2306 totmanno
990 2255 1098 2320 autem,

71 2335 123 2399 ubi
137 2350 193 2404 ea,
216 2346 296 2405 quae
310 2327 394 2400 dico,
416 2336 504 2403 gesta
525 2344 595 2390 esse
609 2337 828 2400 memorantur,
844 2336 891 2389 est
906 2329 976 2389 loco
992 2347 1101 2405 perex-

51 2418 54 2425 '
72 2420 155 2481 celso
172 2421 267 2489 atque
282 2411 383 2484 edito,
408 2428 470 2485 quo
486 2410 516 2470 in
532 2428 648 2472 summo
667 2419 714 2471 est
729 2420 861 2487 aequata
878 2409 943 2487 agri
958 2413 1099 2488 planities

70 2512 101 2565 et
113 2514 219 2577 cquae
235 2510 405 2572 peremnes,
416 2502 479 2555 tota
491 2510 563 2554 vero
580 2495 618 2554 ab
630 2494 711 2555 omni
725 2495 809 2556 aditu
820 2494 999 2555 circumcisa
1009 2503 1101 2570 atque

71 2582 261 2647 dueeaesa
278 2595 369 2653 quam
376 2577 457 2637 circa
469 2578 553 2638 lacus
561 2577 682 2651 lucique
694 2586 764 2638 sunt
769 2576 890 2654 plurimi
901 2587 993 2652 atque
1000 2576 1100 2636 laetis-

71 2666 139 2731 simi
155 2664 254 2725 flores
269 2663 350 2722 omni
371 2669 508 2735 tempore
525 2660 610 2732 anni,
632 2662 718 2721 locus
740 2670 774 2722 ut
794 2661 864 2736 lpse
881 2668 1000 2734 raptum
1018 2659 1101 2719 illurn

70 2747 215 2827 virginis,
238 2762 329 2821 quern
346 2743 405 2804 iarn
420 2761 438 2803 a
452 2743 558 2818 pueris
576 2743 765 2818 accepimus,
782 2745 939 2804 declarare
954 2740 1100 2804 videatur.

69 2832 190 2897 Etenim
204 2845 302 2905 prope
317 2836 364 2888 est
375 2829 522 2901 spelunea
534 2826 692 2901 quaedam,
704 2842 854 2886 conversa
868 2825 908 2882 ad
919 2823 1100 2900 aquilonem,

69 2916 193 2981 infinita
202 2910 369 2984 altitudine,
381 2909 545 2986 quaDitem
558 2920 671 2984 patrem
682 2909 781 2969 lerunt
794 2913 921 2982 repente
933 2923 1000 2967 cum
1012 2925 1101 2971 curru

70 2997 230 3065 exstitisse
241 2996 459 3069 abreptamque
471 3009 510 3052 ex
523 3010 559 3053 eo
568 2995 635 3054 loco
644 2991 790 3066 virginem
801 3006 904 3050 secum
913 3002 1101 3067 asportasse,

70 3094 99 3147 et
112 3081 219 3147 subito
234 3096 294 3140 non
308 3080 399 3151 longe
412 3094 431 3136 a
442 3075 604 3151 Syracusis
619 3083 798 3151 penetrasse
813 3073 870 3134 sub
882 3081 978 3135 terras
990 3078 1102 3137 lacurn·

72 3183 130 3243 que
144 3166 178 3227 in
194 3180 233 3224 eo
249 3164 318 3223 loco
337 3167 462 3235 repente
476 3159 649 3220 exstitisse:
665 3158 717 3219 ubi
736 3174 836 3232 usque
852 3157 892 3216 ad
906 3157 966 3218 hoc
980 3167 1101 3235 tempus

73 3245 263 3327 Syracusani
283 3247 379 3304 festos
400 3243 466 3302 dies
481 3240 704 3303 anniversarios
727 3249 820 3316 agunt
841 3241 1036 3302 celeberrimo
1058 3241 1100 3299 vi-

10 3339 13 3347 ’
73 3349 174 3397 rorum
188 3327 410 3401 mulierumque
422 3335 582 3386 conventu.
597 3326 697 3385 XLIX.
711 3324 837 3400 Propter
848 3322 937 3383 huius
949 3323 1101 3398 opinionis

10 3420 13 3430 '
74 3423 271 3487 uetustatem,
295 3411 379 3487 quod
400 3410 507 3471 borum
526 3408 557 3468 in
582 3408 619 3470 iis
642 3408 719 3470 locis
741 3405 871 3486 vestigia
889 3422 928 3467 ac
943 3422 1047 3483 prope
1061 3404 1113 3466 'm-

835 3493 858 3530 Ω
867 3492 885 3526 ἢ
