2340 3788
383 197 467 257 cnr.
480 204 578 259 a-s-
598 202 752 262 §.e-12
1015 199 1078 267 247

54 365 154 412 causa
172 355 202 408 et
222 356 286 409 turn
308 355 476 408 conventus
496 347 546 405 ille
567 345 702 419 Capuae,
731 345 783 420 qui
806 357 930 423 propter
950 350 1078 410 salutem

56 434 138 494 illius
155 430 240 491 urbis
256 432 415 501 consulatu
435 436 645 489 conservatam
664 443 732 488 meo
747 444 795 487 me
812 447 904 492 unum
920 440 1078 504 patronum

55 513 227 590 adoptavit,
251 512 321 573 huic
340 513 423 588 apud
442 528 490 572 mc
510 511 541 569 P.
557 509 658 570 Sestio
678 509 824 570 maximas
841 513 952 587 gratias
969 516 1029 590 egit
1048 523 1079 576 et

56 599 116 658 hoc
130 607 267 671 ternpore
283 595 381 657 eidem
394 595 533 656 homines
544 593 665 653 nomine
676 601 857 654 commutato
874 595 974 655 coloni
985 598 1076 659 decu-

56 681 237 753 rionesque,
258 678 414 739 fortissimi
430 687 519 750 atque
536 676 641 750 optimi
657 675 726 748 viri,
749 676 928 736 beneficium
941 676 973 735 Ρ.
986 678 1078 749 Sestii

56 764 229 824 testimonio
246 762 401 821 declarant
414 760 642 834 periculumque
658 760 780 820 decreto
795 775 854 819 suo
870 750 1077 832 deprecantur.

57 844 109 907 10.
130 844 250 919 Recita,
271 838 402 919 quaes'o,
423 843 454 900 P.
476 842 571 913 Sesti,
596 841 669 916 quid
683 842 835 902 decrerint
849 835 1078 915 Capuae'decu·
1117 912 1119 917 ,

54 930 174 998 riores,
200 935 232 987 ut
251 925 310 985 inm
328 924 451 1000 puerilis
467 934 518 985 tua
533 941 593 984 vox
608 924 707 999 possit
721 924 837 999 aliquid
850 922 1023 996 significare
1036 920 1107 983 inl*

55 1010 154 1071 imicis
166 1009 288 1081 nostris,
306 1008 459 1083 quidnam,
476 1023 568 1082 quum
580 1024 615 1066 se
625 1007 836 1081 corroborarit,
850 1007 1093 1091 effectura-esse·

55 1094 203 1153 videatur.
232 1093 583 1165 Decurionuunncnura.
611 1091 677 1150 Non
698 1090 792 1150 recito
808 1076 1089 1167 decretumbfficio

54 1176 159 1249 aliquo
180 1172 362 1248 expressum
379 1172 540 1234 vicinitatis
564 1180 615 1232 aut
636 1173 793 1234 clientelae
813 1180 865 1233 ant
882 1169 1006 1248 hospitii
1024 1180 1099 1246 pu·'

55 1259 128 1318 blici
149 1266 202 1318 aut
221 1257 392 1319 ambitionis
413 1265 465 1317 aut
484 1255 755 1317 commendationis
775 1256 885 1329 gratia:
912 1256 968 1316 sed
984 1253 1080 1316 recito

19 1406 26 1413 ,
41 1342 231 1424 ‚memoriam
247 1339 399 1423 perfuncti
412 1338 548 1415 periculi,
566 1338 821 1414 praedicationem
836 1336 1014 1413 amplissimi
1028 1336 1080 1397 be·
1148 1341 1151 1351 '

54 1417 166 1495 n'e'iicii,
179 1414 278 1497 vicem
291 1414 574 1499 o'fficiipracsentis,
586 1421 789 1481 testimonium
801 1420 952 1497 praeteriti
963 1430 1080 1497 tempo·

54 1507 108 1568 ris.
149 1505 197 1567 li.
218 1511 320 1582 Atque
334 1507 393 1567 illis
410 1506 597 1581 temporibus
616 1504 741 1579 iisdem,
765 1521 858 1579 quum
874 1503 933 1564 iam
948 1505 1080 1580 Capuam

55 1598 138 1649 metu
149 1589 267 1649 Sestius
280 1590 447 1663 liberasset,
462 1590 568 1649 urbem
580 1596 704 1648 senatus
715 1595 808 1661 alque
822 1602 928 1648 omnes
940 1587 1013 1649 boni
1028 1588 1079 1647 de·

56 1671 218 1747 prehensis
239 1680 331 1746 atque
351 1671 512 1751 oppressis
535 1669 711 1731 domesticis
726 1670 866 1731 hostibus
881 1685 929 1729 me
946 1670 1024 1731 duce
1040 1685 1081 1730 ex

53 1754 199 1830 periculis
214 1755 353 1814 maximis
368 1748 579 1829 extraxissent,
598 1769 655 1826 ego
673 1752 779 1813 litteris
790 1753 822 1811 Ρ.
835 1752 967 1813 Sestium
978 1753 1080 1827 Capua

54 1835 204 1896 arcessivi
218 1850 286 1895 cum
300 1837 351 1895 illo
366 1834 516 1908 exercitu,
539 1851 630 1908 quem
647 1843 707 1895 tum
723 1852 828 1895 secum
843 1834 982 1894 habebut
1011 1832 1080 1906 Qui·

53 1921 114 1978 bus
130 1915 179 1975 bic
192 1915 298 1977 litteris
310 1917 395 1977 lectis
409 1919 450 1978 ad
463 1919 569 1977 urbem
580 1916 739 1978 confestim
751 1915 920 1978 incredibili
931 1915 1081 1976 celeritate

52 1998 218 2061 advolavit.
239 2002 341 2074 Atque
352 2008 385 2060 ut
398 2000 477 2061 illius
490 1999 634 2077 temporis
646 2000 832 2062 atrocitatem
842 1998 997 2077 recordari
1008 2013 1081 2073 pos-

55 2083 138 2153 sitis,
168 2081 270 2143 nudite
287 2083 402 2144 litteras
423 2091 454 2143 et
473 2093 606 2145 vestram
620 2084 794 2143 memoriam
811 2084 851 2144 ad
865 2081 980 2144 timoris
994 2097 1080 2157 prae·
1147 2148 1155 2155 ,

54 2165 134 2226 teriti
148 2165 360 2239 cogitationem
376 2166 514 2230 excitate.
544 2167 696 2226 Limnaia
711 2167 870 2227 Crcnnorus
883 2156 1058 2245 consummi*

139 2251 176 2308 V.
196 2249 263 2310 Hoc
283 2251 417 2311 adventu
436 2250 468 2308 Ρ.
483 2249 575 2311 Sestii
594 2251 779 2311 tribunorum
801 2249 900 2325 plebis
923 2262 1080 2327 novorum,

56 2331 109 2407 qui
128 2338 190 2391 tum
203 2333 354 2432 praemis
372 2332 480 2395 diebus
495 2333 672 2394 consulatus
686 2332 809 2393 meires
823 2322 897 2401 eb‘s',
915 2348 992 2407 quas
1010 2347 1091 2406 ges·
1122 2338 1126 2347 '

36 2431 164 2487 seram,
182 2420 297 2476 vetuere
313 2415 485 2490 cupiebant,
505 2416 703 2492 reliquaeque
720 2413 936 2476 coniurationis
950 2414 1080 2489 impetus

19 2514 28 2523 ·
43 2506 85 2559 ⁴ct
96 2506 222 2559 conatus
234 2506 305 2559 sunt
315 2499 467 2559 retardati.
496 2497 546 2559 12.
561 2502 608 2560 Ac
619 2507 727 2574 postea
740 2514 831 2572 quam
842 2506 890 2559 est
899 2497 1081 2558 intellectum

54 2556 94 2637 ni.
111 2579 223 2642 Catone
237 2583 356 2642 tribuno
373 2580 485 2656 plebis,
504 2582 669 2642 fortissimo
684 2589 776 2656 atque
790 2581 904 2656 optimo
922 2578 998 2649 civi,
1016 2592 1083 2635 rem

55 2661 206 2735 publicam
219 2664 409 2736 defendente,
425 2679 526 2738 perse
538 2664 640 2739 ipsum
652 2673 790 2725 senatum
802 2664 1011 2739 populumque
1020 2659 1082 2721 Ro·

55 2761 176 2805 manum
190 2745 257 2806 sine
272 2746 398 2807 militum
414 2746 568 2822 praesidio
587 2747 663 2809 tueri
683 2747 771 2806 facile
787 2761 881 2821 quum
896 2740 1083 2802 maiestatem
1110 2744 1113 2753 '
1130 2742 1133 2747 '

55 2844 141 2887 suam
162 2837 224 2889 turn
243 2828 417 2905 dignitatem
437 2846 555 2901 eorum,
579 2829 631 2905 qui
651 2832 987 2895 salutemcommunem
1004 2821 1081 2897 peri·

55 2911 123 2970 culo
139 2927 196 2972 suo
213 2912 438 2986 defendissent,
456 2911 577 2973 Sestius
593 2929 662 2973 curn
676 2912 727 2972 illc
743 2911 879 2973 exercitu
892 2923 950 2969 suo
965 2922 1089 2991 sumpta

54 2994 207 3054 celeritate
221 3003 268 3055 est
277 2996 443 3057 ,antonium
457 3003 660 3075 consecutus..
680 2995 737 3055 Hic
751 3011 808 3069 ego
824 2986 898 3068 quid
910 2986 1081 3066 praedicem

55 3076 234 3165 quibusipic,
242 3078 335 3159 rebus
350 3078 509 3140 consulem
521 3079 561 3139 ad
574 3092 638 3137 rem
652 3078 818 3151 gerendam
831 3071 988 3135 excitarit?
1002 3089 1081 3147 quos

54 3145 380 3231 stimulos'biblre'rit
401 3161 515 3223 homini
535 3160 674 3239 studioso
694 3161 823 3220 fortasse
843 3155 1002 3230 victorine,
1026 3156 1083 3215 sed

53 3250 153 3303 tamen
169 3242 293 3306 nimium
307 3261 499 3305 communem
511 3244 638 3337 Martem
653 3240 724 3323 belli
740 3236 905 3317 casumqiie
919 3237 1083 3330 metuentia

52 3324 192 3400 Longum
212 3334 260 3386 est
278 3342 316 3387 ea
335 3327 453 3401 dicere,
472 3327 528 3387 sed
548 3325 607 3386 bo'c'
628 3326 721 3385 breve
739 3324 851 3385 dicatur
877 3322 958 3385 sibl.
973 3319 1102 3381 Petreii·

53 3422 115 3467 non
133 3408 289 3470 excellens
308 3409 427 3471 animus
441 3418 472 3471 et
492 3424 579 3471 arnor
599 3407 643 3469 rei
663 3406 819 3483 publicae,
840 3423 902 3469 non
922 3409 1081 3481 praestans
