2340 3788
111 186 179 255 aad
254 187 292 247 ΙΝ
307 186 348 245 Μ.
362 184 561 245 hhrohrurd
575 182 716 245 ORATIO
729 183 956 247 PHILIPPICA
969 186 1008 244 11.

111 344 139 403 si
150 338 297 399 valuisset
311 350 348 396 ac
361 349 423 395 non
437 333 456 393 ii
471 335 600 394 maxime
612 332 699 407 mihi,
714 350 845 409 quorum
860 348 928 409 ego
942 338 1027 398 vitae
1038 352 1121 397 conor

111 425 222 495 lebam,
234 434 292 495 spe
303 416 450 495 victoriae
458 414 734 490 elatlobstitissent,
742 422 779 477 ut
789 415 1015 493 uliaomittam,
1027 424 1123 481 tuan

111 518 275 579 numquam
286 499 318 561 ιιι
326 499 499 560 hacordine
508 500 558 559 vel
566 497 669 573 potius
683 514 851 574 numquam
862 497 899 559 in
913 500 978 563 hac
983 502 1123 563 urbanae

112 590 219 649 sisscs.
240 587 281 645 At
293 599 368 645 vero
383 583 436 642 Cn.
450 580 585 657 Pompeii
600 583 783 642 voluntatem
804 596 825 641 a
838 598 892 643 me
907 584 1068 646 alienabat
1079 598 1124 645 ιιι

112 672 154 733 tio
165 684 243 729 mea.
263 670 313 727 An
325 666 376 725 ille
385 680 568 741 quemquam
583 664 652 738 plus
663 663 787 725 dilexit!
800 678 872 724 cum
882 666 956 728 ullo
967 676 1023 729 aut
1037 680 1124 729 serua

111 770 167 815 nes
179 760 231 813 aut
242 748 369 811 consilia
381 746 507 808 contulit
519 745 665 822 saepiusr
676 747 760 823 quod
774 745 902 821 quidem
918 757 1125 825 eratmagnm.

112 839 283 897 desummo
299 847 334 892 re
356 830 478 906 publica
498 828 715 891 dissentientes
734 828 766 889 in
785 828 898 890 eadem
916 830 1122 895 consuetudin

112 915 259 981 amicitiae
277 928 463 990 permanere.
485 912 549 973 Sed
559 920 590 972 et
605 928 663 986 ego
678 910 753 987 quid
768 911 819 971 ille
833 920 865 973 et
879 923 997 975 contm
1010 915 1061 976 ille
1072 912 1123 1010 qaid

112 1016 171 1097 ego
185 997 327 1063 sentirem
343 1005 375 1057 ct
387 1003 557 1070 spectarem
570 994 703 1055 videbat.
730 994 796 1071 Ego
810 994 1024 1059 incolumitati
1038 996 1122 1058 civim

112 1083 250 1180 primum,
259 1088 294 1142 ιιι
306 1087 413 1156 postea
425 1076 561 1154 dignitati
573 1092 753 1153 possemus,
765 1076 815 1137 ille
829 1081 998 1152 praesenti
1011 1074 1122 1155 dignui

112 1165 215 1242 potius
227 1163 413 1225 consulebat.
430 1162 518 1235 Quod
531 1159 1121 1238 autemhabebatuterquequidsequere

112 1259 170 1321 ιιιι,
183 1246 298 1308 idcirco
312 1242 496 1306 tolerabilior
510 1250 688 1304 eratnostra
702 1242 868 1303 dissensio.
886 1242 964 1306 89.
980 1244 1122 1343 Quidum

112 1332 163 1391 ille
176 1326 339 1404 singularis
350 1326 397 1385 vir
409 1342 447 1386 aa
460 1341 558 1399 paene
569 1326 691 1387 divinus
703 1326 743 1386 de
755 1340 804 1385 me
815 1326 957 1390 senserit
974 1327 1074 1390 sciunt
1087 1322 1122 1403 qd

112 1430 182 1475 eum
193 1412 232 1471 de
246 1407 419 1469 Pharsalica
439 1409 511 1482 luga
528 1408 665 1483 Paphum
681 1406 833 1485 persecuti
855 1418 942 1471 suna
975 1412 1122 1501 nunquan

112 1496 151 1555 ab
164 1509 202 1554 eo
223 1492 334 1553 mentio
349 1490 389 1550 dc
402 1506 451 1551 me
463 1490 523 1551 nisr
513 1489 720 1563 honorilice,
741 1488 800 1551 nisi
822 1490 919 1566 plena
943 1486 1123 1555 amantium

112 1572 266 1648 desiderii,
284 1589 381 1671 quum·
388 1588 438 1653 me
451 1570 567 1634 vidisse
580 1574 651 1648 plus
666 1576 817 1647 fateretur,
830 1588 870 1635 se
884 1576 1068 1652 speravisse
1078 1586 1122 1634 ιιι-

112 1658 198 1721 liora
217 1656 298 1719 m
271 1674 339 1719 erus
352 1654 409 1717 viri
422 1645 544 1718 nomine
557 1672 606 1717 me
623 1654 766 1721 iuseotmi
779 1656 888 1733 audes,
903 1659 1001 1721 cuius
1011 1676 1059 1721 me
1069 1652 1122 1718 ani

113 1760 196 1816 cunr,
211 1750 242 1803 te
255 1750 406 1803 sectorem
420 1756 493 1803 esse
506 1740 640 1802 falsaret
671 1741 751 1802 XVI.
772 1739 834 1801 Sed
856 1740 1023 1805 omittatur
1034 1742 1121 1831 ιιιιιιιΙ

112 1824 225 1899 illud,
215 1842 247 1887 ιιι
262 1840 324 1901 quo
337 1833 370 1886 tu
383 1822 506 1885 nimium
519 1822 592 1884 lelix
605 1821 696 1885 luisti.
721 1822 787 1884 Ite
778 1820 855 1883 racis
871 1823 1006 1899 quidem
1018 1817 1121 1901 respon

113 1910 208 1981 debe,
224 1907 334 1986 quibus
348 1922 396 1967 me
410 1907 440 1966 in
455 1905 563 1968 castris
579 1923 667 1968 usum
681 1922 752 1967 esse
766 1902 879 1966 dlxisti.
907 1906 1013 1971 Erant
1026 1906 1124 1985 quiden

113 1994 163 2052 illa
177 2000 276 2052 castra
294 1991 385 2065 plena
398 2006 505 2050 curae:
524 2005 631 2050 verum
652 1998 752 2049 tamen
766 1987 923 2063 homines,
950 1986 1124 2067 quamvisir

112 2072 240 2135 turbidis
254 2074 347 2135 rebus
358 2072 432 2147 sint,
447 2082 562 2144 mmor,
580 2074 605 2132 si
621 2072 711 2134 modo
732 2069 871 2131 homines
887 2082 980 2147 sunt,
997 2072 1125 2137 interim

112 2156 220 2218 animis
234 2159 416 2217 relaxantur.
457 2155 509 2216 40.
527 2155 615 2229 Quod
632 2164 731 2216 autem
745 2153 826 2214 idern
841 2156 1036 2219 maestitIam
1048 2169 1125 2220 mean

113 2238 321 2314 reprehendit,
342 2238 423 2299 idem
438 2236 548 2312 iocum,
564 2253 674 2314 magno
689 2244 865 2313 argumento
883 2247 935 2300 est
950 2256 1005 2302 me
1021 2241 1052 2303 in
1065 2248 1126 2303 ιιιι-

114 2338 174 2396 que
189 2321 285 2382 luisse
300 2322 496 2382 moderatum.

194 2402 384 2467 Hereditates
403 2403 476 2465 mihi
496 2402 613 2479 negasti
633 2401 747 2463 venire.
773 2401 896 2464 Utinam
914 2402 979 2465 hoc
996 2414 1129 2468 tuumre

112 2505 178 2550 rum
194 2486 308 2548 crimen
328 2496 425 2550 esset!
447 2488 551 2584 plures
571 2486 658 2546 amici
677 2487 736 2545 mei
757 2494 787 2545 et
806 2488 979 2547 necessarii
996 2490 1130 2550 viverent
1146 2526 1151 2533 -

114 2571 175 2632 sed
193 2572 244 2646 qui
265 2571 343 2632 istuc
362 2570 415 2631 tibi
429 2569 511 2631 venit
530 2571 560 2629 in
580 2575 733 2629 mentem?
761 2569 826 2642 Ego
846 2569 929 2628 enim
946 2571 1131 2647 ampliasse

113 2653 248 2715 stertrum
256 2653 432 2715 ducentiens
440 2650 935 2727 aeaeptnmherednaubusrettuh
953 2653 1133 2751 Quamquam

112 2737 143 2796 in
158 2738 217 2798 hoc
236 2753 348 2812 genere
363 2738 460 2798 lateor
474 2735 639 2796 feliciorem
656 2751 727 2795 csse
744 2743 783 2795 te
818 2734 867 2795 hle
884 2748 978 2795 nemo
996 2736 1063 2798 nisi
1076 2732 1134 2796 ani·

113 2837 167 2881 cus
180 2818 252 2881 lecit
265 2821 417 2894 heredem,
433 2828 466 2880 ut
480 2836 548 2880 curn
563 2820 614 2878 illo
627 2817 796 2891 commodo,
816 2815 842 2876 si
857 2817 944 2892 quod
960 2828 1041 2895 erat,
1058 2813 1134 2880 anini

113 2902 236 2977 quidam
255 2905 343 2965 dolor
362 2902 549 2978 iungeretur.
570 2911 600 2962 te
618 2901 658 2973 is,
681 2916 770 2976 quem
790 2909 822 2961 tu
837 2897 940 2958 vidisti
964 2916 1133 2981 numquam

111 2984 145 3043 L.
172 2986 305 3049 Rubrius
330 2986 455 3047 casinas
480 2985 551 3046 iecit
576 2985 727 3045 heredem.
780 2980 831 3045 41.
854 2982 892 3042 Et
919 2982 1054 3055 quidem
1077 2982 1135 3043 vida

113 3083 205 3141 quam
224 3078 254 3131 te
275 3071 381 3131 amarit
398 3068 442 3143 is,
461 3068 513 3144 qui
530 3068 617 3129 albus
640 3075 742 3128 aterne
758 3064 848 3126 luerit
865 3063 1012 3139 ignoras:
1044 3064 1136 3126 fratris

113 3149 207 3210 lilium
224 3151 392 3227 praeteriit,
411 3152 446 3226 Q.
458 3149 551 3224 Fufii,
572 3145 913 3223 honestissimi-equitis
926 3147 1067 3209 Romani
1084 3148 1135 3208 sui·

114 3250 173 3308 que
193 3234 402 3309 amantissimi,
430 3250 520 3309 quem
539 3235 640 3309 palam
665 3232 808 3293 heredem
828 3243 954 3304 semper
977 3232 1136 3292 lacrimae

112 3325 157 3390 te,
173 3333 263 3392 quem
283 3334 446 3394 numquam
465 3317 583 3377 viderat
600 3324 652 3377 aut
665 3324 747 3376 certe
761 3328 925 3389 numquam
943 3314 1136 3381 salutaveral,

114 3400 185 3460 lecit
197 3400 349 3461 heredem.
374 3398 473 3460 Velim
488 3400 559 3460 mihi
575 3399 674 3473 dicas,
689 3397 747 3458 nisi
764 3397 925 3457 molestum
940 3404 1006 3471 est,
1021 3396 1056 3455 L.
1069 3396 1135 3455 utu
