2340 3788
357 192 779 261 CAP.1o-ra.t·ts-sr.
855 138 857 143 v
997 138 1086 267 ‘att

60 354 174 409 storum
188 351 219 404 ct
234 343 261 405 si
276 340 386 418 quibus
400 342 577 419 regionibus
587 342 668 405 vitae
678 341 810 419 spatium
824 270 1085 420 onounscnptud

59 437 124 501 est,
143 426 259 488 eisdem
279 442 385 488 omnes
400 425 599 506 cogitationes
619 426 792 488 terminaret
811 443 898 500 suas,
923 429 1086 491 nectentis

60 528 97 573 sa
116 510 273 571 laboribus
294 511 446 584 insurgeret
461 526 562 584 neque
580 517 625 571 tot
639 511 720 570 curis
734 507 907 583 vigiliisque
926 519 1087 584 angeretur

58 610 119 656 nec
132 594 243 655 totiens
258 593 297 652 de
310 593 372 654 vita
385 591 455 668 ipsa
469 591 633 652 dimicaret.
647 652 649 656 ,
666 593 752 653 Nunc
766 590 879 652 insidet
892 594 1042 666 quaedam
1053 595 1086 655 in

60 678 178 753 optimo
194 692 317 751 quoque
337 675 447 747 virtus,
471 692 550 750 quae
570 683 680 745 noctes,
698 682 729 735 et
744 673 810 734 dies
825 673 957 735 animum
971 675 1087 748 gloriae

60 760 189 822 stimulis
204 759 335 822 concitat
349 766 441 832 atque
455 759 598 830 admonet
611 769 672 819 non
688 773 757 819 cum
771 757 852 817 vitae
867 764 1002 831 ternpore
1015 774 1088 832 esse

60 841 275 905 dimetiendam
283 840 597 903 commemorationem
605 842 734 902 nominis
742 839 846 911 nostri,
859 841 914 899 sed
926 839 1088 899 cumomni

61 924 240 1002 posteritate
255 925 496 999 adaequandam.
525 925 589 984 ΧΠ.
606 923 656 986 30.
671 926 720 984 Au
735 939 810 983 vero
826 929 885 983 tam
898 922 985 998 parvi
995 921 1087 982 animi

62 1009 222 1070 videamur
236 1024 307 1069 esse
324 1024 446 1080 omnes,
467 1004 519 1082 qui
539 1006 618 1067 inre
637 1007 760 1083 publica
779 1014 871 1080 atque
892 1007 925 1064 in
938 1004 987 1065 bis
1006 1006 1087 1066 vitae

61 1090 207 1168 periculis
222 1089 439 1164 laboribusque
453 1106 625 1164 versamur,
646 1098 693 1163 ut,
714 1104 807 1169 quum
822 1089 973 1162 usquead
990 1096 1087 1148 extre-

63 1192 146 1236 mum
165 1174 295 1249 spatium
317 1175 432 1234 nullum
458 1175 650 1250 tranquillum
670 1182 762 1249 atque
785 1171 923 1232 ociosum
950 1169 1088 1245 spiritum

63 1257 256 1330 duxerimus,
270 1257 430 1318 nobiscum
445 1256 534 1318 simul
548 1257 693 1318 moritura
705 1254 805 1332 omnia
819 1253 1018 1314 arbitremur?
1039 1256 1088 1314 An
1124 1284 1131 1299 ·

63 1350 179 1402 statuas
191 1350 223 1402 et
233 1339 395 1416 imagines,
408 1357 469 1402 non
481 1339 648 1401 animomm
662 1339 836 1409 simulacra,
851 1337 906 1397 sed
915 1352 1087 1411 corporum,

64 1423 203 1486 studiose
213 1426 296 1485 multi
311 1425 418 1485 summi
429 1424 567 1486 homines
578 1423 779 1496 reliquerunt,
792 1419 988 1481 consiliorum
999 1421 1088 1480 relin·
1152 1422 1155 1427 “

65 1523 160 1582 quere
180 1522 217 1567 ac
245 1504 384 1569 virtdtum
408 1517 576 1568 nostrarum
604 1503 734 1578 effigiem
756 1520 858 1565 nonne
883 1506 983 1564 multo·
1000 1505 1088 1565 malle

64 1590 227 1664 debemus,
244 1591 370 1656 summis
384 1590 513 1665 ingeniis
530 1603 707 1663 expressam
723 1596 753 1647 et
768 1587 913 1662 politam?
932 1587 997 1661 Ego
1016 1602 1089 1648 vero

65 1673 181 1746 omnia,
197 1690 275 1747 quae
290 1674 448 1749 gerebam,
463 1673 522 1732 iam
536 1679 598 1731 tum
617 1670 647 1728 in
670 1671 804 1744 gerendo
827 1685 972 1744 spargere
986 1685 1034 1728 me
1052 1685 1090 1730 ac

64 1755 265 1818 disseminare
285 1756 451 1816 arbitrabar
469 1754 499 1813 in
521 1753 602 1813 orbis
624 1759 721 1811 terrae
735 1751 911 1811 memoriam
933 1751 1089 1825 sempiter-

62 1857 145 1900 nam.
175 1839 258 1898 Haec
272 1853 346 1897 vero
361 1837 426 1897 sive
440 1852 459 1894 a
473 1850 539 1893 meo
556 1850 650 1893 sensu
663 1842 735 1906 post
749 1841 875 1894 mortem
890 1833 1030 1893 ablutura
1043 1839 1091 1893 est

63 1923 149 1993 sive,
165 1926 201 2003 ut
215 1917 431 1994 sapientissimi
450 1913 587 1976 homines
604 1923 800 1989 putaverunt,
822 1916 860 1974 ad
881 1913 1015 1989 aliquam
1030 1914 1090 1974 mei

62 2011 184 2081 partem
206 2000 379 2077 pertinebit,
405 2013 485 2058 nunc
507 1995 629 2072 quidem
650 2004 730 2058 certe
752 1996 935 2074 cogitatione
960 1997 1090 2071 quadam

64 2102 186 2163 speque
201 2086 343 2146 delector.

151 2167 202 2230 31.
225 2168 289 2242 Qua
307 2183 342 2226 re
364 2172 558 2238 conservate,
577 2162 710 2236 iudices,
727 2162 879 2225 bominem
901 2162 1019 2238 pudore
1040 2177 1089 2237 eo,

66 2268 158 2328 quem
169 2251 332 2312 amicorum
345 2246 453 2308 videtis
466 2246 658 2323 comprobari
669 2264 762 2322 quum
773 2247 917 2322 dignitate
928 2245 1091 2308 tumetium

67 2341 240 2404 venustate,
254 2331 376 2406 ingenio
391 2338 491 2392 autem
503 2339 603 2404 tanto,
620 2340 765 2406 quantum
780 2329 813 2390 id
827 2328 970 2391 convenit
985 2328 1089 2391 existi·

65 2418 154 2488 mari,
171 2416 253 2491 quod
267 2429 452 2475 summorum
466 2415 618 2475 hominum
635 2413 763 2489 ingeniis
778 2412 942 2489 expetitum
959 2429 1031 2475 esse
1046 2413 1090 2471 vi·

66 2497 179 2572 deatis,
194 2514 288 2558 causa
303 2513 376 2556 vero
391 2495 568 2570 eiusmodi,
590 2514 669 2572 quae
683 2497 832 2558 beneflcio
847 2497 940 2573 legis,
960 2494 1090 2579 auotori-

66 2590 127 2643 tate
141 2578 308 2654 municipii,
326 2579 498 2640 testimonio
513 2579 643 2652 Luculli,
660 2580 769 2641 tabulis
784 2580 895 2640 Metelli
910 2578 1090 2654 comprobe-

66 2673 123 2726 tur.
154 2662 237 2736 Quae
254 2677 323 2724 cum
345 2661 387 2723 ita
406 2661 481 2733 sint,
504 2661 633 2737 petimus
654 2679 673 2723 a
694 2663 799 2736 vobis,
819 2660 953 2736 iudices,
980 2660 1008 2722 si
1029 2674 1091 2734 qua

64 2763 127 2807 non
148 2748 239 2807 modo
262 2745 408 2817 humana,
435 2745 649 2805 verumetiam
674 2745 778 2806 divino
801 2746 831 2806 in
851 2744 942 2806 tantis
961 2741 1091 2818 ingeniis
1134 2768 1138 2777 ·

65 2826 287 2891 commendatio
302 2829 392 2888 debet
406 2844 492 2900 esse,
515 2835 548 2887 ut
561 2845 643 2901 eum,
667 2828 719 2904 qni
739 2846 811 2902 vos,
834 2827 887 2905 qui
902 2835 1022 2888 vestros
1036 2825 1091 2886 im·

62 2920 239 2989 penatores,
254 2911 306 2987 qui
320 2909 426 2986 populi
439 2910 567 2972 Romani
581 2928 632 2971 res
643 2920 746 2986 gestas
761 2927 883 2987 semper
896 2907 1022 2982 ornavit,
1038 2905 1091 2983 otti

63 2995 157 3057 etiam
176 2993 224 3054 his
245 2993 418 3055 recentibus
434 2993 547 3055 nostris
563 2994 736 3068 vestrisque
755 2993 931 3055 domesticis
949 2990 1091 3067 periculis

62 3087 221 3140 aeternum
236 3095 270 3139 se
283 3076 486 3147 testimonium
501 3077 599 3137 laudis
616 3078 754 3138 daturum
774 3094 844 3138 esse
859 3075 1090 3151 profiteturest·

63 3178 128 3237 que
143 3178 234 3222 exeo
252 3177 394 3232 numero,
411 3161 462 3235 qrri
477 3177 597 3234 semper
610 3160 693 3234 apud
710 3177 816 3221 omnes
832 3157 929 3220 sancti
949 3166 1019 3220 sunt
1037 3157 1090 3216 lte·

61 3245 119 3307 biti
133 3243 237 3319 itaque
251 3243 337 3315 dicti,
353 3243 398 3304 sic
415 3243 445 3304 in
464 3251 594 3303 vestram
610 3242 768 3317 accipiatis
787 3243 893 3316 fldem,
908 3249 940 3302 ut
953 3237 1089 3302 hnmani-

61 3337 127 3391 tate
138 3336 240 3388 vestm
250 3329 368 3387 levatus
378 3325 480 3403 potius
492 3343 583 3402 quam
591 3327 752 3387 acerbitate
765 3325 895 3388 violatus
906 3341 976 3386 esse
986 3321 1088 3384 videe-

122 3420 178 3464 crc.
194 3418 285 3464 onor.
871 3416 911 3480 10
