2340 3788
91 214 114 281 4
252 209 326 271 PRO
349 210 431 270 SEX.
452 206 589 269 Roscio
611 206 783 267 xmuuluo
807 204 958 266 ORATIO.

93 362 143 425 10.
160 361 235 422 Fide
247 358 457 436 sapientiaque
467 365 571 419 vestra
583 357 678 419 fretus
691 359 763 433 plus
781 355 883 420 oneris
898 354 1009 419 sustuii
1023 373 1110 433 quam

93 446 173 505 terre
195 460 243 504 me
262 459 359 520 posse
378 440 521 517 intelligo,
548 440 616 501 Hoc
633 456 712 501 onus
733 439 760 501 si
774 457 831 501 vos
849 439 953 517 aliqua
971 458 1014 503 ex
1027 451 1109 519 parte

93 524 289 602 adlevabitis‚
303 527 398 586 feram
414 533 446 586 ut
460 532 567 600 potero
583 522 683 584 studio
698 532 729 584 et
741 522 905 598 industria,
918 522 1054 587 iudicem
1067 525 1110 608 sin

45 664 48 671 .
93 627 113 671 a
128 609 233 684 vobis,
248 607 280 668 id
296 609 380 685 quod
394 624 455 669 nou
470 624 578 684 spero,
594 607 734 680 deserar,
750 614 850 667 tamen
867 608 967 668 animo
986 625 1050 669 non
1062 608 1109 669 de-

92 692 193 771 ficiam
207 690 291 764 etid,
309 693 391 768 quod
405 690 548 765 suscepi,
564 691 667 764 quoad
680 697 786 766 potero
797 690 961 764 perieram.
987 689 1111 764 Quodsi

93 776 229 851 perterre
250 792 312 837 non
332 783 455 852 potero,
472 770 603 848 opprimi
622 789 671 833 me
685 788 778 833 onere
793 771 887 834 oitieii
901 775 997 847 malo,
1026 789 1110 850 quam

93 859 141 933 id,
163 858 246 934 quod
262 858 334 919 mihi
354 874 423 918 eum
441 856 503 916 fide
524 858 617 916 semel
634 854 809 931 impositum
831 863 896 928 est,
915 865 968 918 aut
990 864 1112 933 propter

93 941 252 1017 perfidiam
273 941 404 1017 abiicere
417 947 470 1000 aut
488 945 613 1014 propter
626 937 828 1000 infirmitatem
844 938 935 999 animi
949 939 1112 1015 deponere.
1158 980 1160 987 -

94 1023 144 1087 11.
166 1026 207 1085 Te
223 1040 347 1100 quoque
357 1039 467 1098 magno
480 1036 588 1097 apere,
604 1021 644 1080 Μ.
659 1020 768 1095 Fanni,
784 1038 915 1097 quaeso,
929 1030 977 1094 ut,
995 1024 1113 1099 qualem

95 1118 125 1169 te
149 1108 210 1168 iam
235 1115 325 1171 antea
349 1106 463 1182 populo
485 1105 622 1165 Romano
646 1104 827 1181 praebuisti,
856 1121 949 1181 quum
975 1104 1048 1167 huic
1074 1106 1113 1166 ei·

94 1193 164 1253 dem
186 1188 356 1266 quaestioni
378 1188 472 1248 iudex
491 1204 672 1262 praeesses,
696 1188 786 1248 talem
805 1195 836 1248 te
858 1196 889 1249 et
908 1188 999 1250 nobis
1023 1197 1054 1250 et
1071 1187 1115 1250 rei

94 1273 236 1349 publicae
250 1272 309 1333 boo
326 1278 462 1346 tempore
483 1269 649 1346 impertias.
691 1272 730 1330 V.
753 1271 870 1346 Quanta
886 1270 1048 1332 multitudo
1061 1272 1114 1333 bo

93 1356 207 1415 minum
222 1354 399 1415 convenerit
419 1355 459 1414 ad
474 1353 534 1415 boc
549 1353 694 1416 iudicium
708 1355 810 1415 vides:
832 1370 911 1430 quae
925 1353 967 1414 sit
983 1354 1116 1417 omnium

93 1439 263 1500 mortalium
284 1436 488 1513 exspectatio,
511 1454 590 1513 quae
610 1435 762 1513 cupiditas
790 1444 824 1497 ut
840 1437 923 1498 acria
942 1452 980 1521 ac
1007 1453 1116 1501 severa

92 1519 206 1582 iudicia
225 1521 299 1581 fiant
323 1519 474 1595 intelligis.
511 1522 616 1596 Longo
637 1520 795 1582 intervallo
812 1520 957 1581 iudicium
978 1521 1055 1581 inter
1075 1519 1116 1581 si·

94 1604 194 1665 earios
213 1605 274 1664 hoc
294 1604 425 1679 primum
442 1603 649 1665 committitur:
672 1620 764 1678 quum
778 1602 894 1665 interea
910 1605 1023 1666 caedes
1040 1602 1117 1664 indi-

93 1686 258 1762 gnissimae
277 1686 489 1763 maximaeque
509 1688 607 1747 iactae
628 1685 703 1760 sint,
732 1703 838 1753 omnes
858 1686 937 1746 hano
963 1686 1117 1762 quaestio

93 1786 162 1831 nem
189 1779 223 1832 te
246 1779 401 1847 praetore,
433 1767 601 1831 manifestis
625 1768 781 1831 maleficiis
806 1768 1021 1845 cotidianoque
1047 1786 1118 1830 san*

92 1854 184 1931 guina
207 1853 378 1927 dimissam,
410 1862 534 1931 sperant
556 1854 693 1915 futuram.
737 1851 787 1914 12.
816 1852 881 1927 Qua
900 1852 1120 1913 vociferatione

91 1939 124 1998 in
149 1938 276 2000 caeteris
300 1936 420 1999 iudiciis
447 1943 643 1999 accusatores
667 1935 711 1997 uti
732 1944 971 2008 consueverunt,
995 1951 1035 1996 ea
1060 1952 1119 1997 nos

92 2022 152 2082 hoc
182 2031 319 2096 tempore
344 2023 454 2082 utimur
485 2019 536 2095 qui
564 2035 688 2081 oausam
716 2018 859 2080 dicimus.'
905 2018 1039 2080 Petimus
1063 2019 1119 2081 abs

94 2113 139 2176 te,
162 2104 202 2161 Μ.
216 2102 326 2174 Fanni,
350 2119 368 2162 a
382 2101 547 2178 vobisque,
561 2101 694 2174 iudices,
710 2110 744 2163 ut
760 2119 850 2178 quam
864 2100 1011 2162 acerrime
1026 2103 1119 2163 male·

95 2183 165 2244 ficia
179 2184 355 2256 vindicetis,
375 2193 514 2261 utquam
530 2183 695 2245 fortissime
714 2184 887 2246 hominibus
905 2183 1119 2247 audacissimis

93 2266 259 2340 resistatis,
277 2272 310 2326 ut
325 2267 384 2328 hoc
399 2267 554 2343 cogitetis,
571 2265 630 2328 nisi
644 2268 675 2326 in
691 2268 750 2328 bao
765 2285 859 2329 causa
872 2267 924 2343 qui
939 2260 1044 2329 vestei
1056 2267 1120 2328 ani·

94 2365 162 2409 mus
184 2349 223 2409 sit
245 2349 456 2424 ostenderitis,
477 2367 514 2411 eo
534 2366 733 2427 prorumpere
753 2351 908 2412 hominum
923 2350 1121 2428 cupiditatem

95 2440 126 2493 et
142 2433 244 2493 scetus
262 2441 292 2493 et
305 2432 478 2507 audaciam,
497 2441 531 2494 ut
546 2451 606 2495 non
621 2435 713 2495 modo
729 2436 822 2509 clam,
842 2432 1054 2495 verumetiam
1069 2432 1121 2495 hic

94 2514 126 2577 in
148 2517 214 2578 ioro
237 2523 307 2576 ante
325 2516 454 2576 tribunal
474 2526 572 2591 tuum,
592 2518 632 2577 Μ.
646 2516 757 2591 Fanni,
778 2526 847 2578 ante
868 2517 966 2592 pedes
986 2524 1121 2591 vestros,

94 2599 227 2672 iudices,
243 2598 321 2660 inter
336 2598 405 2674 ipsa
420 2599 567 2661 subsellia
581 2602 692 2662 caedes
709 2602 827 2662 suturae
842 2600 912 2662 sint
934 2598 983 2661 13.
1000 2600 1122 2662 Etenim

96 2684 170 2759 quid
185 2683 268 2745 aliud
281 2683 341 2743 hoc
355 2681 467 2743 iudicio
478 2691 656 2759 temptatur,
676 2682 737 2744 nisi
750 2691 784 2744 ut
797 2683 829 2744 id
844 2683 910 2744 fieri
920 2681 1032 2744 liceat?
1058 2684 1121 2745 Ao·

96 2776 204 2827 cusant
217 2766 252 2841 ii,
269 2768 320 2842 qui
336 2765 367 2826 in
384 2766 522 2827 iortunas
538 2767 629 2829 huius
643 2766 837 2827 invaserunt=
855 2781 980 2827 oausam
997 2765 1072 2827 dicit
1082 2766 1120 2839 is,

97 2847 146 2907 cui
167 2859 286 2922 pmeter
307 2849 506 2912 calamitatem
526 2850 813 2927 nihilreliquerunt=
835 2857 982 2911 accusant
994 2847 1032 2922 ii,
1053 2849 1122 2925 qui·

94 2929 153 2990 bus
165 2932 264 2992 occidi
278 2943 393 3008 patrem
405 2932 476 2994 Sex.
486 2933 591 2996 Roscii
604 2935 686 2996 bono
702 2933 771 2995 suita
788 2949 912 2994 causam
926 2931 1000 2993 dicit
1011 2931 1055 3006 is,
1071 2932 1122 2994 cui

95 3028 157 3072 non
179 3014 269 3074 modo
291 3016 403 3079 luctum
423 3033 507 3078 mors
529 3017 624 3092 patris
639 3017 750 3091 attulit,
771 3033 878 3079 verum
896 3016 986 3077 etiam
1000 3023 1121 3090 egesta-

95 3104 171 3156 tem:
188 3107 331 3159 aeeusant
344 3100 379 3174 ii,
397 3100 448 3175 qui
461 3101 542 3161 bunc
557 3101 657 3175 ipsum
667 3099 804 3176 iugulare
817 3114 933 3161 summe
945 3097 1121 3174 cupierunt=

97 3194 221 3239 causam
237 3178 310 3240 dicit
323 3181 363 3253 is,
381 3182 433 3257 qui
448 3183 537 3244 etiam
551 3184 591 3243 ad
604 3183 663 3243 hoc
675 3183 776 3258 ipsum
790 3182 935 3244 iudicium
949 3197 1018 3243 cum
1032 3198 1121 3258 prae·

55 3300 60 3327 .
96 3261 175 3323 sidio
197 3261 294 3334 venit,
322 3279 361 3324 ne
379 3265 429 3324 hic
448 3265 560 3325 ibidem
576 3274 645 3327 ante
666 3268 773 3327 oeulos
796 3275 917 3328 vestros
937 3264 1121 3327 trucidetur:

96 3345 229 3420 denique
243 3355 388 3406 accusant
404 3349 439 3421 ii,
462 3366 540 3423 quos
560 3349 693 3424 populus
714 3352 828 3424 poscim
855 3365 980 3410 causam
995 3347 1121 3422 dicitis,

97 3427 149 3502 qui
163 3446 242 3490 unus
257 3429 380 3490 relictus
396 3447 436 3492 ex
449 3430 569 3492 illorum
583 3432 699 3493 nefaria
716 3434 811 3494 caede
824 3440 927 3494 restat.
951 3429 1001 3494 14.
1016 3432 1122 3508 Atque
