2340 3788
91 158 153 224 Μ
371 153 446 215 PRO
461 154 495 213 L.
509 153 674 217 littam
688 153 841 215 ennato.

89 311 173 371 enim
187 306 323 369 sciebam
335 303 493 366 &tilium
507 320 570 366 non
583 307 663 365 latua
674 313 729 365 aut
741 313 890 380 vennam,
913 309 974 369 sed
989 320 1132 386 caputet

90 395 203 454 collum
217 391 319 452 solere
332 398 439 464 petere
451 420 504 463 -,
520 403 626 448 vuum
644 397 680 448 ut
690 404 799 449 omnes
811 389 885 450 boni
899 390 1130 458 animadverte

89 485 171 547 rent,
193 482 240 546 ct,
262 489 356 547 quum
374 472 406 532 in
426 480 509 533 metu
530 478 562 532 el
580 470 719 546 periculo
739 473 900 533 consulem
913 473 1079 551 viderent,
1100 481 1130 540 id

89 558 176 633 quod
200 564 250 617 est
275 557 405 630 factum,
434 556 476 615 ad
502 570 594 630 opem
618 553 868 630 praesidiumque
894 572 1130 624 concurrerent.

89 641 196 716 ltaque
218 656 313 714 quum
331 648 376 711 te,
406 637 510 709 Serti,
534 637 742 699 remissiorem
762 636 793 697 in
812 640 949 714 petendo
971 650 1128 721 putarent,

88 723 247 785 Catilinam
260 731 292 783 et
305 738 363 798 spe
376 730 408 782 et
420 721 585 797 eupiditate
603 718 824 788 inflammatum
836 722 990 797 viderent,
1006 742 1129 803 omnes,

88 807 142 882 qui
155 807 238 866 illam
252 807 292 866 ab
308 823 343 866 re
357 805 480 881 publica
499 814 619 880 pestem
632 805 787 880 depellere
803 805 985 880 cupiebant,
1006 809 1050 869 ad
1063 810 1127 872 Mu·

87 906 192 951 renam
206 907 242 950 se
260 889 361 949 statim
375 890 576 949 contulemnt.
615 885 668 949 55.
682 886 794 961 blegne
811 897 862 948 est
874 899 979 951 autem
994 893 1128 954 comitiis

87 973 302 1035 consularibus
331 972 491 1045 repentina
520 973 710 1032 voluntatum
739 970 911 1044 inclinatio,
938 977 1127 1047 praesertim

87 1073 182 1132 quum
203 1053 340 1116 incubuit
362 1054 403 1113 ad
422 1054 521 1114 vimm
541 1055 655 1115 bonum
674 1062 706 1114 et
728 1053 831 1114 multis
853 1055 922 1115 aliis
936 1056 1125 1121 adiumentis

87 1138 243 1215 petitiords
256 1145 406 1198 omatum
441 1137 498 1210 Qui
513 1156 608 1213 quum
620 1136 839 1199 honestissimo
853 1146 942 1212 patre
953 1148 1053 1215 atque
1063 1158 1124 1202 ma·

86 1223 218 1294 ioribus,
248 1218 477 1280 modestissima
503 1219 728 1295 adolescentia,
757 1220 928 1280 clarissima
957 1222 1123 1299 legatione,

87 1313 230 1380 praetura
251 1301 383 1377 probata
401 1303 432 1362 in
452 1303 536 1376 iure,
553 1313 641 1379 grata
658 1303 690 1362 in
712 1320 853 1376 munere,
875 1314 986 1366 ornata
1003 1307 1038 1367 in
1055 1325 1124 1383 pro

86 1386 203 1456 iincia,
224 1385 356 1460 petisset
378 1385 539 1460 diligemm
558 1396 590 1447 et
608 1387 651 1446 ila
664 1387 808 1460 petisset,
827 1396 861 1448 ut
876 1403 981 1462 neque
992 1391 1123 1452 minanti

86 1469 211 1529 eederet
231 1484 334 1543 neque
354 1468 498 1544 cuiquam
517 1469 697 1541 minaretur,
719 1469 789 1530 huic
805 1469 979 1531 mirandum
996 1482 1048 1535 est
1061 1490 1123 1534 ma·

85 1568 148 1627 gno
171 1550 348 1612 adiumento
370 1551 516 1612 munnae
544 1551 676 1613 subitam
700 1569 789 1628 spem
815 1554 996 1615 consulatus
1024 1556 1122 1633 adipi·

85 1634 195 1695 scendi
206 1635 328 1696 fnisset
1134 1672 1141 1680 »

168 1716 220 1781 ot.
236 1719 325 1779 Nunc
338 1717 412 1778 mibi
425 1718 532 1780 tertius
545 1717 597 1779 ille
609 1720 699 1780 locus
715 1726 763 1779 est
775 1717 901 1780 relictus
915 1720 1064 1782 orationis
1081 1724 1120 1783 de
1162 1728 1166 1735 '

85 1801 217 1863 ambitus
238 1801 433 1874 criminibus,
453 1812 657 1877 perpurgatus
677 1802 717 1862 ab
737 1801 793 1874 iis,
813 1801 867 1876 qui
881 1812 953 1863 ante
969 1820 1020 1866 mc
1034 1805 1119 1865 dixe-

84 1894 171 1961 runt,
190 1902 210 1945 a
228 1902 296 1959 me,
319 1885 464 1961 quoniam
484 1885 526 1946 ita
539 1885 791 1958 blateramina,
809 1887 1039 1948 retractandum
1057 1905 1119 1963 quo

84 1968 116 2028 in
135 1970 205 2030 loco
225 1968 397 2041 Postumio,
418 1968 557 2029 familiari
573 1986 659 2041 mco,
674 1966 870 2028 ornatissimo
888 1967 972 2042 viro,
988 1971 1029 2031 de
1042 1970 1119 2030 divi-

85 2069 190 2112 somm
206 2052 328 2113 indiciis
342 2061 374 2112 el
388 2054 427 2113 de
441 2052 641 2127 deprehensis
659 2050 814 2126 pecuniis,
829 2052 1021 2114 adolescenti
1033 2052 1120 2128 inge·

85 2135 175 2194 nioso
195 2143 227 2194 et
245 2137 345 2207 bono,
366 2134 434 2200 Ser.
455 2134 608 2210 Sulpicio,
628 2135 668 2193 de
682 2134 818 2209 equitum
833 2135 996 2209 centuriis,
1010 2136 1052 2196 bb
1065 2137 1119 2197 Ca·

84 2218 160 2293 toni,
176 2217 290 2277 bomini
305 2218 336 2276 in
351 2218 433 2279 omni
444 2218 553 2279 virtute
567 2217 737 2287 excellenti,
752 2217 792 2276 de
799 2217 900 2291 ipsius
908 2218 1117 2292 accusatione,

85 2299 126 2358 de
139 2309 266 2359 senatus
280 2303 436 2374 consulto,
452 2302 491 2361 de
507 2318 541 2361 re
555 2299 678 2375 publica
688 2301 896 2376 respondebo.
929 2301 1054 2362 XXVII.
1068 2301 1116 2363 55.

85 2381 149 2441 Sed
172 2397 286 2456 pauca,
309 2401 388 2458 quae
408 2401 510 2445 meum
530 2384 663 2443 animum
686 2392 812 2458 repente
832 2394 1011 2457 moverunt,
1033 2386 1119 2462 prius

84 2466 125 2525 de
140 2465 175 2524 L.
189 2464 336 2526 Murenae
350 2467 471 2528 fortuna
484 2483 666 2540 conquerar.
707 2468 782 2526 Nam
798 2483 893 2540 qumn
907 2484 1004 2543 saepe
1019 2477 1119 2543 antea,

83 2549 213 2621 iudices,
228 2555 259 2608 el
272 2566 312 2608 ex
327 2549 455 2611 aliorum
468 2550 599 2611 miseriis
613 2559 645 2610 et
658 2566 698 2610 ex
711 2548 788 2609 meis
801 2551 882 2610 curis
896 2550 1119 2628 laboribusque

85 2631 248 2693 cotidianis
269 2633 438 2694 fortunatos
460 2650 517 2695 eos
536 2632 676 2695 homines
692 2633 875 2704 iudicarem,
897 2633 951 2707 qui
971 2637 1082 2696 remoti
1101 2652 1120 2694 a

84 2715 194 2775 studiis
212 2715 385 2777 ambitionis
401 2716 502 2777 ocium
515 2733 553 2776 ac
567 2716 812 2791 tranquillitatem
826 2714 907 2775 vitae
923 2719 1024 2777 secuti
1039 2727 1119 2788 sunt,

83 2807 147 2858 tum
161 2816 234 2860 vero
251 2800 282 2859 in
297 2798 346 2859 his
360 2800 393 2859 L.
404 2799 550 2859 bfurenae
565 2798 655 2859 tantis
668 2808 792 2874 tamque
806 2799 982 2874 improvisis
997 2800 1118 2874 pericu-

84 2881 123 2940 lis
137 2881 180 2941 ita
193 2900 261 2942 sum
276 2883 377 2944 animo
390 2882 546 2953 adfectus,
569 2892 678 2943 utnon
694 2897 805 2957 queam
821 2881 896 2942 satis¹
916 2897 1020 2956 neque
1036 2899 1118 2944 com-

84 2979 206 3024 munem
227 2967 360 3027 omnium
376 2974 511 3026 nostrum
526 2965 738 3026 condicionem
754 2981 855 3040 neque
870 2964 961 3024 buius
975 2974 1119 3027 eventum

86 3045 299 3122 fortunamque
312 3049 465 3110 miserari=
489 3048 541 3124 qui
555 3048 700 3123 primum,
721 3048 793 3107 dum
807 3063 846 3107 ex
859 3047 1031 3110 honoribus
1046 3065 1119 3110 con·

86 3127 178 3187 unum
199 3130 330 3192 familiae
350 3134 561 3207 maiorumque
581 3148 708 3193 suorum
731 3148 826 3191 unum
840 3131 1034 3191 adscendere
1049 3148 1118 3207 gra·

85 3211 157 3269 dom
171 3210 324 3285 dignitatis
336 3225 464 3276 conatus
476 3223 533 3286 est,
548 3215 631 3276 venit
642 3213 674 3274 in
685 3213 863 3288 periculum,
879 3230 918 3273 ne
929 3221 961 3274 et
973 3230 1021 3287 ea,
1037 3232 1119 3290 quae

84 3294 205 3367 relicta,
228 3302 260 3354 et
272 3295 364 3368 baec,
385 3315 464 3371 quae
479 3298 518 3358 ab
537 3299 607 3372 ipso
623 3306 729 3372 parata
743 3305 828 3370 sunt,
845 3296 976 3370 amittat,
994 3296 1118 3370 deinde,

84 3387 212 3454 propter
225 3377 359 3439 studium
374 3397 473 3442 novae
486 3379 600 3453 fandis,
618 3380 708 3441 etiam
728 3379 760 3439 in
774 3380 885 3441 veteris
899 3381 1041 3442 fortunae
1054 3380 1117 3440 dis-
