2340 3788
319 207 400 267 οΑΡ.
416 213 546 270 ao-aa
569 212 594 272 s.
606 163 774 270 rao-mo.
996 211 1059 275 289

32 359 164 433 tempori
178 374 245 418 meo
262 358 436 430 defuerunt,
453 373 552 432 eaque
566 351 699 432 populus
710 358 865 418 Romanus
882 374 943 420 non
961 361 1059 422 solum

32 444 163 519 plausu,
187 442 242 502 sed
264 441 352 500 etiam
373 439 486 517 gemitu
507 457 570 500 suo
590 441 813 514 comprobavit:
843 450 942 502 utrum
969 443 1060 518 igitur

32 527 111 584 haec
124 525 281 598 Aesopum
297 522 397 599 potius
413 541 468 599 pro
484 539 532 582 me
546 530 598 583 aut
612 521 740 584 Accium
757 522 859 583 dicere
874 525 1014 599 oportuit,
1032 527 1059 587 si

32 610 170 684 populus
183 608 339 667 Romanus
354 607 430 667 liber
446 615 542 679 esset,
564 623 602 666 an
618 607 772 681 principes
788 605 941 666 civitatis?
959 607 1057 668 Nomi-

34 693 128 751 natim
148 706 214 750 sum
235 693 405 766 appellatus
421 690 451 749 in
467 692 577 750 Bruto:
602 691 728 765 Tulliae,
745 692 798 765 qai
810 691 971 751 libertatem
983 694 1059 753 civi-

33 778 87 836 bus
105 774 292 835 stabiliverat.
321 774 441 834 Miliens
463 782 637 834 revocatum
653 782 709 834 est.
737 773 884 833 Parumne
903 772 1060 834 videbatur
1160 832 1162 837 ,

33 858 169 934 populus
183 859 339 918 Romanus
360 856 495 917 iudicare
517 856 549 916 id
568 873 587 916 a
600 873 649 916 me
663 864 724 936 eta
739 866 847 917 senatu
862 871 933 916 esse
948 855 1059 916 consti·

34 950 147 1011 tutum,
169 942 252 1015 quod
270 939 380 1015 perditi
395 939 478 1000 cives
497 941 648 1002 sublatum
663 957 718 1016 per
732 957 790 1000 nos
806 938 1060 999 criminabamur?

36 1022 108 1085 124.
128 1023 260 1083 Maxime
280 1041 354 1084 vero
380 1023 487 1099 populi
507 1023 636 1084 Romani
658 1024 802 1084 iudicium
826 1021 961 1084 universi
987 1039 1058 1083 con-

35 1122 127 1170 sessu
142 1107 319 1180 gladiatorio
337 1108 522 1167 declaratum
538 1115 593 1167 est.
624 1108 696 1168 Erat
719 1107 799 1167 enim
814 1123 924 1167 munus
942 1105 1056 1180 Scipio·

34 1191 82 1251 nis
99 1190 224 1264 dignum
239 1199 269 1250 et
283 1193 324 1250 eo'
334 1190 404 1265 ipso
421 1197 451 1250 et
464 1189 516 1250 illo
531 1190 565 1263 Q.
576 1191 713 1266 Metello,
728 1191 778 1251 cui
791 1191 927 1250 dabatur.
955 1190 989 1248 ld
1006 1203 1059 1248 au-

34 1284 95 1335 tem
112 1272 279 1348 spectaculi
293 1291 389 1349 genus
405 1282 477 1346 erat,
495 1275 578 1350 quod
593 1275 674 1335 omni
689 1273 859 1350 frequentia
873 1281 963 1348 atque
978 1271 1059 1332 omni

34 1373 148 1432 genere
165 1357 319 1417 hominum
335 1357 517 1431 celebratur,
535 1375 594 1432 quo
610 1358 767 1420 multitudo
783 1355 913 1417 maxime
928 1357 1059 1416 delecta-

34 1450 91 1500 tur
121 1441 154 1499 ln
172 1441 252 1500 hunc
270 1441 496 1503 consessumP.
514 1440 647 1516 Sestius,
666 1443 805 1503 tribunus
829 1439 943 1516 plebis,
966 1457 1059 1536 quum

33 1532 140 1598 ageret
156 1523 229 1583 nihil
245 1525 349 1585 aliud
342 1542 371 1585 ιιι
387 1542 424 1586 eo
440 1524 621 1600 magistratu
634 1526 693 1587 nisi
710 1541 807 1584 meam
823 1540 961 1596 causam,
977 1521 1060 1584 venit

33 1615 64 1666 et
80 1623 114 1666 se
123 1609 245 1701 ‘populo
262 1609 353 1682 dedit,
368 1626 428 1668 non
442 1609 569 1683 plausus
581 1609 754 1683 cupiditate,
766 1608 822 1668 sed
833 1616 866 1667 ut
877 1606 935 1681 ipsi
947 1606 1059 1667 inimici

32 1696 106 1748 nost
107 1688 132 1746 ri
94 1691 332 1750 tvoluntatem
349 1690 483 1750 universi
497 1690 603 1764 populi
618 1691 764 1750 viderent.
794 1689 900 1761 Venit,
914 1676 963 1749 ut
964 1689 1058 1761 scitis,

32 1772 77 1830 ad
100 1771 269 1829 columnam
283 1771 443 1831 Maeniam.
471 1774 592 1831 Tantus
600 1780 702 1832 estex
719 1771 859 1831 omnibus
876 1771 1058 1845 spectaculis

28 1867 135 1924 usque
151 1867 169 1910 a
184 1851 269 1926 Capit
271 1852 340 1925 olio,
355 1862 456 1914 tantus
471 1870 511 1912 ex
526 1853 582 1913 sori
597 1853 740 1913 cancellis
758 1855 885 1928 plausus
901 1852 1012 1912 excitat
1000 1861 1057 1925 tuS,

32 1944 67 1997 ut
91 1950 255 2009 numquam
279 1935 374 1995 maior
396 1935 560 1996 consensio
586 1944 638 1996 aut
656 1935 789 2011 apertior
810 1935 917 2010 populi
930 1934 1060 1995 Romani

30 2019 169 2079 universi
193 2017 288 2078 luisse
312 2019 373 2078 ulla
386 2018 416 2078 in
432 2035 526 2080 causa
540 2020 699 2080 diceretur
732 2017 801 2080 125
824 2019 882 2078 Ubi
897 2025 983 2077 erant
997 2024 1059 2079 tum

30 2102 74 2162 illi
92 2101 268 2162 contionum
282 2103 507 2176 moderatores
524 2103 624 2178 legum
642 2103 771 2177 domini,
789 2101 1058 2175 civiumexpulso·

30 2191 105 2244 rest
125 2184 243 2245 aliusne
258 2193 305 2246 est
319 2184 429 2258 aliquis
444 2186 590 2261 improbis
606 2187 722 2247 civibus
737 2186 899 2262 peculiaris
913 2186 1058 2261 populus,

32 2267 81 2329 cui
97 2284 155 2328 nos
174 2267 306 2328 offensi'
299 2269 451 2344 invisique
467 2269 634 2330 fuerimus?

116 2351 189 2410 LIX.
217 2351 366 2428 Equidem
389 2352 528 2413 existimo
551 2355 696 2414 nullumt
684 2361 805 2430 tempus
826 2369 896 2414 esse
916 2353 1056 2428 nequen-

31 2432 118 2495 tioris
133 2435 239 2510 populi
256 2453 346 2510 quam
363 2436 437 2496 illud
452 2436 662 2510 gladiatorium
677 2453 778 2512 neque
792 2436 952 2510 contionis,
967 2436 1058 2495 ullius

31 2533 133 2593 neque
152 2535 227 2579 vero
247 2519 377 2578 ullorum
398 2519 597 2582 comitiorum.
628 2523 710 2580 Haec
728 2520 819 2594 igitur
832 2517 1057 2580 innumerabilis

31 2599 186 2667 hominum
210 2602 384 2674 multitudo,
405 2603 481 2664 haec
504 2604 609 2680 populi
623 2603 751 2664 Romani
775 2612 855 2664 tanta
876 2599 1057 2676 significatio

33 2681 101 2744 sine
122 2685 183 2744 ulla
206 2685 350 2745 varietate
372 2687 523 2760 universi,
547 2704 639 2762 quum
659 2687 718 2747 illis
739 2688 816 2761 ipsis
832 2685 941 2747 diebus
957 2685 995 2743 de
1010 2698 1058 2741 me

31 2767 156 2825 actum
148 2767 185 2827 rri
204 2776 376 2846 putaretur,
402 2770 474 2845 quid
493 2769 661 2830 declaravit
676 2771 735 2830 nisi
750 2770 932 2845 optimorum
948 2765 1058 2826 civium

32 2849 159 2911 salutem
174 2859 204 2910 et
219 2851 395 2927 dignitatem
411 2856 526 2930 populo
539 2855 676 2913 Romano
690 2870 789 2913 caram
805 2869 876 2913 esse
893 2850 1059 2911 universo?

34 2929 104 2993 126.
132 2936 173 2992 At
188 2950 260 2994 vero
277 2935 336 3010 ille,
353 2934 405 3010 qui
420 2938 458 2996 de
474 2955 537 3011 me,
554 2954 615 2996 non
630 2937 739 3011 patris,
757 2936 814 3001 avi
832 2933 947 3008 proavi,
963 2931 1058 2992 maio·

29 3032 98 3076 rum
123 3016 255 3091 denique
277 3036 401 3080 suorum
428 3021 575 3093 omniurn,
602 3021 659 3080 sed
681 3019 897 3080 Graeculorum
921 3017 1057 3077 instituto

30 3099 204 3160 contionem
219 3102 407 3178 interrogare
422 3104 552 3163 solebat:
568 3066 706 3164 'velletne
716 3119 763 3162 me
777 3103 893 3162 redire.
910 3110 947 3173 et,
964 3116 1057 3174 quum

29 3190 94 3244 erat
107 3185 305 3246 reclamatum
321 3186 477 3247 semivivis
491 3186 746 3246 mercenariorum
756 3185 894 3258 vocibus,
909 3184 1056 3258 populum

28 3266 199 3328 Romanum
213 3285 326 3343 negare
341 3269 474 3343 dicebat,
489 3269 531 3341 is,
549 3286 640 3344 quum
658 3277 708 3328 cot
697 3269 769 3330 tidie
784 3265 967 3344 gladiatores
986 3281 1055 3338 spe·

28 3358 138 3422 claret,
157 3367 323 3427 numquam
337 3361 384 3413 est
398 3360 598 3428 conspectus,
616 3371 707 3427 quum
722 3352 846 3412 veniret.
875 3349 1056 3421 Emergebat

28 3433 146 3507 subito,
170 3450 262 3508 quum
284 3436 341 3496 sub
362 3436 479 3497 tabulas
507 3437 716 3511 subrepserat,
738 3444 769 3496 ut
783 3435 922 3495 Materte
936 3434 1058 3505 appello

99 3531 156 3576 cre.
174 3529 265 3575 enar.
373 3586 377 3599 ι
606 3584 614 3619 r
822 3509 870 3574 ib
