2340 3788
101 190 166 257 1⁹2
384 182 458 244 PRO
474 183 507 240 L.
521 181 687 243 mundun
700 180 862 242 0RAT10.'

101 338 237 411 denique
257 333 507 409 ipseraccusator
521 338 628 393 noster
640 328 814 393 Postumius
829 330 951 393 obviem
974 348 1048 395 cum
1061 334 1138 397 bene

102 434 214 493 magna
228 423 351 476 caterva
372 431 429 477 sua
444 413 540 490 venit,
562 414 636 490 quid
651 414 743 475 habet
755 414 815 475 ista
825 414 989 476 multitudo
1008 412 1136 479 admira·

102 501 216 562 tinniet
243 498 351 560 Omitto
367 498 508 571 clientes,
532 497 668 570 vicinos,
690 496 833 570 tribules,
856 498 1028 560 exercitum
1045 509 1134 563 totum

101 581 235 654 Luculli,
258 582 311 656 qui
324 582 365 641 ad
378 580 561 655 triumphum
581 595 638 655 per
653 595 708 641 eos
729 580 796 640 dies
815 588 954 643 venerat:
980 582 1045 644 boc
1061 585 1135 657 dico,

102 665 305 742 frequentiam
325 663 355 724 in
375 664 435 725 isto
451 662 553 724 olficio
574 662 732 738 gratuitam
746 678 810 723 non
829 664 921 724 modo
938 663 1082 739 dignitati
1094 668 1135 728 ul-

102 750 163 810 tius
177 764 337 824 umquam,
359 747 415 807 sed
432 763 471 807 ne
485 745 632 807 voluntati
646 745 769 820 quidem
785 744 930 807 defuisse.
958 744 1011 809 to.
1034 750 1077 811 At
1091 766 1134 810 se

101 832 261 894 ctabantur
285 829 379 890 multi.
422 831 521 900 Doce,
548 829 704 889 mercede:
730 829 898 889 concedam
918 846 992 892 csse
1014 832 1134 902 crimen.

102 917 169 977 Hoc
187 913 310 991 quidem
324 920 451 985 remoto,
468 912 540 987 quid
554 911 776 986 reprehendtst
806 911 940 972 XXXIV.
965 912 1047 987 oute
1061 932 1134 991 opus

101 1007 165 1072 est,
181 997 294 1073 inquit,
309 995 533 1057 sectatoribus?
553 996 581 1053 A
595 1010 643 1053 me
656 1002 690 1054 tu
703 993 737 1053 id
751 994 887 1070 quaeris,
911 995 987 1071 quid
1003 1014 1085 1073 opus
1100 997 1135 1059 sit

102 1098 157 1155 eo,
179 1097 240 1155 quo
263 1095 386 1155 semper
405 1077 453 1139 usi
474 1083 601 1138 sumust
624 1078 770 1137 Homines
789 1084 897 1137 tenues
913 1095 1012 1139 unum
1025 1080 1136 1140 habent

102 1163 135 1223 in
155 1172 291 1224 nostrum
308 1163 445 1222 ordinem
466 1170 518 1221 aut
537 1159 731 1235 promerendi
752 1167 804 1219 aut
824 1160 979 1221 referendi
994 1161 1134 1223 beneficii

103 1247 219 1319 locum,
243 1245 323 1305 itanc
345 1244 377 1303 in
392 1243 506 1304 nostris
528 1242 723 1318 petitionibus
739 1258 864 1318 operam
881 1252 976 1319 etque
995 1245 1134 1307 adsecta-

103 1329 226 1387 tionem.
261 1329 368 1402 Neque
390 1326 469 1386 enim
489 1326 555 1386 lieri
575 1333 678 1401 potest
697 1340 800 1401 neque
818 1327 1037 1401 postulandum
1057 1336 1135 1389 esta

103 1408 193 1469 nobis
208 1418 259 1469 aut
273 1410 312 1470 ab
329 1408 482 1485 equitibus
496 1409 656 1483 Romanis,
676 1417 709 1469 ut
729 1425 804 1471 suos
821 1410 1019 1472 necessarios
1034 1409 1133 1472 candi-

103 1492 194 1552 datos
210 1493 406 1553 adsectentur
418 1498 499 1552 totos
515 1491 597 1551 dies:
613 1508 631 1551 a
646 1491 758 1568 quibus
770 1491 796 1552 si
811 1492 920 1552 domus
933 1503 1042 1555 nostra
1057 1494 1134 1555 cele·

104 1575 223 1648 bratur,
249 1575 277 1636 si
297 1574 447 1635 interdum
468 1575 621 1635 odiorum
644 1575 834 1648 deducimur,
861 1575 888 1636 si
907 1592 968 1638 uno
989 1576 1134 1639 basilicae

105 1657 205 1732 spatio
221 1658 435 1732 honestamur,
451 1657 610 1733 diligenter
624 1658 782 1719 observari
795 1657 935 1720 videmur
948 1666 979 1720 et
994 1659 1071 1721 coli:
1092 1668 1134 1721 te-

104 1739 245 1802 nuiorum
262 1749 292 1802 et
306 1757 367 1802 non
385 1750 602 1816 occupatorum
622 1742 787 1803 amicorum
808 1750 855 1802 est
869 1741 927 1804 ista
947 1741 1134 1805 adsiduitas=

104 1840 236 1900 quorum
251 1824 341 1899 copia
354 1824 444 1884 bonis
458 1823 532 1884 viris
550 1835 581 1885 et
593 1824 741 1886 beneficis
756 1825 868 1886 deesse
882 1842 943 1885 non
959 1826 1047 1887 solet.
1085 1822 1134 1887 71.

102 1907 171 1968 Noli
192 1907 282 1983 igitur
303 1906 422 1983 eripere
441 1908 522 1968 bunc
546 1907 680 1968 interiori
700 1907 804 1983 generi
824 1908 979 1969 hominum
1003 1908 1135 1971 fructum

103 1991 212 2066 offleii,
234 1992 323 2052 Cato:
350 1990 416 2050 sine
437 2007 507 2064 eos,
529 1990 582 2065 qui
602 1989 703 2050 omnia
719 1990 841 2051 anobis
860 1999 997 2067 sperant,
1019 1991 1135 2052 babere

104 2073 192 2147 ipsos
210 2089 335 2149 quoque
352 2073 468 2148 aliquid
489 2074 571 2148 quod
593 2073 681 2133 nobis
702 2073 834 2135 tribucre
854 2075 985 2149 possint.
1012 2072 1047 2134 Si
1062 2072 1135 2134 nihil

103 2155 162 2215 erit
177 2165 297 2230 praeter
310 2156 445 2230 ipsorum
461 2155 654 2231 suffragium,
668 2166 759 2217 tenue
774 2166 836 2217 cst=
860 2158 900 2232 si,
915 2166 949 2217 ut
965 2156 1134 2232 suffragen-

105 2246 167 2309 tur,
188 2238 260 2297 nibil
275 2239 376 2300 valent
396 2239 500 2315 gratie.
529 2239 592 2313 lpsi
608 2239 756 2314 denique,
778 2249 812 2301 ut
832 2241 931 2300 solent
950 2240 1052 2315 loqui,
1074 2256 1135 2300 non

103 2319 209 2380 dicere
224 2338 279 2395 pro
301 2322 405 2396 nobis,
426 2339 487 2382 non
503 2322 671 2398 spondere,
694 2340 754 2382 non
772 2339 884 2383 vocare
904 2324 1031 2385 domum
1049 2338 1132 2385 suam

104 2411 251 2479 possunt:
280 2413 372 2478 atque
392 2406 468 2466 hacc
492 2405 618 2466 anobis
641 2414 747 2480 petunt
767 2405 882 2485 omnia,
907 2421 1008 2483 neque
1025 2409 1087 2469 ulla
1102 2423 1134 2466 re

104 2487 175 2558 alia,
202 2502 281 2561 quac
295 2489 414 2548 anobis
430 2496 666 2564 consequuntur,
685 2489 743 2550 nisi
759 2505 852 2564 opera
869 2506 925 2550 sua
941 2490 1133 2566 compensari

106 2578 214 2646 putent
234 2584 339 2645 posse.
382 2572 489 2646 ltaque
510 2581 541 2632 et
562 2573 619 2647 legi
633 2570 760 2645 Fabiae,
782 2589 861 2647 quae
883 2581 931 2632 est
952 2573 992 2634 de
1008 2588 1133 2634 numero

102 2661 298 2725 sectatorum,
314 2662 344 2713 ct
359 2657 644 2729 senatusconsulto,
660 2655 744 2730 quod
758 2664 805 2716 est
815 2656 847 2714 L.
861 2655 993 2716 caesare
1008 2656 1134 2717 consule

88 2738 227 2809 iactum,
244 2736 427 2797 restiterunt.
454 2738 541 2798 Nulla
554 2746 602 2798 est
615 2738 695 2797 enim
708 2754 808 2813 poena
823 2753 902 2813 quae
915 2739 1017 2812 possit
1032 2739 1133 2800 obser·

105 2822 237 2881 cantiam
253 2822 423 2881 tenuiorum
438 2822 477 2880 ab
493 2821 552 2881 hoc
571 2829 674 2881 vetere
696 2820 831 2882 instituto
847 2820 1017 2880 ciliciorum
1034 2822 1133 2881 exclu-

105 2902 187 2962 dere.
233 2902 283 2965 72.
305 2907 346 2965 At
367 2905 540 2978 spectacula
557 2912 627 2964 sunt
642 2902 773 2964 tributim
791 2905 861 2964 data
876 2905 958 2964 etad
974 2904 1133 2979 prandium

105 2984 197 3058 vulgo
217 2987 327 3048 vocati.
368 2986 433 3047 Etsi
453 2987 512 3047 boc
534 2989 644 3047 iactum
660 3004 679 3046 a
695 2986 821 3046 Murena
839 2985 978 3060 omnino,
1007 2987 1132 3056 iudices,

106 3076 244 3149 nonest,
260 3071 297 3129 ab
313 3071 378 3130 eius
397 3068 502 3129 amicis
516 3077 615 3130 autem
630 3086 715 3129 more
732 3077 762 3129 ct
775 3069 866 3129 modo
882 3069 1075 3142 factumest,
1093 3077 1134 3129 ta·

105 3164 175 3207 men
192 3151 362 3213 admonitus
378 3169 412 3213 re
430 3153 500 3229 ipse
519 3152 666 3212 recordor
689 3161 834 3227 quantum
857 3152 915 3211 lrae
939 3150 1134 3227 conquestio-

105 3247 162 3290 nes
179 3231 209 3290 in
228 3243 335 3295 senatu
349 3236 469 3296 habitae
486 3243 664 3310 punctorum
686 3234 790 3310 nobis,
814 3234 918 3309 Servi,
940 3234 1133 3296 detraxerint.

107 3313 194 3387 Quod
210 3312 288 3373 enim
305 3325 424 3392 tempus
440 3318 494 3379 luit
507 3327 559 3378 aut
570 3325 675 3379 nostra
688 3325 740 3377 aut
751 3327 870 3394 patrum
883 3324 1058 3378 nostrorum
1074 3333 1133 3376 me·

105 3396 203 3458 morie
222 3413 283 3473 quo
300 3399 385 3474 haec,
403 3401 468 3462 sive
481 3400 603 3462 ambitio
619 3409 666 3460 est
681 3400 746 3460 site
762 3400 935 3475 liberalitas,
957 3418 1019 3462 non
1036 3398 1132 3470 tuerit,
