2340 3788
333 177 419 237 cnr.
442 176 574 239 stt-at.
595 182 621 243 s.
643 184 808 238 rra-ua.
1037 162 1080 237 eo

57 338 124 393 esse
137 331 286 390 videatur.
315 327 419 403 Pugna
433 333 497 386 erat
512 327 663 400 equestris
674 327 835 402 Agathocli
848 326 931 403 regis
945 326 976 386 in
990 327 1077 388 tabu·

57 415 99 475 lia·
103 413 201 489 picta:
216 411 264 472 his
280 418 380 471 autem
397 410 506 470 tabulis
521 407 680 469 interiores
697 410 797 485 templi
815 411 945 485 parietes
966 412 1078 470 vestie-

57 496 170 558 bantur.
198 493 277 554 Nihil
293 501 358 553 crat
372 508 409 552 ea
423 492 541 568 pictura
560 488 706 565 nobilius,
728 492 800 551 nihil
816 492 978 569 Syracusis
995 493 1079 569 quod

10 630 12 639 .
58 579 149 655 magis
166 577 326 637 visendum
340 583 504 650 putaretur.
535 575 599 634 Has
612 575 730 634 tabulas
751 574 790 632 Μ.
804 575 964 636 Marcellus
985 592 1080 652 quum

10 696 13 701 ·
58 661 154 722 omnia
170 660 297 720 victoria
309 659 362 718 illa
376 674 433 718 sua
447 658 576 733 profana
590 657 730 730 fecisset,
749 664 852 740 'umen
865 658 1011 733 religione
1025 659 1079 717 im-

58 744 176 820 peditus
196 759 256 801 non
272 740 381 815 attigit:
405 740 477 812 iste,
500 756 593 815 quum
613 738 665 799 illa
685 739 745 799 iam
765 748 890 815 propter
910 741 1081 801 diuturnam

10 848 14 859 ·
57 842 160 902 pacem
180 825 418 898 fidelitatemque
440 822 543 899 populi
561 821 747 899 Syracusani
768 837 857 883 sacra
876 822 1082 897 religiosaque

10 933 13 939 ·
57 911 239 985 accepisset,
267 921 374 968 omnes
398 921 451 965 eas
471 906 589 966 tabulas
610 905 746 967 abstulit:
780 904 928 981 parietes,
954 920 1083 980 quornm

58 1001 179 1053 ornatus
194 998 239 1051 tot
250 990 373 1051 saecula
386 997 568 1063 manserant,
582 996 627 1049 tot
642 989 722 1049 bella
735 989 914 1062 effugerant,
929 986 1029 1048 nudos
1044 1002 1082 1045 ac

26 1146 29 1153 Ι
58 1076 240 1137 deformatos
263 1071 395 1146 reliquit.
425 1070 495 1132 123.
522 1066 750 1146 EtMaicellus,
773 1071 841 1146 qui,
865 1071 891 1130 si
912 1069 1084 1148 Syracusas

10 1180 15 1218 :
58 1158 203 1233 cepisset,
220 1157 282 1215 duo
298 1155 410 1229 templa
427 1170 461 1214 se
476 1155 592 1215 Romae
608 1154 819 1215 dedicaturum
839 1162 979 1225 voverat,
1000 1151 1029 1212 is
1043 1152 1085 1222 id,

10 1274 16 1303 ε
59 1242 138 1316 quod
156 1247 222 1299 erat
235 1237 468 1311 aedificaturus,
493 1238 530 1298 iis
546 1239 639 1298 rebus
657 1254 776 1311 ornare,
792 1245 1016 1313 quasccperal,
1028 1251 1083 1295 no-

10 1344 17 1383 t
58 1322 120 1401 inita
142 1324 268 1393 Verres,
284 1320 408 1395 quinon
420 1321 536 1381 Honori
551 1338 651 1395 neque
665 1321 785 1395 Virtuti,
802 1339 892 1395 quern
906 1321 946 1381 ad
960 1318 1085 1380 modum

60 1405 118 1479 ille,
135 1405 194 1465 sed
208 1403 320 1464 Veneri
335 1413 364 1466 et
380 1403 520 1479 cupidini
542 1415 612 1465 vota
631 1405 770 1479 deberet,
792 1404 819 1465 is
834 1404 990 1465 Minervae
1009 1408 1085 1462 tem-

14 1510 16 1515 ·
59 1488 137 1564 plum
155 1488 287 1562 spoliare
302 1496 430 1549 conatus
452 1495 508 1547 est.
536 1489 589 1547 lile
605 1489 681 1548 deos
704 1489 831 1549 deorum
852 1487 960 1563 spoliis
983 1483 1085 1546 ornari

60 1571 164 1632 noluit:
180 1570 229 1629 hic
242 1579 417 1630 ornamenta
431 1570 587 1630 Minervae
606 1570 733 1645 virginis
754 1570 785 1629 in
809 1568 1007 1631 meretriciam
1029 1569 1083 1643 do-

15 1674 18 1679 ·
59 1650 133 1715 num
150 1652 308 1713 transtulit.
336 1653 462 1727 Septem
476 1660 506 1711 ct
520 1651 625 1726 viginti
639 1662 797 1728 practerea
810 1654 929 1713 tabulas
944 1651 1084 1726 pulcher·

10 1756 20 1796 t
60 1734 126 1797 rime
141 1735 241 1810 pictas
257 1750 297 1795 ex
315 1736 424 1794 eadem
440 1735 517 1792 aede
535 1735 670 1794 sustulit:
691 1735 722 1793 in
744 1735 855 1808 quibus
876 1742 962 1794 erant
980 1733 1084 1805 imagi·

60 1834 107 1881 lcs
119 1816 246 1879 Siciliae
259 1832 365 1888 regum
381 1831 417 1874 ae
434 1824 639 1890 tyrannorum,
655 1831 734 1890 quae
747 1832 809 1876 non
821 1818 919 1877 solum
935 1815 1086 1888 pictorum

10 1922 19 1962 t·
61 1900 183 1963 artificio
199 1897 405 1966 delectabant,
434 1895 601 1955 sedetiam
624 1897 909 1958 commemoratione
931 1895 1086 1955 hominum

10 2006 19 2047 t
61 1978 282 2053 cicognitione
305 1980 478 2038 formarum.
506 1979 553 2038 Ac
575 1977 675 2040 videte
696 1987 809 2054 quanto
832 1976 956 2039 taetrior
976 1977 1026 2036 hic
1039 1985 1086 2053 ty·

16 2084 19 2089 ¹
60 2060 383 2138 ltnnusSyracusanis
394 2060 483 2122 fuerit
496 2079 586 2136 quam
600 2058 979 2139 quisquum'superiorum
994 2076 1086 2135 quum

10 2168 18 2209 r
60 2148 97 2212 tu
115 2157 220 2210 tamen
243 2144 376 2205 ornarint
397 2145 510 2220 templa
528 2147 655 2207 deorum
676 2144 901 2219 immortalitun,
924 2143 974 2205 hic
996 2143 1087 2213 etiam

10 2235 16 2288 i
40 2296 44 2307 ¹
61 2230 175 2295 ilerum
191 2236 385 2288 monumenta
399 2237 491 2303 atque
507 2238 682 2290 ornamenta
697 2230 827 2292 sustulit.

136 2310 230 2372 Lvl'
245 2309 316 2373 tat.
349 2312 412 2372 lam
439 2328 511 2373 vero
537 2313 611 2388 quid
635 2329 694 2388 ego
722 2315 761 2374 de
785 2311 884 2373 valvis
908 2310 989 2374 illius
1011 2319 1086 2372 tem-

60 2396 99 2471 pli
111 2402 369 2457 commemorem?
397 2396 516 2454 Vereor
529 2413 576 2468 ue,
594 2397 671 2455 hacc
689 2396 817 2472 quinon
830 2395 970 2468 viderint,
987 2394 1088 2455 omnia

60 2477 209 2540 menimis
225 2494 336 2552 augere
346 2486 439 2552 atque
454 2493 562 2537 ornare
578 2479 773 2541 arbitrentur=
789 2478 873 2555 quod
883 2487 983 2540 tamen
997 2492 1087 2536 nemo

60 2560 209 2638 suspicari
230 2560 337 2633 debet,
359 2568 420 2621 tam
443 2576 513 2620 esse
530 2579 577 2621 me
595 2563 755 2638 cupidum,
775 2571 808 2624 ut
820 2571 863 2624 tot
876 2561 960 2622 viros
976 2557 1089 2634 prima·

57 2645 120 2706 rios
140 2645 246 2717 velim,
276 2645 452 2719 praesertim
474 2659 512 2702 cx
535 2644 668 2705 iudicum
691 2663 832 2720 numero,
855 2645 906 2720 qui
923 2639 1088 2719 Syracusis

58 2727 184 2801 fuerint,
201 2727 253 2802 qui
267 2728 345 2787 haec
361 2726 505 2799 viderint,
527 2743 597 2786 csse
611 2730 770 2791 temeritati
785 2738 815 2790 et
837 2725 998 2787 mendacio
1019 2737 1087 2783 meo

57 2810 211 2872 conscios.
246 2811 430 2870 confirmare
445 2810 504 2869 hoc
520 2809 651 2884 liquido,
672 2810 806 2884 iudices,
823 2825 966 2884 possum,
984 2808 1088 2866 valvas

56 2893 348 2968 magnificentiores,
371 2908 410 2951 cx
431 2909 506 2953 auro
528 2902 620 2967 atque
639 2895 732 2953 ebore
753 2890 969 2968 perfectiores,
990 2891 1088 2951 nullas

56 2992 202 3051 umquam
216 2978 277 3037 ullo
293 2979 405 3052 templo
420 2977 526 3036 fuisse.
546 2974 726 3036 incredibile
741 2976 824 3035 dictu
840 2981 887 3034 est
902 2988 991 3048 quam
1005 2974 1089 3036 multi

56 3060 165 3119 Graeci
179 3059 218 3120 de
228 3061 335 3119 harum
350 3062 506 3120 valvarum
528 3057 729 3135 pulcritudine
744 3057 890 3133 scriptum
904 3058 1088 3133 reliquerint.

53 3143 188 3203 Nimium
210 3143 335 3203 forsitan
350 3143 426 3202 haec
442 3143 484 3202 illi
498 3143 643 3203 mirentur
656 3150 748 3216 atque
764 3140 899 3202 efferant.
928 3142 1016 3202 Esto:
1031 3130 1088 3199 ‘ve-

53 3242 123 3286 rum
143 3234 244 3286 tamen
268 3226 424 3287 honestius
447 3235 495 3287 est
514 3225 713 3301 reipublicae
730 3233 866 3297 nostrae,
888 3224 1020 3298 iudices,
1042 3239 1089 3296 ea,

53 3326 139 3384 quae
162 3309 223 3369 illis
247 3312 351 3384 pulcra
373 3325 444 3369 esse
465 3309 641 3382 videantur,
661 3309 872 3384 imperatorem
897 3317 1034 3369 nostrum
1057 3305 1086 3363 in

52 3390 138 3454 bello
149 3393 315 3467 reliquisse
326 3408 416 3468 quam
427 3401 598 3468 praetorem
610 3394 640 3452 in
651 3407 728 3467 pace
739 3391 912 3453 abstulisse.
935 3391 981 3448 Ex
995 3388 1088 3449 ebore
