2340 3788
242 162 253 181 ⁸
366 174 448 234 car.
466 183 562 256 1-,a
583 181 609 242 t.
626 184 721 239 1-7.
983 181 1045 248 125

20 343 51 387 ac
67 322 115 384 rei
130 323 271 399 publicae
285 340 387 400 poena
400 334 551 387 remorata
565 332 632 387 estt
665 328 706 388 At
720 345 777 389 nos
793 329 970 391 vicesimum
984 329 1044 392 iam

20 408 101 473 diem
111 408 244 483 patimur
258 407 427 469 hebescere
443 410 540 470 aciem
553 409 662 469 horum
675 410 870 479 auctoritatis.
888 415 1043 474 Habemus

20 493 96 552 enim
108 490 238 552 huiusce
252 490 334 551 modi
349 501 473 553 senalus
489 494 668 564 consultum,
679 510 785 554 verum
797 495 946 558 inclusum
958 497 988 557 in
1000 506 1044 559 ta·

20 575 107 648 buis,
121 583 275 649 tamquam
289 574 647 650 invaginareconditum,
662 593 722 652 quo
733 594 772 636 ex
787 587 910 640 senatus
921 583 1043 643 consul·
1112 604 1116 613 ·

20 667 47 719 tc
58 656 221 719 confestim
233 666 263 719 te
278 657 468 719 interiectum
481 675 562 733 esse,
578 658 717 731 Catilina,
735 661 885 722 convenit.
899 662 998 737 Vivis,
1013 673 1044 724 et
1138 730 1143 740 ,

21 741 96 802 uua
110 758 172 801 non
188 741 228 801 ad
242 742 470 817 deponendam,
493 744 549 802 scd
563 743 604 803 ad
617 743 855 804 confirmandam
876 746 1042 807 audaciam.

22 823 123 900 Cupio,
139 832 242 900 patres
258 825 433 901 conscripti,
447 842 496 886 me
514 842 585 886 esse
601 828 793 887 clementem=
816 825 906 902 cupio
928 828 958 888 in
978 836 1042 889 tan-

21 908 56 968 tis
67 907 268 982 reipublicae
285 908 429 984 periculis
445 926 568 969 menon
584 909 766 971 dissolutum
780 909 894 982 videri,
915 911 971 970 sed
984 908 1044 971 iarn

22 1007 66 1051 me
77 990 148 1067 ipse
163 990 289 1053 inertiae
306 991 522 1068 nequitiaeque
536 995 717 1055 condemno.
753 991 783 1055 5.
808 994 914 1054 Castra
929 994 1043 1054 suntin
1144 986 1146 993 '

22 1073 100 1135 ltalia
116 1083 224 1134 cenna
237 1077 385 1150 populum
398 1078 568 1137 Romanum
583 1077 614 1137 in
627 1076 765 1138 Etruriae
785 1077 924 1137 faucibus
949 1077 1043 1136 collo-
1150 1140 1153 1147 ι

24 1167 99 1219 cataa
114 1157 226 1218 crescit
236 1158 266 1217 in
279 1159 345 1219 dies
357 1160 494 1235 singulos
504 1161 637 1221 hostium
647 1178 807 1247 cromerus:
823 1176 928 1231 eorum
942 1166 1042 1220 autem

23 1248 185 1302 msuomm
201 1243 414 1317 imperatorem
428 1245 600 1320 ducemque
617 1245 749 1306 hostium
769 1244 847 1306 intra
866 1244 987 1304 moenia
1000 1251 1044 1303 at-

23 1340 76 1399 que
90 1325 169 1385 adeo
185 1325 215 1384 in
231 1334 339 1388 senatu
352 1327 477 1402 videtis,
496 1327 669 1390 intestinam
691 1329 823 1402 aliquam
843 1326 955 1388 cotidie
973 1342 1043 1403 per·

22 1406 125 1468 niciem
139 1408 184 1468 rei
199 1409 338 1484 publicae
352 1411 533 1473 molientem.
561 1411 594 1472 si
608 1421 637 1474 ta
651 1413 725 1485 iam,
743 1411 882 1485 Catilina,
905 1425 1041 1486 compre-

21 1489 116 1564 hendi,
133 1490 161 1552 si
174 1491 302 1553 interfici
316 1495 447 1569 iussero,
462 1496 569 1568 credo,
586 1496 641 1556 erit
656 1498 822 1557 verendum
835 1493 961 1555 mihine
979 1510 1042 1555 non

21 1573 73 1636 lmc
87 1577 193 1650 potius
215 1592 321 1640 omnes
341 1579 415 1640 boni
436 1582 535 1640 serius
550 1595 569 1638 a
583 1597 631 1640 me
647 1597 738 1655 quam
753 1578 917 1654 quisquam
934 1579 1042 1639 crude

21 1656 72 1718 lius
89 1660 202 1719 lactum
223 1677 294 1721 esse
314 1661 404 1722 dicat.
434 1663 550 1722 Verum
570 1679 627 1736 ego
650 1663 725 1736 hoc,
750 1664 834 1736 quod
850 1661 1043 1735 iampridem

21 1740 127 1803 iactum
142 1758 214 1802 esse
229 1746 371 1818 oportuit,
387 1753 470 1803 certa
484 1746 523 1803 de
538 1759 632 1804 causa
645 1747 781 1805 nondum
799 1745 937 1804 adducor
949 1751 984 1804 ut
998 1745 1043 1803 la-

21 1823 100 1885 dem.
129 1826 205 1884 Tum
219 1824 352 1899 denique
364 1814 558 1896 mlerficiere,
574 1844 665 1898 quum
679 1827 739 1886 iam
753 1842 843 1886 nemo
860 1835 920 1886 tam
931 1824 1042 1900 impro-

20 1903 77 1982 bas,
94 1916 160 1968 tam
175 1906 323 1980 perditus,
337 1917 398 1967 tam
412 1908 455 1966 tui
470 1906 576 1966 similis
590 1906 720 1967 inveniri
734 1907 845 1983 poterit
862 1905 915 1982 qui
933 1906 966 1965 id
982 1922 1044 1967 non

22 1987 74 2052 inre
92 1991 208 2049 lactum
226 2004 297 2050 esse
313 1992 449 2051 fateatur.
475 1991 504 2051 6.
521 1990 683 2063 Quamdiu
699 1993 861 2066 quisquam
876 1987 933 2048 erit
947 1987 1000 2064 qui
1014 1997 1045 2049 te

23 2072 181 2134 delendere
198 2073 323 2146 audeat,
342 2072 446 2148 vives,
460 2083 490 2133 et
504 2072 591 2133 vives
606 2072 661 2146 ita,
686 2083 720 2135 ut
735 2073 831 2146 vivis,
852 2070 952 2132 multis
966 2070 1044 2133 meis
1151 2085 1153 2095 ’

22 2154 153 2216 ctllrmis
168 2156 331 2230 praesidiis
350 2157 513 2229 obsessus,
536 2173 575 2217 ne
595 2173 789 2219 commovere
809 2165 839 2219 te
855 2163 959 2217 contro
978 2170 1043 2216 rem
1132 2212 1135 2216 .

22 2238 166 2311 publicam
179 2240 294 2314 possis.
323 2241 483 2303 Mullorum
498 2249 528 2301 te
543 2240 634 2302 etiam
649 2242 730 2303 oculi
744 2250 775 2302 et
789 2257 881 2302 aures
897 2255 957 2301 non
973 2255 1042 2301 scn-

22 2319 149 2396 licntem,
187 2323 266 2384 sicut
295 2324 396 2384 adhuc
424 2326 576 2399 lecerunt,
605 2328 843 2402 speculabuntur
870 2331 963 2400 atque
989 2339 1043 2386 cu-

23 2405 155 2466 radient.

93 2489 145 2548 111.
161 2489 279 2550 Etenim
294 2489 368 2566 quid
384 2498 440 2564 est,
455 2491 595 2564 Catilina,
613 2494 770 2568 quodiam
786 2491 917 2567 amplius
931 2505 1042 2565 exspe-

21 2578 92 2646 aes,
121 2571 149 2632 si
170 2589 272 2649 neque
293 2590 357 2635 nox
377 2573 512 2634 tenebris
527 2576 692 2637 obscurare
714 2585 821 2638 coetus
836 2575 970 2636 nefarios
985 2587 1043 2631 nec

20 2652 132 2727 privata
146 2657 257 2717 doinus
272 2657 438 2732 parietibus
456 2659 612 2720 continere
627 2676 721 2720 voces
736 2658 963 2722 coniurationisv
972 2664 1043 2716 tuae

19 2745 135 2810 potesta
149 2740 177 2799 si
191 2738 387 2813 illustrantur,
406 2741 434 2802 si
450 2751 610 2816 erumpunt
633 2743 754 2804 omnint
779 2744 865 2803 Muta
879 2740 940 2799 iam
953 2738 1043 2799 istam

18 2829 157 2894 mntem,
185 2823 256 2883 mihi
289 2825 397 2897 crede,
427 2825 610 2887 obliviscere
635 2827 740 2886 caedis
766 2835 859 2899 atque
885 2820 1042 2883 incendio·

17 2918 91 2964 rum:
127 2905 253 2968 Teneris
274 2908 424 2983 undique:
452 2910 520 2970 luce
538 2918 609 2969 sunt
633 2909 762 2969 clariora
781 2907 871 2967 nobis
898 2913 948 2966 tua
970 2921 1041 2967 con·

18 2985 78 3047 sitia
98 2989 217 3065 omnia,
239 3008 318 3066 quae
338 2991 399 3051 iam
418 3009 537 3053 mecum
553 2992 623 3053 licet
639 3006 868 3066 recognoscas·
894 2986 923 3049 l.
936 2989 1041 3051 Memi-

16 3068 123 3133 nistine
139 3088 189 3132 me
206 3082 275 3135 ante
291 3076 372 3136 diem
385 3093 439 3135 xrr.
454 3077 609 3137 Kalendas
624 3076 813 3136 Novembres
830 3072 932 3134 dicere
947 3073 977 3134 in
991 3089 1040 3136 se*

15 3163 79 3215 natu
95 3156 163 3215 iore
183 3155 315 3219 inarmis
330 3169 413 3220 certo
432 3160 491 3233 die,
508 3161 560 3236 qui
574 3160 641 3221 dies
653 3162 771 3220 lauturus
783 3166 867 3219 esset
880 3166 949 3220 ante
961 3158 1041 3218 diem

14 3237 134 3299 v1.Kal.
156 3239 360 3317 NovembreS‚
382 3245 413 3303 C.
431 3244 579 3317 Mallium,
601 3243 748 3304 audaciae
769 3241 928 3303 satellitem
949 3251 1041 3316 atque

13 3321 218 3384 administrum
233 3333 326 3386 tuae?
350 3326 425 3388 Num
441 3345 490 3388 me
505 3329 623 3400 fefellit,
642 3327 782 3402 Catilina,
805 3343 866 3388 non
882 3327 973 3387 modo
989 3339 1040 3381 res

12 3409 97 3482 unu,
112 3415 175 3468 tam
189 3414 279 3470 atrox
294 3419 416 3491 tamque
431 3411 632 3488 incredibilis,
656 3427 776 3488 verum,
800 3409 832 3472 id
848 3411 931 3487 quod
946 3407 1039 3466 multo
