2340 3788
455 187 759 254 canttt-a‘
828 232 831 237 -

79 341 164 392 reneis
179 323 362 408 suspicaretur,
386 356 444 392 eum
456 349 543 391 contra
556 341 639 408 legem
654 340 767 390 effecisse
787 348 815 389 ut
828 348 968 402 crearetur,
991 358 1048 393 cum
1060 340 1117 408 legs

79 411 182 460 Licirna
206 410 238 460 de
253 410 384 461 sodaliciis
398 409 534 477 postularit
551 418 575 461 et
592 410 764 472 subscriptore
781 409 812 460 L.
831 407 918 460 Cassio
933 410 1001 476 apud
1017 411 1043 466 C
1063 413 1117 463 Fla·

80 493 145 530 vum
169 477 264 528 Allium
288 487 443 553 praetorem,
472 494 547 544 quem
568 480 623 544 ipae
644 493 691 543 pro
715 477 849 541 facultate,
870 493 946 542 quam
964 479 1005 531 lex
1019 481 1117 530 Licinia

79 550 173 604 dabat,
192 547 360 609 quaesitorem
378 548 468 598 iudicii
483 548 624 613 delegerat,
641 562 725 596 coram
740 546 865 596 iudicibus
877 546 1024 607 editiciis,'
1017 564 1044 598 m
1061 552 1116 612 qui·

78 619 131 667 bus
154 615 297 682 deligendis
312 617 367 681 ipse
382 630 484 680 qnoque
501 617 613 680 aliquam
627 622 726 680 partem
741 615 784 664 ille
801 614 858 680 lege
876 616 1019 675 obtinebat,
1044 633 1116 668 accu-

79 687 158 739 savit.
196 686 353 749 Quamquam
376 684 421 735 On.
443 685 561 735 Plancius
581 699 632 734 non
655 686 724 734 omni
742 683 816 747 culpa
835 685 956 742 vacabat,
979 692 1063 734 nmen
1080 685 1115 736 M.

79 755 185 811 Cicero,
203 755 272 817 qnod
289 763 344 804 erat
360 756 386 804 in
404 756 519 806 discessu
533 768 580 803 suo
598 751 684 803 multis
700 751 830 803 beneflciis
841 768 858 802 a
869 751 914 806 Gn.
927 751 1028 804 Plancio
1040 770 1116 817 quae-
1135 749 1137 754 ’

80 833 151 873 stote
171 823 199 871 in
213 824 361 875 Macedonia
381 823 510 881 adlectus,
533 823 588 872 eius
613 837 715 872 oausam
736 822 850 887 suscepit
872 829 897 870 et
915 830 985 872 tante
1003 829 1055 872 arte
1069 838 1115 888 pro

79 908 125 942 reo
143 890 213 942 solus
231 893 308 951 dixit,
333 901 361 941 ut
379 890 424 944 Gn.
440 893 557 942 Plancius
575 891 760 951 absolveretur,
785 889 912 940 Ciceronis
932 899 1018 942 autem
1037 892 1117 941 oratio

80 977 97 1010 a
112 961 197 1010 multis
216 968 390 1025 expeteretur,
408 961 468 1010 vide
485 960 611 1010 Ciceronis
624 963 695 1023 epist.
713 961 750 1010 ad
763 959 791 1021 Q.
805 959 915 1022 fratrem
929 960 976 1012 lib.
993 961 1013 1012 l.
1033 975 1074 1024 ap.
1088 961 1116 1012 4.

79 1031 107 1092 S.
128 1029 170 1080 11.
208 1030 289 1089 Quam
307 1036 397 1094 postea
414 1029 565 1094 conscripsit
582 1037 607 1079 et
624 1028 713 1079 edidit.

143 1182 166 1240 I.
188 1179 217 1242 1.
242 1181 339 1256 Quum
360 1189 487 1256 propter
507 1179 660 1256 egregiam
682 1188 712 1240 et
727 1180 911 1254 singularem
926 1181 978 1240 Cn.
993 1178 1116 1255 Plancii,

80 1265 214 1336 indices,
232 1265 262 1324 in
279 1281 347 1324 mea
358 1268 456 1326 salute
469 1264 671 1325 custodienda
681 1264 773 1324 fidem
782 1271 842 1324 tarn
853 1267 964 1325 multos
976 1265 1121 1325 etbonos‘

79 1349 164 1410 viros
181 1350 247 1409 eius
262 1349 372 1410 honori
384 1349 520 1409 viderem
532 1365 603 1409 esse
614 1349 758 1418 fautores
773 1347 931 1422 capiebam
942 1349 1041 1408 animo
1054 1364 1116 1411 non

80 1433 265 1492 mediocrem
280 1435 481 1510 voluptatem,
506 1433 590 1508 quod
604 1433 690 1492 cuius
705 1428 837 1492 officium
853 1431 924 1491 mihi
939 1431 1028 1493 saluti
1042 1433 1117 1492 fuis-

79 1523 142 1588 set,
172 1517 200 1575 ei
220 1533 357 1578 meorum
382 1525 553 1592 temporum
571 1517 754 1577 'memoriam
780 1515 942 1590 suffragari
966 1515 1117 1577 videbam.

79 1600 178 1672 Quum
202 1609 302 1661 autern
317 1603 454 1662 audirem
469 1617 556 1661 nreos
570 1599 680 1676 partim
695 1599 851 1673 inimicoS,
874 1602 980 1674 partim
994 1599 1116 1660 invidos

77 1683 151 1742 huic
175 1685 362 1745 accusationi
377 1700 448 1744 esse
464 1685 599 1743 lautores
615 1683 815 1756 eamdemque
829 1698 895 1742 rem
910 1683 1116 1743 adversariam

76 1782 153 1824 esse
168 1765 199 1822 in
215 1764 327 1824 iudicio
340 1767 393 1825 Cn.
404 1767 538 1838 Plancio,
555 1765 679 1840 quaein
697 1766 841 1840 petitione
856 1764 965 1826 luisset
977 1767 1115 1838 adiutrix,

77 1847 238 1920 dolebam,
257 1847 391 1922 iudiceS,
407 1857 437 1908 et
451 1849 561 1907 acerbe
579 1847 729 1920 ferebam,
747 1850 773 1907 si
789 1848 880 1908 buius
896 1851 980 1908 salus
990 1849 1037 1908 ‘ob
1049 1865 1117 1908 eam

77 1934 180 2006 ipsam
202 1947 327 1992 oausam
348 1938 431 1992 esset
451 1931 605 2005 infestior,
627 1927 756 2006 quadis
770 1946 870 1991 meam
884 1933 1012 1992 salutem
1026 1939 1117 2006 atque

78 2017 173 2073 vitam
195 2030 251 2075 sua
270 2015 498 2088 benevolentia,
522 2013 677 2091 praesidio
700 2014 902 2090 custodiaque
915 2015 1052 2075 texisset.
1086 2015 1117 2077 2.

79 2098 168 2156 Nunc
183 2105 284 2158 autern
299 2104 411 2171 vester,
426 2099 553 2172 iudices
571 2104 757 2174 conspectus
774 2107 805 2160 et
818 2113 988 2159 consessus
999 2099 1058 2159 iste
1070 2115 1117 2158 re·

79 2181 141 2240 licit
164 2188 194 2240 et
215 2189 334 2241 recreat
354 2189 485 2242 mentem
506 2199 620 2255 meam,
643 2200 736 2258 quum
752 2184 871 2243 intueor
885 2191 916 2243 et
930 2182 1119 2258 contemplor
1158 2194 1161 2210 ¹

79 2280 175 2324 unum
196 2280 350 2346 quemque
366 2273 512 2326 vestrum.
548 2266 648 2335 ,Video
664 2267 743 2327 enirn
760 2266 819 2327 hoc
835 2267 1008 2327 innumero
1024 2266 1117 2326 nemi-

80 2363 149 2406 nem
172 2349 221 2407 cui
245 2365 313 2408 mea
333 2350 419 2410 salus
441 2367 502 2411 non
518 2366 591 2411 cara
604 2351 707 2424 luerit,
732 2349 819 2411 cuius
835 2366 894 2411 non
910 2354 1010 2431 exact
1024 2351 1055 2411 in
1070 2366 1118 2409 me

81 2447 231 2502 summum
247 2431 401 2506 meritum,
419 2435 468 2495 eui
482 2451 542 2495 non
560 2435 618 2495 sim
633 2433 799 2496 obstrictus
817 2435 964 2496 memoria
978 2434 1118 2494 beneficii

80 2506 275 2590 sempiterna.
320 2516 427 2591 ltaque
448 2535 510 2579 uon
533 2518 701 2580 extimesco
717 2535 756 2578 ne
771 2518 823 2577 Cn.
838 2518 960 2578 Plancio
978 2516 1120 2578 custodia

80 2614 167 2660 meae
181 2600 289 2660 salutis
304 2601 386 2675 apud
402 2615 458 2663 eos
474 2602 568 2676 obsit,
588 2604 639 2677 qui
656 2619 704 2662 me
720 2602 780 2677 ipsi
796 2601 927 2661 maxime
944 2602 1064 2661 salvum
1075 2600 1118 2659 vi-

80 2681 153 2742 dere
177 2685 353 2754 voluerunt,
377 2686 580 2760 saepiusque,
600 2685 734 2758 iudices,
755 2684 828 2744 mibi
845 2684 971 2744 venitin
988 2691 1134 2743 mentem.

80 2767 293 2827 admirandum
310 2783 382 2829 esse
399 2769 440 2828 M
455 2769 666 2842 Laterensem,
688 2768 844 2831 hominem
861 2766 1119 2829 studiosissimum

80 2857 110 2909 et
125 2850 281 2925 dignitatis
297 2858 327 2912 et
341 2853 448 2913 salutis
461 2868 556 2927 meae,
569 2869 656 2913 reum
668 2851 727 2913 sibi
738 2853 818 2912 hunc
832 2852 1025 2927 potissimum
1037 2850 1119 2910 dele-

79 2934 164 3007 gisse
181 2951 274 3027 quarn
288 2937 485 2997 metuendum
501 2953 539 2996 ne
549 2936 640 2998 vobis
652 2938 683 2997 id
694 2938 745 2997 ille
758 2953 867 3012 magna
877 2935 995 2996 ratione
1006 2926 1120 2995 secisse

77 3008 229 3081 videatu‘r.
272 3019 303 3081 3.
327 3020 516 3095 Quamquam
537 3021 610 3080 milri
631 3038 691 3081 non
712 3036 801 3080 sumo
815 3028 931 3080 tanturn
946 3034 1049 3116 neque
1067 3017 1119 3077 ad-

77 3115 172 3177 rogo,
193 3101 328 3177 iudices,
344 3112 377 3165 ut
392 3105 444 3165 Cn.
460 3103 614 3164 Plancium
629 3106 695 3166 suis
710 3120 784 3180 erga
797 3120 846 3164 me
862 3102 977 3164 meritis
991 3101 1120 3178 impuni-

76 3191 171 3247 tatem
185 3195 387 3248 consecutum
404 3196 519 3264 putem.
540 3187 603 3248 Nisi
619 3189 684 3249 eius
700 3187 925 3285 integerrImam
936 3185 1038 3260 vitam,
1056 3202 1119 3245 mo-

78 3260 275 3333 destlssimos
291 3287 410 3347 morea,
430 3288 578 3332 summam
595 3272 702 3345 fidem,
720 3271 951 3346 continentiam,
967 3272 1119 3368 pietatem,

76 3348 287 3416 innocentiam
303 3319 484 3429 ostendero,
508 3356 582 3415 nihil
597 3357 635 3415 de
637 3373 756 3453 poena
768 3358 935 3417 recusabo.
954 3354 1002 3416 sin
1020 3350 1121 3416 omnia

79 3438 278 3513 praestitero,
295 3438 461 3516 quaesunt
479 3439 644 3500 abonis
615 3441 689 3501 viris
705 3440 938 3518 exspectanda,
948 3435 1132 3513 petramma-

1134 3578 1161 3662 l
