2332 3772
351 162 432 222 CAP.
447 171 543 225 6—9.
565 170 591 230 S·
606 173 734 227 124-19.

10 316 31 377 *a
59 311 154 385 quivos
168 312 207 373 de
219 309 365 387 religione
379 328 436 373 sua
450 328 487 372 ac
504 312 647 388 dignitate
667 331 739 376 vere
758 315 931 378 existimare
951 317 1046 379 maxi·
1144 372 1146 377 .

10 417 25 471 q·
55 396 195 468 mredet,
220 393 318 469 primo
333 393 410 456 dixit
423 412 458 456 se
471 395 561 456 istum
582 396 703 471 publice
716 399 856 472 laudare,
871 401 967 475 quod
987 401 1045 463 sibi

51 474 256 539 irmandatum
270 486 367 538 esset:
396 479 506 538 deinde
531 496 631 553 neque
648 496 683 539 se
696 480 840 542 habuisse
860 481 911 543 illa
924 485 1045 545 venalia

48 574 126 637 mque
144 561 209 621 ulla
228 558 422 632 condicione,
446 561 472 622 si
492 570 590 621 utrum
611 564 702 622 vellet
717 562 835 637 liceret,
854 566 967 627 adduci
980 570 1044 627 uin-
1086 626 1091 633 ,

47 658 117 723 qum
128 642 271 719 pobriose
284 650 317 703 ui
329 644 475 704 venderet
490 645 554 717 illa,
580 660 657 719 quae
670 643 701 703 in
725 646 856 707 sacrario
877 649 1007 710 luissent
1025 666 1045 709 a

42 726 193 789 moribus
221 724 286 786 sui‘s
310 725 415 787 relicta
435 735 465 786 et
486 728 604 788 tradita.
633 728 713 787 VIll.
750 726 801 789 17.
840 729 917 801 Quid
943 733 1043 805 sedes,

41 810 161 871 lares?
189 808 265 885 quid
283 817 468 884 exspectas?
492 809 565 885 quid
588 809 852 885 teacenturipina
866 810 1002 886 civitate,
1024 831 1044 873 a

37 890 193 966 bunensi,
223 891 262 952 ab
287 891 465 966 Halaesina,
491 893 707 970 Tyndaritana,
733 893 904 966 Hennensi,
934 894 1043 972 Agyri-

34 977 109 1037 nensi
122 974 319 1049 eaeterisque
335 973 455 1035 Siciliae
468 974 638 1038 civitatibus
654 975 862 1037 circumveniri
884 984 976 1050 atque
990 994 1045 1051 op

32 1058 110 1135 primi
122 1057 228 1119 dieis?
255 1058 318 1118 Tua
333 1065 363 1118 te
384 1058 479 1117 altera
497 1058 608 1134 patria,
631 1076 719 1134 quem
740 1059 923 1120 admodum
943 1060 1045 1121 dicere

32 1139 326 1214 olcham-Messana
341 1139 549 1202 circumvenit:
571 1150 637 1216 tua,
656 1142 793 1218 inquam,
809 1143 961 1216 Messana,
977 1151 1044 1203 tuo·

30 1240 89 1287 rum
100 1221 239 1285 adiutrix
253 1224 416 1296 scelerum,
439 1223 594 1285 libidinum
613 1225 714 1296 testis,
736 1225 916 1300 praedarum
933 1242 969 1285 ac
984 1226 1045 1286 iur-

30 1316 123 1369 burm
130 1305 299 1381 receptrix.
331 1307 428 1367 Adest
442 1306 520 1366 enim
537 1307 584 1367 vir
602 1307 808 1382 amplissimus
823 1307 889 1369 eius
905 1307 1043 1381 civitatis,

30 1390 142 1466 legatus
156 1387 250 1449 huius
266 1387 370 1449 iudicii
384 1405 477 1450 causa
491 1391 581 1450 domo
594 1390 722 1463 missus,
738 1391 883 1466 princeps
897 1390 1049 1452 laudatio-v

29 1472 73 1535 ris
92 1482 181 1545 brae,
205 1470 301 1546 quite
326 1471 446 1546 publice
465 1473 581 1533 laudat:
601 1473 642 1534 ita
662 1473 740 1533 enim
760 1475 932 1534 mandatum
952 1480 1044 1549 atque

30 1554 204 1631 imperatum
224 1562 287 1615 est:
304 1555 423 1616 tametsi
442 1565 566 1630 rogatus
588 1556 626 1615 de
648 1558 764 1634 cybaea
777 1556 886 1616 tenetis
901 1557 1045 1617 memoria
1142 1546 1146 1560 '

32 1638 99 1713 quid
110 1637 323 1713 responderit:
338 1637 526 1698 aedificatam
541 1638 670 1713 publicis
687 1639 804 1714 operis,
831 1639 952 1713 publice
973 1656 1044 1700 coa-

31 1720 83 1783 aas
94 1721 188 1797 cique
200 1719 408 1781 aedificandae
423 1721 544 1795 publice
554 1721 760 1781 Mamertinum
775 1729 946 1781 senatorem
957 1739 1044 1797 prae-

30 1802 138 1865 fuisse:
154 1802 244 1865 -idem
261 1803 303 1861 ad
314 1820 372 1864 vos
387 1803 541 1877 privatim,
561 1802 693 1877 iudices,
715 1804 864 1876 confugit:
884 1804 975 1864 utitur
987 1805 1044 1863 hac

32 1886 106 1961 lage,
124 1903 190 1961 qua
204 1883 346 1947 iudicium
361 1893 417 1958 est,
434 1884 584 1945 communi
598 1900 668 1944 arae
682 1883 849 1945 sociorum:
864 1887 982 1944 tametsi
995 1886 1046 1943 lex

32 1978 75 2031 eat
86 1970 124 2031 de
138 1966 282 2045 pecuniis
292 1968 486 2043 repetundis,
507 1967 557 2027 ille
572 1984 607 2027 se
621 1976 710 2042 negat
723 1967 883 2042 pecuniam
896 1975 1043 2040 repetere,

33 2069 115 2127 qnam
129 2059 270 2126 ereptam
286 2067 347 2111 non
361 2059 444 2112 tanto
461 2066 553 2125 opere
567 2051 729 2121 desiderat,
745 2066 832 2109 sacra
849 2066 884 2110 se
898 2048 1045 2110 maiorum

32 2150 149 2197 auorum
163 2140 305 2208 repetere
319 2134 418 2194 abste
432 2133 518 2194 dicit:
532 2135 616 2194 deos
632 2142 759 2208 penates
779 2142 808 2194 te
826 2133 941 2208 patrios
955 2148 1044 2206 repo-

33 2216 94 2279 scii
123 2218 176 2282 18.
205 2216 303 2291 Ecqui
324 2216 422 2291 pudor
439 2223 506 2278 esti
523 2233 640 2292 ecquae
659 2215 782 2290 religio,
801 2218 936 2276 Verres?
956 2214 1045 2292 ecqui

32 2307 147 2363 melosi
173 2298 325 2360 Habitasti
338 2300 420 2373 apud
433 2300 542 2360 Heium
558 2301 734 2359 Messanae:
755 2316 805 2359 res
824 2299 908 2360 illum
925 2299 1044 2359 divinas

32 2385 106 2459 apud
118 2399 179 2444 eos
191 2383 269 2442 deos
279 2380 310 2440 in
326 2399 382 2443 suo
397 2383 530 2444 sacrario
545 2399 640 2457 prope
654 2380 805 2443 cotidiano
819 2384 919 2443 lacere
934 2381 1045 2442 vidisti.

31 2464 90 2526 llou
102 2473 246 2531 movetur
259 2463 402 2538 pecunia:
424 2465 556 2539 denique
576 2481 654 2541 quae
676 2464 840 2525 ornamenti
864 2481 958 2526 eausa
982 2466 1047 2523 lue-

30 2557 108 2623 runt,
123 2564 187 2608 non
205 2547 344 2622 requirit:
358 2547 411 2607 tibi
425 2548 504 2606 habe
518 2547 728 2622 Canephoros:
745 2548 870 2609 deorum
885 2548 1046 2606 simulacra

28 2631 160 2693 restitue.
192 2631 276 2703 Quae
291 2630 361 2703 quia
375 2629 464 2701 dixit,
484 2630 554 2703 quia
568 2638 702 2704 ternpore
717 2632 787 2690 dato
805 2631 943 2690 modeste
964 2626 1046 2700 apud

29 2728 82 2775 ros
101 2714 209 2776 socius
230 2711 406 2787 amicusque
421 2712 526 2787 populi
543 2712 670 2771 Romani
681 2709 812 2788 'questus
830 2720 892 2783 est,
912 2708 985 2783 quia
999 2723 1048 2766 re-

29 2795 130 2873 lpum
151 2812 229 2857 suae
250 2811 311 2855 non
326 2796 416 2856 modo
435 2795 464 2853 in
481 2795 528 2853 dis
543 2794 648 2868 patriis
662 2796 851 2870 repetendis,
878 2792 933 2851 sed
958 2791 1047 2852 etiam

29 2876 55 2937 in
74 2880 146 2955 ipso
159 2877 337 2939 testimonio>
356 2893 392 2938 ac
406 2877 611 2938 iureiurando
626 2878 782 2950 proximus
804 2874 874 2946 luit,
895 2874 1047 2935 hominem

30 2960 155 3023 mismm
175 2962 215 3021 ab
236 2960 296 3021 isto
316 2960 423 3021 scitote
439 2976 509 3020 esse
525 2961 696 3019 Messanam
713 2960 752 3018 de
768 2958 875 3032 legatis
889 2974 996 3031 unum,
1012 2959 1046 3019 il-

29 3045 86 3105 lum
97 3045 221 3121 ipsum,
246 3043 298 3119 qui
321 3043 391 3103 navi
416 3043 504 3104 istius
529 3043 736 3102 aedificandae
763 3040 886 3115 publice
908 3041 1045 3115 praefuit,

29 3126 111 3201 quia
126 3135 235 3188 senatu
249 3135 375 3202 peteret,
394 3135 424 3186 ut
437 3126 531 3186 Heius
547 3126 727 3185 adficeretur
740 3123 913 3198 ignominia.

107 3211 160 3271 HL
194 3208 243 3271 19.
279 3209 376 3270 Homo
388 3208 606 3280 amentissime,
631 3207 702 3282 quid
724 3206 859 3282 putasti?
875 3207 1046 3282 impetratu-

26 3310 90 3355 rum
104 3300 158 3355 tet
172 3291 276 3368 quanti
290 3292 347 3352 isa
362 3291 478 3352 civibus
493 3291 558 3352 suis
572 3293 665 3365 fieret,
683 3290 786 3365 quanti
802 3292 965 3350 auctoritas
977 3288 1046 3361 eius

27 3375 189 3438 baberetur
206 3375 394 3451 ignorabas?
420 3376 533 3436 Verum
557 3376 605 3434 lac
625 3383 653 3435 te
674 3373 899 3515 impetravizse,
924 3373 972 3430 lae
994 3369 1046 3429 ali·

68 3474 124 3519 crc.
141 3474 234 3520 onnr.
