2340 3788
97 186 141 253 ω
320 176 358 235 ΙΝ
372 176 404 235 C.
422 172 585 237 VERREM
603 170 687 231 AC'I.
701 170 739 229 11.
758 168 830 229 LlB.
844 170 897 229 lv.

100 329 323 405 magnificeque
339 321 514 385 triclinium=
534 319 660 395 expauit
671 336 717 392 ea,
735 319 847 393 quibua
857 318 1042 393 mundabat,
1056 323 1121 397 plu·

100 415 177 475 rima
191 420 221 472 et
234 406 436 484 pulcherrima
447 419 521 465 vasa
534 411 694 477 argenteae
708 416 778 461 nour
790 402 867 461 baec
882 404 1121 465 aureanondum

101 498 229 557 fecerat:
248 488 387 552 omuibus
406 492 491 549 curat
508 486 600 547 rebus
621 485 801 545 instructum
818 492 850 545 et
869 493 1009 558 paratum
1028 494 1063 548 ut
1085 487 1123 547 sit

102 574 284 639 convivium.
317 571 394 646 Quid
409 572 522 631 multat
550 571 619 629 Rex
637 567 682 629 ita
692 565 849 640 discessit,
870 575 904 627 ut
918 575 950 627 et
961 567 1057 629 istum
1071 584 1120 629 co

102 659 191 735 piose
208 664 344 719 ornatum
360 663 438 717 etse
452 651 789 725 bonor-ifiecaeceptum
802 648 1006 711 arbitraretur.
1022 652 1123 712 Vocat

102 743 143 803 ad
167 756 306 816 coenam
319 737 429 802 deinde
456 735 525 809 ipse
549 742 734 809 praetorem
761 732 886 807 exponit
913 748 988 795 suas
1014 732 1121 809 copias

103 840 225 898 omnes,
240 824 365 885 multum
378 826 549 894 argentum,
563 834 624 877 non
640 832 737 891 pauca
751 814 841 876 etiam
853 818 965 890 pocula
979 832 1020 876 ex
1036 832 1121 890 auro,

104 923 198 982 quae,
219 916 252 968 ut
271 922 339 967 mos
354 910 401 965 est
415 898 517 973 regius
532 908 563 959 et
573 900 703 959 maxime
715 898 747 958 in
762 897 865 974 SyrIa,
887 898 1016 972 gemmis
1036 907 1121 961 erant

103 990 244 1051 distIncta
256 983 441 1050 clarIssimis.
461 983 534 1042 Erat
547 980 636 1041 etiam
647 998 702 1041 vas
715 979 864 1041 vinarium
879 996 918 1039 ex
929 998 990 1041 una
1003 998 1121 1056 gemma

102 1070 280 1148 pergrandi,
303 1069 390 1129 trulla
410 1072 570 1134 excavata,
594 1062 752 1123 manubrio
771 1068 883 1124 aureae
906 1064 946 1123 de
967 1081 1031 1138 qua
1047 1066 1120 1125 satir

103 1156 195 1215 credo
215 1152 374 1221 idoneum,
394 1147 468 1208 satis
493 1162 616 1222 gravem
630 1153 752 1219 testem,
769 1146 802 1218 Q.
819 1144 999 1219 Minucium,
1018 1147 1120 1207 dicere

102 1234 240 1297 audistis.
271 1231 321 1293 dt.
352 1231 413 1291 Iste
435 1229 693 1304 unumquodque
717 1245 773 1289 vas
798 1227 830 1289 in
855 1244 968 1289 manus·
989 1244 1120 1301 sumere,

103 1317 241 1386 laudare,
254 1311 364 1373 mirari.
394 1314 460 1372 Rex
474 1314 615 1385 gaudere,
634 1312 765 1387 praetori
781 1310 888 1386 populi
900 1311 1032 1373 Romani
1046 1310 1122 1375 eous

102 1397 265 1459 iucundum
281 1403 312 1457 ct
324 1403 441 1469 gratum
455 1394 528 1455 illud
542 1411 614 1455 esse
624 1392 806 1455 convivium.
823 1394 1037 1469 Posteaquam
1050 1393 1122 1455 inde

104 1479 275 1540 dIscessum
289 1486 350 1550 eat,
367 1477 499 1550 cogitare
515 1476 587 1537 nibil
601 1479 659 1537 iste
679 1475 778 1549 aiud,
802 1477 886 1551 quod
907 1477 976 1551 ipsa
994 1492 1047 1539 res
1069 1478 1120 1537 dc·

104 1561 238 1649 claravit
251 1558 310 1620 nisi
327 1575 417 1635 quem
431 1560 606 1619 admodum
619 1575 722 1634 regern
735 1559 942 1635 exprovincia
958 1559 1121 1635 spoliatum

105 1642 329 1717 expilatumque
345 1640 513 1702 dimitteret
541 1640 629 1703 Mittit
639 1650 778 1716 rogatum
798 1658 875 1701 vasa
887 1657 939 1714 ea,
960 1658 1040 1716 quae
1054 1642 1121 1716 pul·

104 1725 251 1785 cherrima
279 1726 361 1800 apud
381 1739 450 1783 eum
469 1724 599 1783 viderau
620 1726 662 1785 ait
681 1741 716 1785 se
736 1722 800 1785 suis
821 1724 1022 1785 caelatoribus
1040 1724 1122 1783 velle

38 1820 45 1833 ·
104 1808 276 1869 ostendere.
306 1808 386 1876 Rex,
405 1804 457 1880 qui
472 1803 554 1864 illum
570 1823 631 1866 non
645 1815 767 1879 nosset,
787 1807 853 1867 sine
869 1808 930 1867 ulla
944 1804 1121 1881 suspicione

104 1889 301 1961 libentissime
313 1890 405 1949 dedit
435 1886 523 1948 Mittit
536 1887 625 1948 etIam
646 1891 763 1949 trullam
779 1904 946 1961 gemmeam
966 1895 1121 1963 rogatum

104 1974 182 2034 velle
197 1988 232 2033 sc
245 1989 313 2033 eam
324 1970 496 2046 diligentius
511 1970 715 2030 considerare
744 1970 790 2029 Ea
804 1986 927 2045 quoque
941 1970 971 2031 ei
985 1969 1128 2031 mittitur.=

185 2055 318 2114 XXVIII.
350 2054 402 2115 64.
428 2054 511 2113 Nunc
525 2050 682 2126 reliquum,
699 2050 825 2122 iudices,
840 2052 993 2125 attendite,
1005 2054 1047 2113 de
1057 2068 1121 2127 qua

104 2146 136 2197 et
151 2152 207 2195 vos
222 2135 350 2196 audistis
365 2144 396 2195 et
408 2136 542 2210 populus
557 2135 711 2195 Romanus
733 2150 796 2194 non
817 2150 897 2194 nunc
917 2134 1043 2209 primam
1068 2152 1121 2197 au-

105 2217 167 2277 diet
180 2225 211 2275 et
223 2217 254 2276 in
270 2216 567 2277 exterisnationibus
584 2216 736 2290 usquead
752 2215 871 2277 ultimas
888 2224 984 2277 terras
999 2218 1121 2291 pervol-

104 2306 205 2373 gatum
220 2306 276 2358 est
315 2299 531 2359 Candelabrum
548 2297 705 2372 egenonis
719 2298 895 2359 clarIssimis
916 2315 1011 2374 opere
1030 2299 1120 2359 mitu-

102 2379 155 2439 bili
176 2380 357 2454 perlectum,
377 2397 466 2456 reges
489 2381 525 2455 ii,
549 2397 627 2456 quos
652 2380 736 2453 dido,
756 2383 883 2442 Romam
898 2398 991 2456 quum
1005 2382 1121 2443 attulis-

103 2470 186 2533 sent,
200 2471 233 2522 ut
245 2463 276 2520 in
291 2463 435 2537 Capitolio
451 2473 612 2539 ponerent:
629 2466 713 2538 quod
723 2464 856 2524 nondum
869 2466 1036 2540 perlectum
1047 2472 1121 2525 tem·

102 2548 187 2621 plum
216 2543 417 2616 offenderant,
451 2562 551 2620 neque
573 2563 689 2620 ponere
711 2555 875 2623 potuerunt
898 2563 999 2621 neque
1028 2548 1122 2621 vulgo

102 2627 311 2689 ostendereae
325 2628 461 2704 prolerre
476 2630 649 2703 voluerunt,
671 2637 704 2691 ut
722 2636 753 2689 et
772 2628 1014 2702 magnificentius
1032 2629 1121 2691 vide-

102 2720 197 2785 retur,
221 2729 314 2787 quum
334 2727 391 2771 suo
413 2719 549 2785 tempore
568 2712 600 2770 in
621 2713 699 2773 cella
711 2712 793 2772 lovis
809 2711 913 2785 optimi
927 2711 1051 2773 maximi
1064 2729 1121 2787 po·

101 2803 236 2867 neretnr,
252 2802 283 2855 et
297 2792 425 2866 clarius,
448 2810 539 2868 quum
556 2794 725 2869 pulcritudo
741 2795 807 2855 eius
823 2810 930 2855 recens
951 2796 992 2855 ad
1011 2797 1122 2857 oeulos

102 2874 256 2937 homiuum
270 2885 361 2954 atque
374 2876 491 2951 integra
507 2877 686 2952 perveniret
717 2877 889 2939 statuerunt
908 2877 939 2936 id
960 2894 1066 2938 secum
1088 2877 1121 2937 in

102 2954 221 3033 surdam
246 2969 416 3034 reportare,
440 2968 487 3033 ut,
520 2977 613 3034 quum
637 2960 794 3021 audissent
819 2959 1012 3021 slmulacrum
1036 2959 1120 3021 lovis

102 3035 207 3112 optimi
220 3041 339 3103 maximi
357 3042 542 3115 dedicatum,
562 3045 678 3117 legatos
690 3043 854 3115 mitterent,
868 3044 919 3117 qui
935 3060 1005 3104 cum
1020 3053 1121 3104 caete-

99 3118 144 3181 ris
157 3120 248 3181 rebus
261 3120 335 3183 illud
348 3141 472 3200 quoque
487 3124 628 3186 eximium
644 3141 681 3186 ac
700 3125 933 3200 pulcherrimum
947 3127 1061 3188 donum
1088 3125 1122 3185 in

101 3200 279 3279 capitolium
299 3207 459 3269 adferrent.
496 3208 637 3268 Pervenit
659 3224 708 3269 res
729 3209 768 3268 ad
788 3207 876 3269 istius
890 3225 997 3281 aures,
1011 3207 1120 3268 nescio

100 3302 161 3360 quo
183 3286 283 3345 modo.
318 3286 392 3347 Nam
413 3306 469 3349 rex
483 3291 610 3353 celatum
622 3292 772 3363 voluerat,
798 3307 858 3350 non
874 3308 935 3365 quo
948 3290 1120 3366 quidquam

97 3375 245 3433 metueret
258 3375 309 3431 aut
328 3372 546 3447 suspicaretur,
569 3374 624 3435 sed
644 3380 676 3434 ut
696 3389 734 3433 ne
755 3373 837 3435 multi
856 3373 930 3434 illud
952 3381 1024 3434 ante
1048 3388 1121 3449 per-
