2340 3788
252 234 261 247 .
346 198 428 258 CAP.
450 206 582 262 δτι-31.
603 206 629 267 s.
652 209 819 264 1oo-1oe
1054 206 1096 271 20

63 368 122 413 res
153 363 324 425 permagna
350 346 458 422 agitur.¹
500 349 594 410 Multa
622 352 784 423 scelerate,
807 354 900 413 multa
926 327 1095 427 audaciter,

62 436 164 495 multa
175 431 318 506 improbe
329 429 442 491 iecisti=
455 448 550 492 unum
563 429 748 503 studtissime
765 435 902 507 proiecto
915 443 967 496 tua
977 443 1096 511 sponte,

62 534 129 579 non
142 516 186 575 de
196 512 300 573 Erucii
314 512 477 579 sententia:
496 513 569 573 nihil
581 531 661 589 opus
672 513 728 574 iuit
737 522 767 575 te
776 514 844 576 istic
855 519 981 589 sedere;
994 536 1096 594 neque

62 599 150 661 enim
161 604 346 658 accusatore
357 604 438 656 muto
454 612 553 671 neque
565 603 643 657 teste
655 595 817 671 quisquam
828 599 918 660 utitur
930 616 978 673 eo,
993 601 1045 677 qui
1056 603 1096 663 de

62 677 264 744 accusatoris
275 679 422 740 subsellio
435 679 540 755 surgit.
572 681 638 739 Huc
648 679 775 752 accedit
788 681 872 754 quod
882 685 983 756 paullo
996 692 1095 745 tamen

62 764 221 828 occultior
232 769 324 836 atque
336 762 443 823 tectior
452 770 556 823 vestra
568 763 627 823 ista
641 761 791 837 cupiditas
811 772 903 824 esset.
923 765 1007 825 Nune
1024 766 1097 840 quid

62 846 220 922 estquod
242 845 405 920 quisquam
425 862 465 906 ex
486 845 575 907 vobis
593 845 698 906 audire
713 845 881 918 desideret,
905 863 997 921 quum
1018 865 1096 922 quae

67 930 171 993 tacitis
183 928 254 989 eius
266 929 349 988 modi
361 927 429 1000 sint,
443 930 729 1004 uteadeditaopera
740 927 856 991 anobis
866 937 1097 991 contravosmet

67 1013 158 1091 ipsos
169 1014 277 1071 lacere
286 1009 472 1071 videamini?
484 1008 554 1072 105.
568 1015 635 1088 Age
642 1028 723 1073 nunc
729 1011 955 1085 illavidearnus,
968 1011 1095 1085 iudices,

72 1112 151 1173 quae
162 1093 266 1157 statim
278 1101 444 1154 consecuta
454 1102 532 1154 sunt.
548 1097 597 1154 Ad
610 1097 785 1155 Volaterras
795 1094 825 1154 in
837 1104 938 1157 castre
948 1095 983 1154 L.
994 1093 1097 1155 Sullae

72 1195 154 1241 nors
165 1177 240 1238 Sex.
254 1176 359 1237 Roscii
372 1177 556 1252 quadriduo,
574 1195 636 1253 quo
647 1178 674 1238 is
687 1179 809 1239 occisus
819 1187 876 1253 est,
894 1179 1094 1255 Chrysogono

63 1260 243 1341 ,tunciqtun
260 1259 405 1319 XXXVII.
424 1261 581 1335 Quaeritur
591 1261 681 1322 otiam
691 1278 771 1322 nunc
786 1262 935 1337 quiscum
954 1260 1096 1325 nuncium

76 1344 213 1407 nisemtl
227 1343 333 1403 Nonne
343 1344 539 1419 perspicuum
550 1353 598 1405 est
610 1346 749 1406 eumdem
762 1347 813 1420 qui
823 1345 997 1405 Ameriamt
1006 1344 1096 1405 Curat

78 1428 294 1505 chrysogonus
304 1435 338 1487 ut
347 1427 639 1489 eiusbonaveneant
650 1428 758 1501 statim,
772 1428 892 1503 quinon
904 1437 990 1488 norat
999 1428 1094 1488 homi-

78 1526 141 1572 nem
152 1518 289 1570 autrem.
310 1512 351 1570 At
362 1509 414 1584 qui
427 1511 456 1570 ei
468 1510 550 1572 venit
559 1510 589 1570 in
601 1519 730 1572 mentam
741 1511 867 1586 praedia
875 1511 1094 1586 concupiscere

79 1592 206 1655 luminis
227 1591 335 1667 ignoti,
353 1609 444 1668 quem
472 1593 594 1655 omnino
621 1611 784 1669 numquam
804 1594 941 1655 viderat?
973 1594 1104 1674 Soletis,

63 1692 166 1755 ¹cyrrum
179 1675 294 1749 aliquid
306 1674 435 1736 huiusce
446 1676 529 1736 modi
543 1677 663 1749 auditis,
676 1677 803 1750 iudices,
821 1677 963 1738 continuo
976 1677 1093 1737 dicore:

78 1756 208 1821 lacesse
225 1766 273 1818 est
288 1756 419 1831 aliquem
435 1757 552 1818 dixisse
567 1759 748 1833 municipem
763 1768 816 1820 aut
832 1759 978 1819 vicinum:
994 1758 1016 1817 ii
1032 1760 1094 1833 ple·

79 1854 203 1918 rumque
218 1840 369 1899 indicant=
385 1855 511 1913 percos
527 1840 665 1913 plerique
681 1842 857 1913 produntur.
888 1841 944 1900 Hic
960 1840 1033 1900 nihil
1048 1850 1096 1900 est

80 1925 157 2001 quod
172 1921 384 1995 suspiciosum
401 1920 460 1981 hoe
477 1920 600 1995 putetis.
634 1921 703 1983 100.
724 1922 790 1982 Non
808 1923 887 1980 enirn
903 1937 961 1994 ego
976 1921 1018 1981 ita
1034 1921 1095 1983 dis·

79 2008 205 2083 putabo:
223 2003 296 2063 Veri
313 2003 409 2064 simile
425 2013 473 2065 est
482 2002 613 2064 Roscios
629 2005 718 2065 istam
732 2021 797 2064 rem
807 2005 848 2063 ad
865 2003 1096 2081 Chrysogonum

80 2089 239 2158 detulisse3
257 2086 411 2147 eratenim
423 2087 468 2147 eis
485 2104 554 2148 oum
566 2088 764 2166 Chrysogono
779 2087 838 2148 iam
849 2095 938 2148 antea
948 2085 1093 2157 amicitia

79 2188 141 2233 uum
159 2187 252 2246 quum
270 2172 380 2231 multos
402 2179 521 2232 veteres
538 2188 557 2230 a
572 2171 737 2233 maioribus
752 2170 858 2233 Roscii
878 2179 1024 2246 patronos
1040 2171 1095 2231 ho·
1159 2236 1166 2247 ‚

81 2256 235 2330 opitcsque
251 2253 410 2327 haberent,
434 2270 540 2315 omnes
562 2272 617 2316 eos
635 2256 736 2316 colere
752 2264 844 2330 atquo
860 2255 1024 2319 observare
1042 2256 1095 2315 de·

62 2337 215 2409 ‚suarum
236 2352 272 2396 ae
296 2354 330 2398 se
350 2339 381 2396 in
400 2337 588 2414 Chrysogoni
610 2339 703 2400 fidem
725 2346 755 2398 et
776 2338 944 2399 clientelam
959 2339 1093 2399 contule·

80 2429 180 2503 runt„
202 2417 272 2482 107.
296 2421 379 2483 ilaec
406 2436 533 2496 possum
556 2422 657 2482 omnia
681 2438 753 2483 vere
774 2422 890 2494 dicere,
914 2422 970 2482 sed
991 2421 1021 2481 in
1037 2420 1094 2479 hac

80 2516 169 2564 musa
182 2502 356 2564 coniectura
372 2503 445 2564 nihil
462 2520 542 2577 opus
555 2512 611 2564 est.
632 2506 722 2580 Ipsos
736 2512 819 2566 certo
833 2504 898 2566 scio
911 2521 972 2565 non
983 2517 1096 2576 negare

83 2586 208 2646 adhaec
224 2587 306 2646 bona
323 2586 554 2664 Chrysogonum
565 2589 737 2648 accessisse
748 2589 880 2663 impulsu
891 2605 957 2647 suo.
974 2585 1007 2644 Si
1016 2599 1094 2654 eum,

83 2668 130 2743 qui
142 2668 246 2729 indicii
261 2678 379 2745 partem
397 2669 558 2743 acceperit,
578 2671 674 2730 oculis
691 2673 829 2742 cernetis
846 2667 1024 2745 poteritisne
1040 2665 1094 2725 du-

83 2749 186 2826 bitare,
207 2751 338 2824 iudices,
361 2753 414 2827 qui
429 2750 589 2813 indicarit?
609 2753 664 2826 Qui
680 2762 750 2814 sunt
765 2753 854 2827 igitur
867 2752 898 2810 in
915 2749 981 2809 istis
996 2746 1095 2822 bonis,

84 2833 189 2907 quibus
204 2845 319 2910 partem
330 2835 549 2911 Chrysogonus
561 2835 697 2896 dederit?
711 2837 778 2896 Duo
793 2833 907 2894 Roscii.
924 2832 999 2892 Num
1012 2831 1094 2905 quis·

85 2934 170 2991 quam
185 2926 362 2993 praetereat
378 2920 472 2980 Nemo
490 2927 546 2992 est,
563 2918 691 2978 iudices.
728 2920 804 2978 Num
820 2931 892 2988 ergo
910 2915 1032 2975 dubium
1040 2924 1094 2976 ,est

85 3001 149 3072 quin
166 3000 187 3060 ii
204 3002 364 3062 obtulerint
381 3003 459 3062 hanc
474 3003 618 3077 praedam
631 3001 840 3077 Chrysogono,
859 2997 910 3071 qui
926 2999 964 3059 ab
975 3016 1011 3061 eo
1025 3016 1093 3074 par·

84 3088 138 3143 tem
158 3086 290 3158 praedae
316 3086 468 3145 tuleruntt
513 3084 582 3147 108.
610 3086 677 3159 Age
693 3099 773 3143 nunc
791 3098 831 3141 ex
851 3080 948 3156 ipsius
963 3083 1093 3160 Chryso-

84 3168 149 3237 goni
164 3166 276 3227 iudioio
287 3168 467 3229 Rosciorum
481 3169 590 3229 lactum
605 3167 842 3247 consideremus.
864 3164 896 3225 Si
907 3166 979 3228 nihil
994 3166 1025 3226 in
1036 3167 1095 3225 ista

84 3262 180 3324 pugne
193 3251 297 3311 Roscii
318 3252 401 3326 quod
417 3266 528 3325 operae
545 3250 678 3326 precium
694 3258 778 3310 esset
792 3251 932 3325 fecerant,
950 3266 1040 3325 quam
1055 3247 1094 3306 ob

85 3344 234 3392 eausama
251 3334 449 3411 Chrysogono
472 3335 562 3394 tantis
579 3333 719 3408 praemiis
736 3333 943 3393 donabantur?
975 3331 1008 3390 Si
1022 3328 1095 3387 nihil

85 3414 160 3476 atiud
177 3417 320 3491 lecerunt,
336 3415 396 3477 nisi
413 3433 476 3476 rem
491 3418 674 3489 detulerunt,
697 3433 798 3477 nonne
814 3416 888 3477 satis
905 3416 961 3476 luit
974 3413 1013 3473 iis
1028 3427 1096 3488 gra-
