2340 3788
364 216 445 277 otu.
468 222 596 281 rto-or.
620 222 647 285 t.
663 223 824 281 rur—rar.
1043 218 1092 287 oa

53 382 213 437 summam
229 382 301 427 esse
315 366 509 439 arbitrantur,
525 365 632 427 referri
645 366 675 426 in
692 367 810 429 tabulas
826 367 973 443 publicas,
988 368 1091 443 precio

55 452 225 513 adductam
244 448 396 511 civitatem
411 458 442 511 et
454 449 559 525 precio
580 465 693 524 parvo,
718 465 770 522 ea,
796 467 874 524 quae
888 452 1093 526 accepisseta

54 532 239 604 maioribus,
250 531 428 594 vendidisse
436 542 528 608 atque
535 532 738 592 abalienasse.
753 533 870 593 Etenim
880 534 1049 594 mirandum
1060 534 1092 596 in

55 618 185 685 modum
202 614 309 675 Graeci
328 617 421 676 rebus
442 615 524 688 istis,
543 631 620 690 quas
642 614 877 688 contemnimus,
896 617 1091 678 delectantur.

56 701 169 777 ltaque
182 697 314 758 maiores
326 698 422 759 nostri
438 697 526 759 facile
537 697 737 773 patiebantur,
754 698 830 757 haec
842 714 911 758 esse
926 700 1008 773 apud
1021 701 1091 761 iilos

59 798 156 859 quam
169 780 313 857 plurimu:
336 783 419 856 apud
435 780 553 852 socios,
575 789 608 842 ut
627 780 754 856 imperio
776 789 881 841 nostro
900 797 990 855 quam
1004 799 1092 843 orna·

57 864 171 929 tissimi
185 863 457 939 florentissimique
470 872 588 935 essent,
605 866 687 939 apud
702 879 757 925 eos
773 872 888 936 autem,
907 880 987 937 quos
999 866 1091 924 vecti-

57 950 146 1025 gales
160 955 214 1008 aut
226 946 442 1022 stipendiarios
457 948 607 1020 fecerant,
621 954 721 1007 tauma
736 947 813 1007 haec
825 946 1045 1020 relinquebant,
1059 955 1094 1008 ut

57 1030 118 1105 iili,
145 1030 257 1106 quibus
280 1031 358 1090 haec
378 1030 511 1090 iucunda
530 1039 616 1105 sunt,
638 1046 716 1105 quae
737 1031 827 1091 nobis
844 1029 924 1089 levia
942 1028 1090 1101 videntur,

58 1116 210 1176 haberent
224 1113 301 1173 haee
318 1114 539 1174 obiectamenta
553 1122 583 1174 et
604 1113 719 1174 solacia
735 1114 898 1174 servitutis.
921 1110 992 1172 135.
1015 1112 1092 1185 Quid

58 1196 246 1259 arbitramini
266 1195 437 1271 Rheginos,
460 1196 513 1272 qui
533 1196 593 1257 iam
615 1196 699 1257 cives
718 1195 847 1257 Romani
870 1204 956 1268 sunt,
977 1211 1093 1255 merere

59 1282 158 1354 veile,
178 1288 211 1340 ut
226 1280 317 1340 abiis
332 1296 500 1341 maunorea
514 1281 619 1340 Venus
633 1281 684 1339 iiia
698 1281 871 1341 auferatur?
892 1278 966 1354 quid
982 1279 1092 1339 Taren·

12 1376 18 1395 ‘
58 1364 156 1435 tinas,
175 1371 208 1423 ut
221 1364 374 1437 Europam
388 1364 419 1423 in
433 1372 521 1424 tauro
536 1363 693 1424 amittant?
713 1372 746 1425 ut
761 1363 917 1439 Satyrum,
941 1364 993 1437 qui
1009 1363 1092 1437 apud

58 1448 130 1507 ilios
152 1446 183 1506 in
205 1448 282 1507 aede
295 1447 410 1508 Vestae
431 1454 499 1508 est?
519 1454 553 1507 ut
572 1453 713 1508 caeterae
731 1446 1037 1521 quid-Thespieuses,
1058 1453 1092 1505 ut

59 1527 219 1605 Cupidinis
241 1529 374 1604 signnm,
396 1537 523 1606 propter
544 1532 629 1604 quod
647 1547 740 1590 unum
761 1530 899 1590 visuntur
920 1529 1093 1603 Thespiaca

60 1611 275 1687 quianidios,
287 1615 478 1673 utVenerem
485 1620 705 1673 marmoream?
719 1613 801 1687 qnid,
813 1623 846 1673 nt
858 1612 979 1687 pictam,
991 1612 1092 1671 Coos?

60 1694 136 1771 quid
149 1694 317 1769 Ephesios,
328 1704 362 1755 ut
375 1695 605 1754 Alexandrum?
627 1694 701 1768 quid
715 1693 900 1770 Cyzicenos,
920 1703 954 1754 ut
966 1694 1091 1753 Aiacem

60 1785 113 1841 out
124 1776 289 1837 Medeam?
304 1779 378 1850 quid
390 1776 545 1846 Rhodios,
567 1784 601 1836 ut
614 1777 769 1852 Ialysum?
791 1778 864 1850 qnid
878 1776 1092 1846 Athenienses

59 1868 94 1923 ut
106 1876 151 1921 ex
162 1873 313 1916 marmore
323 1855 467 1917 iacchum
482 1863 534 1915 aut
546 1856 684 1916 Paratum
700 1857 813 1930 pictum
827 1865 879 1916 aut
890 1872 928 1914 ex
943 1872 1013 1915 aere
1025 1857 1091 1931 My-

59 1943 147 2005 ronis
162 1937 326 1998 buculam?
345 1939 484 2010 Longum
501 1945 549 1997 est
569 1945 599 1998 et
613 1954 673 1999 non
688 1937 896 1998 necessarium
911 1953 1092 1997 commemo-

59 2041 144 2096 rare,
165 2037 244 2096 quae
261 2021 343 2097 apud
358 2037 500 2097 quosque
514 2019 642 2082 visenda
658 2028 729 2082 sunt
742 2027 806 2081 tota
816 2021 891 2080 Asia
908 2029 938 2081 ct
951 2019 1091 2081 Graecia:

60 2122 166 2175 verum
182 2103 256 2165 iuud
276 2112 324 2166 est
348 2121 438 2180 quam
454 2103 494 2164 ob
510 2120 574 2164 rem
586 2103 662 2165 haec
677 2119 925 2177 commemorem,
941 2103 1024 2181 quod
1039 2119 1092 2163 ex·

59 2189 196 2251 iutimare
218 2187 277 2247 hoc
299 2205 356 2249 vos
379 2189 466 2261 voto,
492 2189 599 2249 mirum
621 2189 783 2264 quemdam
800 2187 937 2248 dolorem
951 2188 1091 2261 accipere

61 2288 133 2345 eos,
157 2288 198 2332 ex
213 2286 344 2347 qnorum
359 2271 485 2332 urbibus
503 2270 579 2333 haec
594 2274 780 2333 auferantur.

145 2355 220 2413 LXI.
249 2352 320 2416 136.
348 2357 451 2429 Atque
472 2362 505 2415 ut
525 2364 663 2416 caeteros
679 2354 866 2427 omittamus,
881 2354 920 2413 de
939 2351 1018 2429 ipsis
1032 2351 1090 2429 Sy-

61 2437 220 2499 racusanis
238 2437 430 2512 cognoscite:
452 2439 492 2495 ad
508 2454 587 2511 quos
602 2455 659 2512 ego
676 2454 769 2514 quum
783 2436 953 2510 venissem,
967 2436 1012 2496 sic
1031 2435 1090 2509 pri·

62 2536 144 2581 mum
163 2518 391 2593 existimabam,
415 2527 449 2587 ut
467 2519 583 2579 Romae
605 2538 645 2581 ex
664 2522 753 2582 istius
774 2519 879 2581 amicis
902 2533 1089 2593 acceperam,

62 2603 214 2665 civitatem
226 2603 452 2681 Syracusanam
467 2610 593 2676 propter
605 2604 737 2665 Heraclii
751 2604 948 2665 hereditatem
964 2616 1025 2659 non
1037 2599 1090 2657 mi·

62 2704 121 2748 uus
136 2703 207 2747 esse
222 2686 272 2748 isti
287 2688 424 2759 amicam,
440 2701 532 2760 quam
548 2685 754 2748 Mamertinam
769 2695 894 2763 propter
909 2682 1091 2756 praedarum

61 2786 98 2831 ac
114 2770 263 2831 tuncrum
278 2769 410 2831 omnium
428 2767 618 2829 societatem:
641 2769 730 2831 simul
745 2778 775 2830 et
789 2767 919 2829 verebar
934 2780 973 2823 ne
986 2765 1090 2823 mutie-

62 2870 129 2913 mm
140 2853 287 2914 nobiiium
302 2862 332 2914 et
347 2854 550 2915 formosarum
564 2851 669 2926 gratia,
685 2868 813 2928 quarum
827 2850 886 2909 iste
900 2845 1022 2908 arbitrio
1036 2863 1090 2921 per

62 2936 223 2999 triennium
240 2943 413 3011 praeturam
427 2943 585 3009 gesserat,¹
596 2935 805 3009 virorumque,
828 2930 1007 3005 quibuscum
1020 2929 1089 2990 iliae

61 3025 175 3093 nuptae
190 3027 284 3093 erant,
301 3019 393 3078 nimia
405 3018 437 3077 in
451 3017 541 3078 istum
557 3035 617 3079 nou
632 3019 723 3077 modo
740 3013 913 3086 lenitudine,
929 3013 1088 3075 sedetiam

60 3100 242 3163 liberalitate
263 3117 472 3177 oppugnarer,
494 3102 520 3160 si
542 3101 675 3175 quidex
697 3099 802 3160 litteris
826 3097 1088 3172 Syracusanorum

60 3184 286 3260 conquirerem.
316 3181 385 3247 137.
417 3186 522 3259 ltaque
538 3184 702 3262 Syracusis
726 3198 794 3242 cum
813 3180 929 3241 civibus
942 3179 1088 3242 Romanis

60 3284 161 3329 eram:
186 3284 292 3328 eorum
317 3269 434 3328 tabutas
461 3267 671 3342 exquirebam,
697 3265 823 3326 iniurias
848 3265 1087 3339 cognoscebam:

62 3346 158 3425 quum
180 3350 293 3411 diutius
311 3351 342 3411 in
361 3351 490 3425 negocio
512 3367 645 3423 curaque
660 3351 789 3420 fueram,
810 3355 844 3408 ut
862 3347 1088 3421 requiescerem

61 3450 231 3509 curamque
246 3434 337 3496 animi
359 3431 556 3509 remitterem,
570 3434 611 3494 ad
633 3431 794 3510 Carpinatii
807 3432 979 3508 praeclaras
1000 3426 1085 3488 tabu·
