2340 3788
73 181 159 253 ou
323 177 400 241 ruo
413 180 446 238 r.
460 178 581 245 numo
596 176 743 241 mnouu
757 178 913 241 omno.
956 232 959 237 .
1055 154 1059 161 ’

95 333 140 399 dit
152 332 194 393 ll.
215 330 346 403 lloralil,
362 326 519 391 loltisaimi
533 327 605 403 riri,
619 329 673 405 qui
686 330 821 391 nondum
836 328 942 392 libenc-
953 330 1088 397 civitate
1097 342 1126 398 le

93 432 166 479 meu
181 413 288 490 populi
301 411 432 475 Romani
448 410 741 473 comitiis-libemus
754 421 818 488 cst,
841 429 941 489 quatu
963 430 1032 495 aare
1053 434 1127 480 marr

96 512 236 561 sororem
248 512 323 558 csse
336 495 525 557 interfectam
539 494 693 556 toleretur.
717 494 749 557 8.
764 499 814 559 An
827 503 877 556 est
893 496 1079 573 quicquam
1092 500 1128 578 qi

95 580 157 643 boc
170 581 304 655 maeret,
326 594 422 654 quum
440 576 480 637 da
494 575 617 639 bomine
629 576 736 645 occiso
748 585 933 652 quaeratur,
956 589 1017 642 aut
1037 582 1129 660 negari

96 665 198 725 solere
212 660 335 722 omniuo
348 676 420 722 asse
440 661 552 721 lactum
565 668 620 721 aut
632 668 715 723 reete
726 675 764 721 ac
778 659 844 724 iure
857 661 979 723 tamum
997 680 1081 743 esse
1092 667 1129 729 de

95 746 201 807 iendil
222 742 288 805 Nisi
306 758 381 804 vero
396 741 576 803 existimatis
598 743 768 804 dementem
781 742 813 802 P.
826 743 1019 807 Airioenum
1034 749 1131 819 fulcro

98 827 151 907 qui
169 843 261 904 quom
284 826 347 887 oc.
361 826 497 899 carbone
517 825 636 889 lubuno
651 825 750 900 plebis
765 825 917 887 -sedilioso
933 826 970 888 iu
992 832 1132 893 condono
1154 902 1157 907 ,

95 912 333 986 interrogaretur
349 907 424 985 quid
438 907 478 969 de
492 907 536 967 Ti.
552 908 680 968 Gracchi
696 916 796 971 morte
808 907 947 984 sandrat,
961 916 1132 989 responde

95 994 135 1056 rit
155 992 221 1054 iure
242 1008 369 1055 caesum
386 990 514 1056 rideri,
536 991 644 1066 lisque
667 989 748 1051 enim
770 994 879 1066 posset
899 1000 955 1055 aut
969 995 1133 1059 Ahalaillo

97 1074 244 1139 Servilius
261 1083 314 1137 aut
326 1074 359 1135 Ρ.
369 1073 480 1135 Nasica
492 1083 545 1136 aut
555 1074 591 1149 L.
608 1072 745 1148 Opimius
765 1081 819 1135 aut
831 1075 863 1135 0.
877 1073 1001 1138 Marius
1022 1089 1082 1142 aut
1094 1095 1133 1141 mc

97 1160 224 1222 consule
239 1166 364 1219 senatur
379 1155 723 1229 non-nelariusbuberi,
746 1157 773 1217 si
794 1158 967 1220 sceleratos
991 1160 1086 1225 cives
1095 1164 1154 1223 iu·-

89 1241 195 1305 -tordci
210 1241 298 1301 nelos
311 1247 405 1301 esset
431 1241 537 1315 ltaque
549 1240 619 1314 boc,
632 1239 759 1313 iudices,
774 1241 915 1304 nonsine
928 1257 1037 1305 causa
1051 1246 1133 1309 mmm
1156 1290 1162 1299 .

96 1322 177 1385 lictis
193 1323 304 1385 tabulis
317 1320 486 1383 doctissimi
496 1322 634 1398 bomines
646 1322 810 1384 memoriae
825 1321 1049 1401 prodiderunt,
1062 1345 1133 1401 eam,

98 1406 151 1483 qai
170 1404 266 1481 patria
284 1403 453 1467 ulciscendi
473 1420 568 1465 causa
581 1412 706 1465 mamam
719 1405 907 1480 neronizant,
927 1408 1066 1472 variatis
1087 1411 1132 1473 lto

96 1488 211 1551 minum
224 1486 389 1548 sententiis
397 1503 458 1549 non
473 1489 572 1549 solum
582 1489 693 1559 divina,
706 1489 769 1549 sed
784 1487 872 1550 etiam
883 1489 1133 1567 sapientissimae
1160 1492 1163 1497 '

98 1571 176 1631 deae
189 1567 341 1632 sententia
353 1569 521 1631 liberatum.
569 1570 599 1632 ll.
615 1569 703 1645 Quod
714 1571 740 1631 si
755 1572 918 1632 duodecim
932 1574 1130 1637 tabulae-no

98 1659 238 1715 eternum
252 1654 349 1714 iurem
364 1655 605 1728 quoquomodo,
623 1653 763 1715 murnum
778 1663 889 1726 autem,
903 1653 931 1715 si
943 1666 989 1718 'se
1000 1660 1069 1719 telo
1085 1660 1131 1721 de

96 1736 249 1809 tenderet,
269 1736 398 1798 interfici
414 1737 539 1813 impune
557 1738 733 1810 uoluerunt,
756 1741 824 1812 quis
843 1743 891 1799 est
907 1737 981 1813 qul,
995 1757 1128 1817 ›quoqoo

96 1820 190 1882 modo
202 1819 272 1896 quis
282 1820 459 1881 interiectus
471 1822 518 1894 sit,
533 1821 737 1897 poeniendum
747 1829 841 1895 putet,
857 1836 951 1895 quum
962 1816 1075 1888 videat
1084 1824 1130 1887 ali·

98 1896 221 1979 quando
232 1902 366 1979 gladium
380 1902 470 1965 nobie
480 1905 521 1964 ad
534 1904 685 1965 bominem
702 1902 900 1964 occidendum
913 1904 952 1964 ab
963 1903 1051 1980 ipsis
1066 1923 1130 1983 por·

96 1986 153 2060 rigi
168 1985 310 2061 legibust
326 1987 377 2045 IV.
392 1986 485 2060 Atqui
499 1984 526 2046 si
540 1995 662 2061 tempus
675 1988 829 2046 est‘ullum
840 1986 906 2048 iure
928 1986 1070 2051 bominis
1085 2006 1130 2051 ne

97 2069 196 2140 candi,
212 2085 291 2142 quae
305 2069 397 2129 multa
411 2078 489 2142 sunt,
505 2078 587 2129 certe
600 2069 675 2128 illud
689 2077 736 2129 est
751 2085 812 2129 nou
828 2069 920 2129 modo
938 2068 1069 2144 iustum,
1084 2090 1129 2132 ve

95 2167 162 2210 rum
181 2151 270 2210 etiam
285 2151 507 2224 necessarium,
530 2169 620 2226 quum
636 2151 666 2210 vi
679 2151 727 2212 vis
742 2151 823 2212 illata
840 2152 1029 2215 detenditur.
1047 2155 1131 2217 Pudi·

97 2231 197 2291 citiam
222 2250 314 2308 quum
333 2235 463 2308 eriperet
482 2233 566 2294 militi
582 2234 719 2295 tribunus
740 2234 874 2295 militaris
891 2234 921 2294 in
942 2239 1089 2299 exercitu
1104 2238 1131 2297 c.

95 2310 192 2385 Marii,
209 2317 401 2391 propinquus
416 2317 484 2378 eius
498 2317 698 2392 imperatoris,
713 2317 888 2378 interiectus
900 2317 939 2376 ab
952 2333 993 2379 eo
1012 2331 1072 2394 est,
1088 2318 1133 2382 cui

96 2396 160 2455 vim
183 2397 349 2459 adferebat.
391 2400 505 2460 Facere
523 2401 603 2459 enim
623 2401 741 2474 probus
756 2401 937 2461 adolescens
955 2402 1133 2475 periculose

98 2493 188 2555 quam
208 2481 327 2555 perpeti
347 2484 472 2558 turpiter
486 2481 598 2543 maluit.
640 2485 743 2558 Atque
765 2483 846 2548 bunc
864 2483 914 2543 ille
928 2498 1077 2547 summus
1093 2487 1134 2546 vir

97 2557 214 2623 scelere
235 2565 365 2625 solutum
387 2566 523 2640 periculo
544 2565 691 2626 liberavit.
736 2564 786 2627 10.
807 2565 981 2626 insidiatori
1006 2586 1087 2631 vero
1107 2577 1135 2629 et

96 2645 205 2706 latroni
218 2663 296 2721 quae
311 2656 413 2722 potest
424 2647 526 2722 inlerrl
538 2647 650 2708 iniusta
661 2656 742 2708 next
758 2648 836 2722 Quid
849 2647 1013 2710 comitatus
1028 2651 1135 2723 nostri,

97 2727 170 2802 quid
185 2729 277 2802 gladii
296 2732 420 2791 volunt?
436 2747 515 2805 quos
530 2730 644 2792 babere
657 2741 740 2792 certe
755 2748 816 2791 non
833 2732 952 2805 liceret,
967 2734 996 2790 si
1016 2734 1064 2795 uti
1077 2734 1136 2794 illis

95 2810 178 2870 nullo
195 2820 284 2886 pacto
299 2810 412 2872 liceret.
437 2813 494 2873 Est
507 2813 596 2887 igitur
607 2814 694 2885 baec,
710 2815 837 2887 iudices,
851 2831 913 2874 non
930 2813 1065 2890 scripta,
1081 2817 1136 2878 sed

95 2900 166 2952 nata
180 2896 239 2966 lex,
252 2912 345 2969 quarn
359 2911 420 2955 non
432 2894 603 2971 didicimus,
616 2896 801 2971 accepimus,
817 2898 954 2971 legimus,
969 2913 1086 2960 verum
1098 2914 1136 2959 ert

95 2982 202 3035 natura
223 2978 292 3052 ipsa
312 2976 519 3053 adripuimus,
538 2979 711 3052 hausimus,
728 2979 953 3055 expressimus,
976 2980 1020 3039 ad
1042 2998 1136 3057 quam

95 3071 158 3115 non
171 3057 278 3133 docti,
289 3061 346 3121 sed
360 3060 447 3135 lacti,
470 3078 532 3122 non
546 3061 686 3134 instituti,
710 3064 765 3122 sed
782 3063 887 3123 imbuti
901 3077 1029 3136 sumus,
1048 3063 1137 3138 ut‚si

41 3212 45 3222 .
94 3137 157 3198 vita
171 3149 276 3201 nostra
290 3142 320 3202 in
336 3144 456 3219 aliquas
469 3143 611 3218 insidias,
636 3147 663 3206 si
680 3144 712 3204 iu
733 3145 794 3205 vim
808 3155 838 3206 et
852 3145 882 3204 in
897 3145 957 3206 tela
971 3153 1027 3206 aut
1043 3148 1137 3208 latro·

95 3237 167 3283 num
189 3230 242 3282 aut
261 3223 450 3289 inimicorum
471 3226 646 3302 incidisset,
675 3228 774 3287 omnis
794 3229 925 3288 honesta
943 3227 1024 3287 ratio
1050 3237 1139 3293 esset

96 3303 309 3381 expediendae
330 3309 446 3370 solutis.
489 3309 586 3371 silent
608 3309 688 3370 enim
711 3311 796 3383 leges
816 3310 894 3370 inter
915 3326 999 3370 anna
1020 3328 1087 3373 nec
1102 3328 1139 3374 se

96 3387 270 3463 exspectari
281 3389 394 3465 iubent,
412 3393 554 3466 quamsi,
571 3392 624 3469 qui
637 3399 819 3467 exspectare
833 3392 914 3466 velit,
930 3401 1002 3453 ante
1015 3392 1139 3457 iniusta
