2340 3788
239 424 296 463 eum
315 413 416 471 dono,
433 426 461 462 se
480 411 523 461 iliu
541 418 614 460 noete
630 423 681 459 non
698 410 799 472 Romus,
817 415 865 464 sod
882 415 1001 466 imm.

204 513 207 517 *
239 495 287 531 nse
304 478 392 532 luisse.
414 476 499 529 Gieero
516 478 589 528 testis
605 478 741 541 prodemus
757 478 815 530 dieu
829 482 899 533 illum
912 484 1000 534 eodem

240 549 282 598 die
300 548 334 597 ed
351 562 379 597 se
397 547 499 597 domum
512 544 624 603 venissee
643 543 745 595 clodius
758 554 840 598 temen
854 550 998 601 obsolvitur.

241 618 270 678 Q.
289 615 400 666 Oieeroui
417 615 450 665 M.
469 614 540 664 irstri
556 628 588 662 ex
604 621 721 677 praetura
737 614 799 663 Asin
815 618 942 679 provineis
958 620 1002 669 ob-

240 686 323 750 tingit.
342 681 427 732 cicero
443 681 558 732 Clodium
577 681 604 729 iu
615 676 705 731 musio
723 696 800 744 quum
819 684 929 735 erutione
945 700 1002 750 per·
1107 745 1110 749 Ι

217 760 330 819 neten,
353 757 408 799 tum
431 749 589 800 altereatione
611 747 734 814 nmgrt¹
772 751 825 801 Hoo
848 745 913 801 suno
935 753 1002 803 idem

240 820 378 871 orationem
395 832 441 881 pro
459 817 554 867 Anubin
568 819 642 880 pediu
660 815 756 866 babuit.
802 838 805 843 >

185 898 188 904 ·
271 886 408 951 Pompeius
426 886 466 934 111.
485 893 510 934 et
526 885 592 950 prid.
605 883 661 933 llnl.
675 883 728 933 on.
747 885 779 934 de
793 885 945 948 Mithridate,
963 889 1004 938 Ti-

240 969 319 1023 grane
335 953 442 1014 aliisque
459 954 559 1018 regibus
579 953 650 1002 riotis
665 953 818 1017 triumuirum
835 956 897 1020 egit.
913 955 1005 1006 &eser

62 1088 122 1145 ese
170 1088 208 1143 eo
240 1022 574 1153 ῧῖιῖωῗᾙῖἷῧιῗ
592 1021 720 1140 wile
737 1088 853 1141 niueum
868 1091 940 1143 orer
1037 1076 1070 1134 4⁷

305 1126 312 1139 ο
371 1124 379 1143 0
524 1126 531 1150 2
572 1123 580 1138 0
941 1127 947 1141 1

274 1158 347 1209 Initio
365 1158 422 1208 unni
436 1157 523 1208 Gieero
541 1156 631 1215 eileeit,
648 1172 681 1208 ue
696 1157 728 1216 Q.
744 1157 814 1209 lrstri
833 1159 859 1208 in
873 1161 935 1211 Asin
948 1174 1004 1210 sno-

241 1227 377 1278 oederstnr.
412 1222 441 1276 P.
456 1225 558 1276 Clodius
578 1222 704 1275 Gioeronis
720 1223 856 1277 uleiseendi
873 1242 950 1279 oense
961 1229 1004 1277 tri-

240 1295 348 1344 hunnus
366 1295 472 1358 eupidns
490 1293 661 1343 transitionem
678 1292 711 1342 ed
724 1292 823 1357 plebem
836 1295 945 1346 molitur.
964 1295 1004 1346 Gi·

240 1377 298 1412 oero
319 1364 512 1428 eormuutorim
533 1363 673 1411 ronedum
690 1361 730 1410 sni
748 1362 847 1422 seribit3
868 1364 901 1414 de
917 1363 1003 1415 eodm

241 1430 330 1480 librum
347 1429 440 1481 Grueoe
457 1431 576 1494 seriptum
592 1429 656 1489 edit3
676 1429 782 1490 denique
795 1434 886 1494 poemu
900 1431 932 1481 ds
947 1446 1005 1481 oon-

242 1499 326 1549 solutu
342 1499 423 1548 tribus
440 1498 511 1550 libris
528 1498 686 1547 oonseribit.¹

275 1566 327 1617 lloe
343 1581 407 1616 enno
426 1566 459 1618 ed
475 1565 550 1615 flnem
567 1572 685 1630 vergente
701 1564 834 1630 Pompeius
852 1582 909 1617 eum
924 1565 952 1616 G.
966 1567 1006 1616 iu·

242 1634 275 1684 lio
295 1632 402 1683 Oeesme
420 1641 445 1682 et
461 1633 494 1682 M.
513 1633 610 1683 Lieinio
630 1631 721 1682 cresso
739 1636 872 1684 mitterem
888 1634 959 1685 feeit.

80 1703 126 1759 ωδ
170 1696 209 1753 59
244 1700 315 1750 Geso.
351 1701 379 1750 0.
398 1700 477 1749 Iulius
494 1701 599 1758 Gueeur,
620 1699 660 1749 M.
679 1701 826 1761 Calpurnius
842 1700 954 1751 Bibulus.
1040 1685 1074 1742 48

279 1766 365 1816 Gieero
387 1765 536 1830 legationem
558 1767 608 1817 sibi
632 1781 648 1814 s
666 1764 771 1815 Camere
794 1767 902 1819 oblatum
923 1781 1008 1830 esper-

245 1842 333 1893 nutur,
365 1834 482 1896 idemque
503 1833 586 1885 loouni
607 1834 633 1882 in
654 1830 703 1881 XX
719 1833 781 1881 viris
804 1847 866 1896 egro
883 1832 1007 1897 (iunipero

247 1901 384 1953 dividundo
407 1907 513 1951 recuset.
547 1901 622 1960 Quod
646 1898 738 1950 Guesur
760 1915 835 1965 aegre
852 1900 935 1951 terem
954 1898 1008 1948 Glo-

183 1986 186 1991 ·
247 1971 330 2029 dium,
348 1969 391 2032 qui
408 1983 437 2020 se
453 1969 479 2017 Ρ.
502 1969 604 2020 Fonteio
621 1967 721 2033 plebeio
738 1966 833 2019 homiui
851 1969 878 2019 iu
895 1968 1008 2032 adoptio-

245 2053 302 2088 nem
320 2037 430 2097 dederet,
448 2036 481 2088 ed
497 2036 596 2101 plebem
611 2037 744 2087 tredueit.⁸
763 2037 816 2086 Hoo
831 2050 895 2088 anuo
913 2035 940 2087 0.
957 2037 1008 2085 An·

244 2108 335 2164 tonius,
350 2112 408 2170 post
420 2106 527 2157 reditum
542 2121 556 2154 e
569 2106 699 2170 proviuoiu
714 2111 852 2166 economus,
866 2103 1008 2159 sdieeroue

246 2173 396 2225 defenditur.
431 2172 614 2224 Condemnetns
626 2182 711 2225 temen
725 2174 796 2225 exsul
809 2175 860 2224 ubit
872 2175 899 2225 in
913 2173 1008 2239 Cephe-

244 2240 343 2292 lenium.
378 2240 470 2291 Postee
482 2241 566 2292 cinero
580 2242 714 2291 Thermum
730 2239 770 2292 bis
785 2241 897 2292 defendit
915 2242 1009 2293 effecit-

245 2325 308 2374 qne,
327 2316 355 2359 ut
372 2309 549 2361 absolveretur.
585 2309 682 2360 Deinde
700 2310 838 2362 orationem
855 2310 943 2361 hebuit
961 2324 1007 2374 pro

245 2379 278 2428 L.
302 2379 406 2428 Valerio
421 2377 512 2427 maren
535 2392 552 2427 e
573 2376 603 2426 l).
620 2377 706 2427 Leelio
726 2379 920 2442 repetundorum
937 2392 1009 2427 noeu-

245 2454 309 2504 ssto,
326 2460 433 2509 eumque
452 2445 483 2494 de
502 2444 715 2496 manifestissimis
732 2447 879 2497 oriminibns
895 2446 945 2497 ieet
965 2458 1009 2509 op-

246 2515 398 2579 portunitate
415 2513 515 2562 exemit.

270 2581 380 2634 ¹(laesuri
396 2581 500 2639 bonerii,
515 2581 645 2644 rogatione
653 2579 681 2629 P.
691 2580 787 2634 Vatinii
799 2582 857 2632 trib.
867 2579 915 2646 pb,
931 2578 1009 2627 invito

245 2659 348 2710 senatu,
366 2649 447 2700 Gellio
464 2649 564 2699 eiterior
579 2664 635 2697 enm
651 2648 748 2714 lllyrieo
766 2656 791 2699 et
808 2649 888 2699 tribus
905 2645 1011 2710 legioni-

247 2721 294 2770 bus
311 2720 337 2768 in
351 2719 546 2782 quinquennium
561 2716 708 2776 decernitur,
725 2732 775 2780 quo
790 2715 856 2766 ieoto
871 2720 973 2763 senetus
987 2713 1010 2762 ei

247 2786 353 2837 Gruiem
376 2786 519 2836 ulteriorem
535 2798 593 2833 eum
611 2784 660 2834 eliu
678 2783 777 2850 legione
795 2782 874 2833 addit.
908 2781 937 2830 P.
955 2777 1010 2830 Glo-

247 2857 305 2907 dius
327 2856 435 2906 comitiis
455 2853 592 2904 tribuniciis
609 2853 669 2902 trib.
688 2852 722 2917 pi
740 2852 888 2915 designetur
905 2863 1010 2912 eumque

247 2927 399 2976 tribunatum
415 2923 467 2973 edit
486 2935 571 2970 mense
589 2920 728 2971 Decembri.

97 2989 137 3045 096
178 2989 216 3046 58
247 2994 319 3045 Coss.
352 2994 385 3042 L.
402 2992 550 3053 Calpurnius
568 2989 628 3039 Piso
646 2989 806 3046 Caesoninus,
825 2987 860 3037 A.
875 2988 1001 3038 Munius.
1043 2979 1077 3033 49

282 3061 383 3112 Clodius
407 3061 465 3109 trib.
483 3059 518 3124 pl.
537 3059 607 3123 leges
626 3057 682 3107 tulit
703 3057 725 3107 l.
745 3063 772 3104 ut
796 3054 947 3106 frumentum
965 3071 1011 3120 po·

246 3130 306 3194 pulo
325 3131 403 3194 gratis
421 3129 528 3185 duretur,
545 3125 571 3178 2.
589 3141 621 3175 ne
639 3126 695 3187 quis
712 3138 758 3188 per
776 3138 820 3174 eos
838 3125 901 3184 dies,
921 3125 1010 3187 quibus

274 3298 296 3347 1)
310 3291 398 3337 mett.
413 3294 431 3338 l.
447 3293 480 3335 lo.
526 3293 549 3343 2)
563 3291 600 3336 ud.
615 3292 662 3334 Att.
676 3291 695 3334 1.
712 3289 744 3334 ld.
792 3291 813 3343 3)
828 3289 858 3332 de
871 3301 934 3345 pror.
949 3297 1010 3330 cons.

249 3348 281 3393 tr.
296 3347 325 3390 sd
340 3349 384 3390 etr.
400 3347 418 3391 l.
435 3347 467 3390 te.
483 3345 523 3389 cir.
538 3344 618 3386 ibidem
633 3345 659 3388 ll.
677 3342 708 3384 te.
724 3341 761 3389 ΙΧ.
774 3343 797 3388 2·
