2340 3788
115 200 159 267 82
339 196 379 256 IN
393 194 426 255 0.
441 192 605 254 VERREM
619 192 702 251 act.
721 193 757 253 ll.
772 193 845 253 tle.
859 194 911 253 IV.

114 347 192 411 lani:
205 347 244 407 de
256 361 316 421 qua
326 343 428 421 priore
440 342 559 405 actione
570 350 665 403 testes
672 340 774 403 dicere
785 340 929 404 audistisr
941 361 1024 413 nuuc
1033 348 1137 409 ιιιιιιι

113 432 182 503 illa,
198 444 331 505 quaeso,
346 426 447 487 audite
462 434 493 487 et
509 424 676 501 diligenter,
693 423 772 485 sicut
786 424 886 485 adhuc
901 426 1030 501 lecistis,
1044 438 1136 491 utten-

113 514 187 574 dite
210 509 279 572 103
293 511 395 570 Insula
411 517 459 570 est
472 506 583 603 Melita,
597 506 730 580 iudices,
747 506 821 568 satis
835 508 896 569 luto
910 525 929 568 ι
946 473 1054 570 Sicilia
1066 512 1136 573 mari

116 594 355 672 periculosoque
365 590 512 653 diiuncta·
541 590 573 650 in
587 606 649 665 qua
662 597 711 650 est
721 589 829 650 eodem
844 592 966 651 nominc
981 592 1134 687 oppidum,

113 695 177 775 quo
192 679 250 738 iste
267 692 431 751 numquam
445 673 590 733 accessit:
613 673 697 749 quod
713 680 813 733 tamen
833 671 883 733 isti
905 673 1071 736 textrinum
1085 694 1134 753 per

113 760 273 822 triennium
288 760 328 818 ad
341 757 515 819 muliebrem
528 763 644 815 vestem
655 753 874 815 conficiendam
886 756 949 816 luit.
973 758 1023 816 Ab
1035 774 1074 819 eo
1085 776 1133 835 op·

112 844 186 921 pido
202 859 263 904 non
279 839 392 916 longe
384 856 414 898 m
428 837 634 913 promontorio
646 839 747 898 lanum
764 846 812 898 est
824 838 949 899 Iunonis
969 840 1134 916 antiquum²

113 928 198 1003 quod
210 933 293 986 tanta
308 921 454 996 religione
469 935 590 993 semper
606 919 675 991 luit,
699 928 732 980 ut
751 936 812 979 uon
827 922 917 981 modo
936 920 998 981 illis
1015 922 1133 985 Punicis

110 1008 210 1083 bellis,
225 1006 348 1100 quaein
363 1003 410 1072 bis
422 1004 485 1063 lere
499 1001 575 1063 locis
588 1001 686 1061 navali
704 1001 792 1077 copia
806 1011 893 1077 gesta
907 1011 1001 1077 atque
1015 1016 1134 1069 versatu

19 1136 22 1141 ,
112 1090 265 1164 suntsed
281 1084 369 1147 etiam
389 1085 446 1145 hac
464 1086 651 1159 praedonum
669 1085 855 1146 multitudine
889 1102 997 1161 emper
1011 1087 1133 1154 inviola-

111 1185 175 1237 tum
186 1179 385 1242 sanctumque
401 1168 506 1244 luerit
530 1167 606 1242 Quia
622 1167 712 1228 etiam
727 1167 786 1229 hoc
799 1185 847 1228 me
879 1167 963 1229 oriae
981 1172 1132 1245 proditum

93 1258 168 1326 'est
181 1255 281 1313 classe
293 1250 446 1346 quondam
458 1249 640 1311 Masinissae
653 1250 736 1326 regis
751 1251 791 1310 ad
801 1267 871 1311 eum
880 1252 984 1312 locum
994 1256 1130 1330 appulsa⁴

110 1336 298 1412 praelectum
311 1333 427 1407 regium
440 1333 546 1393 dentes
561 1334 722 1408 eburneos,
736 1332 905 1395 incredibili
919 1336 1132 1410 magnitudine,
1168 1401 1170 1416 2

111 1419 214 1479 alano
235 1415 398 1477 sustulisse
415 1424 445 1475 et
468 1433 524 1477 eos
540 1415 570 1475 in
585 1416 719 1476 Africam
737 1424 876 1491 portasse
889 1417 1131 1497 Masinissaeque

110 1502 257 1561 donasse.
285 1500 399 1574 Regem
417 1500 514 1572 primo
529 1493 709 1559 delectatum
726 1515 796 1559 esse
810 1516 951 1561 munere
973 1511 1061 1577 ροιι,
1083 1500 1132 1597 ubi
1163 1554 1168 1563 .

109 1582 247 1645 audisset
259 1582 340 1643 unde
357 1589 475 1655 essent,
491 1581 589 1641 statim
603 1591 702 1641 certos
720 1580 887 1642 homines
879 1599 911 1641 ιιι
925 1582 1132 1659 quinqueremi
1164 1586 1167 1593 '

109 1664 232 1727 misisse
247 1664 299 1740 qui
317 1680 372 1725 eos
383 1665 490 1724 dentes
504 1673 695 1739 reponerent.
715 1665 838 1738 ltaque
831 1682 860 1725 m
876 1664 913 1726 iis
928 1664 1075 1743 scriptum
1087 1667 1131 1729 lit·
1161 1668 1166 1729 ζ

108 1749 182 1811 ιιιιι
196 1746 317 1809 Punicis
331 1746 401 1808 luit:
422 1762 522 1806 nrcrn
536 1747 731 1809 Masrnrssan
745 1763 952 1813 mnanorurnu
966 1765 1131 1823 recurasse,
1160 1808 1164 1813 ,

107 1848 147 1891 nr
162 1847 289 1893 coourrn
303 1846 513 1891 neronrnuoos
532 1846 671 1889 cunnssn.
700 1830 772 1890 Erat
787 1829 1072 1907 praeterea'magna
1085 1830 1130 1893 ιιι
1160 1820 1164 1847 ’

109 1915 222 1989 ιιοιιι,
237 1915 330 1975 multa
342 1921 526 1985 ornamenta,
542 1915 572 1972 in
588 1912 699 1988 quibus
713 1915 864 1973 eburneae
879 1912 1042 1988 Victoriae,
1058 1912 1130 1977 anti·
1156 1974 1170 1999 ÷.

108 2015 172 2072 quo
190 2014 286 2072 opere
302 2013 338 2057 ac
353 2013 471 2058 summa
484 2004 547 2056 arte
562 1997 724 2071 perlectae.
756 1993 826 2057 104.
846 1997 931 2057 llaec
948 1995 1007 2057 iste
1023 1996 1164 2101 omnia?b

108 2096 148 2140 ne
165 2079 265 2140 mullis
286 2096 400 2151 morer,
421 2095 481 2139 uno
502 2077 617 2153 impetu
637 2086 729 2153 atque
749 2095 809 2139 uno
825 2078 936 2141 nuncio
952 2095 1008 2155 per
1023 2050 1164 2183 servos?

106 2159 271 2232 Venerios
287 2178 365 2234 quos
380 2159 446 2222 eius
460 2159 504 2220 rei
520 2176 613 2220 causa
627 2161 756 2234 miserat,
772 2162 904 2222 tollenda
918 2169 1009 2236 alque
1024 2145 1164 2239 aspor-
1166 2239 1170 2244 Ι

107 2242 199 2304 tanda
214 2243 338 2302 curavit
1156 2253 1170 2329 j·

190 2324 307 2389 XLVll
321 2324 379 2385 Pro
395 2324 426 2385 di
439 2324 638 2386 immortales!
655 2341 745 2400 quem
760 2342 817 2401 ego
832 2324 985 2387 hominem
999 2334 1130 2389 accusat
1163 2334 1170 2349 “

108 2422 199 2484 quem
213 2406 331 2480 legibus
346 2416 397 2468 aut
411 2407 542 2467 iudiciali
557 2406 622 2468 iure
637 2415 827 2485 persequort
848 2410 886 2469 de
904 2427 966 2485 quo
985 2426 1043 2471 vos
1064 2426 1130 2471 sen·
1160 2478 1163 2483 ¹

108 2491 232 2552 tentiam
252 2506 307 2563 per
328 2491 468 2549 tabellam
485 2488 610 2550 teretis?
639 2492 749 2552 Dicunt
770 2490 860 2564 legati
878 2492 1057 2555 Melitenses
1075 2510 1130 2568 pu·
1160 2492 1166 2565 ῗ

106 2574 196 2645 bliee,
212 2570 375 2647 spoliatum
387 2574 529 2646 templum
541 2574 757 2634 esselunoors
750 2572 870 2634 mhrl
861 2583 952 2634 rstum
965 2592 998 2635 m
1010 2572 1131 2651 rclrgro·
1165 2575 1170 2599 l

106 2656 229 2717 sissimo
246 2657 316 2714 lano
327 2653 497 2728 reliquisse
511 2673 601 2730 quem
611 2675 642 2717 ιιι
653 2658 752 2718 locum
764 2660 879 2717 classes
891 2656 1024 2719 hostium
1037 2673 1132 2735 saepe
1159 2718 1165 2745 ,-

106 2737 302 2811 accesserint,
316 2737 367 2797 ubi
382 2736 497 2811 piratae
509 2740 572 2798 lere
588 2738 894 2814 quotannishiemare
906 2742 1037 2815 soleant,
1049 2740 1131 2818 quod
1159 2758 1168 2811 ἡ

105 2838 207 2898 neque
221 2822 335 2897 praedo
350 2820 506 2881 violaverit
521 2830 588 2882 ante
603 2838 704 2898 neque
716 2831 857 2898 umquam
872 2820 970 2884 ιιοιιιι
991 2822 1131 2900 adigerit,

105 2903 139 2961 id
153 2906 191 2964 ab
205 2923 266 2966 uno
282 2903 340 2964 isto
359 2903 403 2963 sic
425 2904 585 2979 spoliatum
605 2920 690 2979 esse,
715 2914 748 2966 ut
770 2904 843 2965 nihil
866 2905 988 2967 omnino
1007 2905 1049 2968 sit
1062 2906 1131 2969 reli-
1160 2900 1169 2979 ¹,

73 3046 75 3050 .
106 2994 196 3045 ctum.
215 2987 272 3048 Hic
287 3002 368 3048 nuuc
381 2987 438 3047 iste
452 3003 523 3047 reus
539 2997 590 3048 aut
604 3004 661 3062 ego
676 2996 836 3049 accusator
849 2997 901 3049 aut
915 2988 974 3049 h'oc
985 2988 1131 3050 iudicium
1160 3000 1168 3063 ζ

106 3069 327 3141 appellabiturr
349 3068 527 3130 Criminibus
545 3070 624 3130 enim
639 3070 812 3210 coarguitur
826 3070 878 3132 aut
897 3070 1131 3146 suspicionibus
1161 3082 1164 3101 ²

105 3167 135 3208 m
150 3146 292 3209 ludicrum
307 3160 443 3211 vocatur
464 3151 501 3211 Ili
521 3153 662 3225 ablati,s
661 3170 719 3213 ma
732 3161 857 3226 vexata
884 3154 1017 3215 nudatae
1036 3156 1131 3217 nrbes
1161 3158 1169 3239 j]

104 3229 311 3325 reperiuntur·
332 3248 434 3294 earum
455 3243 554 3294 autem
571 3252 671 3295 rerum
688 3237 800 3297 nullam
814 3234 897 3295 sibi
889 3246 946 3296 rste
968 3253 1072 3313 neque
1085 3238 1130 3296 ιιι
1166 3274 1169 3281 -

104 3313 220 3377 litiandi
239 3312 384 3373 rationem
399 3332 498 3392 neque
516 3317 698 3378 defendendi
719 3320 890 3379 facultatem
905 3319 1043 3394 reliquit.
1066 3335 1129 3381 om·

102 3397 215 3461 nibus
208 3413 237 3458 ιιι
252 3395 343 3456 rebus
359 3398 530 3473 coarguitur
544 3416 562 3458 a
576 3417 632 3475 me,
649 3401 836 3492 convincitur
850 3417 869 3460 a
884 3399 1023 3477 testibus,
1037 3414 1127 3479 urge-
