2340 3788
330 168 412 229 CAP·
429 176 556 231 13-16-
575 173 601 235 S·
615 174 751 233 al-sb.
1005 172 1070 241 438

38 320 130 396 quod
145 335 204 379 oon
219 318 371 393 indicasti,
391 317 504 393 gratias
520 333 594 395 agor
617 317 700 392 quod
721 332 783 377 non
798 316 911 393 fecisti,
926 319 1067 397 ignosco.

36 402 150 464 Virum
172 417 222 463 res
244 402 294 463 illa
315 402 488 479 quaerebat.
530 398 581 461 35.
605 400 693 474 Quod
713 400 739 460 si
753 407 783 461 te
797 397 827 459 in
841 397 983 465 indicium
996 409 1067 481 quis

36 484 176 545 adducat
187 492 374 562 usurpetque
390 482 464 544 illud
481 482 675 557 cassianum,
695 496 741 542 cur
756 497 835 542 nono
852 499 970 558 ronam,
985 489 1065 562 vide,

35 583 177 644 quaeso,
192 584 230 629 ne
245 568 382 629 haereas.
411 566 599 663 Quamquam
612 565 686 627 illud
702 562 824 641 quidem
839 564 909 640 luit,
930 576 963 628 ut
976 577 1008 630 tn
1021 573 1064 631 di-

32 651 150 724 cebas,
167 648 306 713 omnibus
320 652 419 726 bono,
436 650 487 726 qui
499 648 614 711 servire
628 649 784 720 nolebant,
800 645 853 709 tibi
867 656 965 709 tamen
981 666 1068 726 prae·

31 734 147 828 cipue,
173 732 307 811 quinon
331 733 423 794 modo
447 749 508 793 non
532 732 645 807 servis,
671 731 727 793 sed
750 729 839 791 etiam
861 746 986 807 regnas.
1016 737 1069 809 qui

30 808 171 879 maximo
192 826 221 879 te
242 832 314 876 aere
334 815 433 877 alieno
453 816 493 876 ad
511 816 619 876 aedem
641 813 715 890 Opis
736 812 917 874 liberavisti·
941 815 994 891 qui
1013 833 1069 892 per

31 899 165 961 casdem
185 900 305 961 tabulas
330 898 577 960 innumerabilem
605 895 765 973 pecuniam
792 895 997 973 dissipavisti,
1027 900 1067 959 ad

33 996 135 1059 quem
150 998 168 1041 e
183 984 275 1044 domo
299 981 438 1043 Caesaris
457 989 518 1042 tam
538 981 630 1042 multa
653 981 753 1041 delata
774 988 856 1039 sunt:
878 980 965 1040 ouius
987 981 1069 1042 domi

31 1062 319 1141 quaestuosissima
340 1072 387 1125 est
408 1064 552 1125 falsorum
573 1060 853 1124 commentariorum
871 1072 901 1123 ct
917 1063 1068 1139 chirogra-

29 1148 170 1223 phorum
186 1144 325 1217 officina,
345 1162 503 1221 agrorum,
519 1144 717 1221 oppidorum,
737 1143 961 1219 immunitatum,
978 1147 1070 1207 vecti·

20 1228 153 1307 galium
167 1227 425 1303 flagitiosissimae
437 1228 601 1291 nundinae.
636 1227 694 1291 36.
711 1227 828 1290 Etenim
842 1245 921 1304 quae
937 1245 988 1291 res
999 1245 1070 1304 ege-

20 1312 113 1377 stati
134 1319 164 1373 et
185 1311 249 1371 aeri
270 1311 369 1372 alieno
393 1320 445 1373 tuo
466 1321 588 1387 praeter
607 1319 734 1374 mortem
750 1311 889 1372 Caesaris
904 1312 1070 1373 subvenire

18 1391 213 1475 potuisset?
237 1392 347 1455 Nescio
368 1394 442 1472 quid
461 1397 658 1458 conturbatus
672 1412 743 1457 esse
757 1394 885 1456 viderim
906 1412 978 1458 num
997 1397 1069 1473 quid

23 1476 190 1543 subtimes
205 1494 244 1538 ne
260 1478 301 1537 ad
315 1485 345 1539 te
358 1477 418 1540 hoc
433 1478 546 1543 crimen
559 1478 712 1556 pertinere
727 1477 887 1541 videaturt
914 1479 1023 1542 Libero
1038 1489 1070 1541 te

22 1569 137 1623 metu:
165 1577 253 1622 nemo
274 1562 380 1622 erodet
398 1579 555 1637 umquam:
577 1578 639 1622 non
660 1572 708 1623 est
728 1570 811 1623 tuum
831 1558 873 1621 de
893 1578 926 1623 re
947 1564 1071 1639 publiea

22 1642 119 1707 hene
135 1642 258 1703 mereri:
277 1642 370 1702 habet
388 1643 477 1704 istius
491 1644 684 1717 pulcherrimi
698 1640 769 1703 lacti
784 1642 971 1705 clarissimos
985 1646 1069 1707 viros

21 1740 90 1803 res
113 1724 236 1799 publica
256 1732 412 1783 auctores:
441 1739 498 1796 ego
518 1734 548 1784 te
567 1731 681 1785 tantum
695 1725 830 1798 gaudere
851 1724 936 1797 dico,
957 1727 1069 1787 iecisse

25 1824 106 1871 non
122 1822 227 1880 arguo.
257 1804 416 1879 Respondi
437 1803 575 1865 maximis
591 1805 779 1867 criminibus·
801 1821 883 1866 nunc
899 1806 987 1868 etiam
1000 1808 1069 1868 reli·

25 1889 113 1971 quis
128 1886 378 1963 respondendum
393 1895 450 1949 est

101 1972 167 2031 XV.
173 1968 239 2041 el.
261 1970 366 2031 Castra
385 1969 457 2031 mihi
477 1969 611 2047 Pompeii
632 1978 725 2047 atque
745 1972 819 2033 illud
840 1986 929 2032 omne
949 1979 1068 2046 tempus

29 2036 191 2123 obiecisti.
237 2053 302 2127 Quo
323 2053 446 2130 quidem
465 2063 602 2130 tempore
623 2054 664 2129 si,
686 2062 720 2116 ut
739 2054 817 2127 dixi,
847 2068 947 2115 meum
968 2054 1069 2115 consi·

20 2140 116 2205 lium
132 2137 360 2213 auctoritasque
380 2136 540 2212 valuisset,
554 2147 586 2200 tu
600 2137 691 2199 hodie
706 2153 829 2213 egeres,
846 2155 903 2200 nos
920 2137 1007 2198 libari
1020 2153 1068 2198 es-

31 2238 164 2289 semusa
180 2237 232 2282 res
249 2219 372 2297 publica
382 2238 443 2283 non
455 2229 499 2283 tot
510 2222 606 2283 dnc'es
620 2220 816 2284 etexercitns
829 2220 990 2283 amisisset.
1013 2220 1069 2281 Fa-

31 2318 109 2372 teor
123 2303 202 2365 enim
217 2320 275 2378 me,
290 2321 383 2379 quum
399 2321 445 2378 ca,
460 2322 539 2380 quae
556 2303 738 2377 acciderunt,
747 2304 949 2380 providerem
962 2306 1070 2377 lutura,

31 2397 125 2455 tanta
142 2387 173 2447 in
187 2386 338 2448 maestitia
352 2386 458 2463 lulase,
473 2396 585 2462 quanta
599 2387 710 2451 caeteri
726 2386 830 2463 optimi
843 2386 937 2462 cives,
953 2405 981 2448 sr
971 2387 1072 2447 idem

32 2460 263 2567 providissent,
279 2469 416 2531 luissent
444 2472 600 2546 Dolebam,
615 2471 765 2545 dolebam,
780 2469 1070 2546 patresconscripti,

33 2571 109 2619 rem
125 2553 291 2629 publicam,
309 2554 421 2615 vestris
436 2555 589 2629 quondam
602 2553 740 2631 meisque
755 2552 892 2614 consiliis
907 2569 1070 2614 conserva·

33 2650 123 2709 tam,
141 2636 228 2698 brevi
242 2645 381 2712 tempore
395 2652 467 2698 esse
480 2637 655 2712 perituram.
685 2639 747 2700 Nec
763 2653 837 2698 vero
853 2652 935 2696 eram
950 2644 1010 2696 tam
1026 2636 1072 2694 in

32 2719 177 2787 doctus
170 2735 356 2795 ignarusque
369 2735 487 2793 rerum,
508 2729 540 2782 ut
561 2721 716 2796 frangerer
735 2720 836 2782 animo
852 2728 977 2795 propter
990 2718 1072 2778 vitoe

33 2801 256 2881 cupiditatem,
275 2818 354 2878 quae
368 2819 416 2864 me
429 2820 556 2864 manens
571 2805 735 2866 conficeret
747 2803 930 2879 angoribus,
945 2800 1074 2862 dimissa

36 2884 195 2953 molestiis
217 2886 358 2947 omnibus
378 2884 527 2947 liberaret.
553 2888 626 2948 Illos
650 2903 707 2963 ego
733 2885 1013 2962 praestantissimos
1027 2882 1071 2942 vi·

34 2988 113 3043 ros,
134 2969 245 3030 lumina
257 2969 302 3029 rei
312 2968 466 3046 publicae,
483 2969 587 3031 vivere
600 2971 753 3045 volebam,
768 2978 813 3032 tot
826 2970 1013 3041 consulares,
1028 2974 1073 3029 tot

36 3053 233 3135 praetorios,
254 3059 299 3113 tot
319 3052 553 3116 honestissimos
576 3062 748 3126 senatores,
772 3068 892 3115 omnem
913 3058 1073 3128 praeterea

38 3138 156 3201 florem
170 3134 333 3198 nobilitatis
347 3152 384 3197 ac
398 3136 576 3209 iuventutis,
591 3145 653 3199 tum
666 3136 846 3213 optimorum
862 3134 971 3197 civium
984 3149 1069 3196 excr-

40 3222 144 3283 citus
160 3217 214 3295 qui
228 3217 255 3278 si
269 3218 420 3294 viverent,
442 3219 581 3296 quamvis
602 3218 706 3295 iniqua
729 3217 909 3282 condicione
929 3216 1015 3294 pacis
1029 3245 1084 3258 —-·

38 3302 119 3375 mihi
136 3302 215 3364 enim
230 3301 327 3363 omnis
343 3319 405 3380 pax
424 3321 493 3365 cum
507 3302 624 3365 civibus
639 3303 724 3365 bello
734 3301 815 3363 civili
832 3299 933 3363 utilior
948 3298 1073 3359 videba-

39 3398 95 3451 tur
107 3418 166 3460 -,
179 3401 244 3447 rem
260 3384 412 3460 publicam
424 3386 516 3451 hodie
532 3395 712 3449 teneremus.
754 3385 805 3451 38.
798 3384 907 3527 .208uae
923 3378 1078 3444 sententia

104 3484 161 3529 cro.
178 3482 266 3529 onan
