2332 3772
410 106 495 168 CAP.
509 116 605 170 l-e.
625 114 652 176 S.
667 117 779 171 5-12.
1039 104 1101 169 lat

70 255 220 318 intulisse.
265 257 329 319 Sed
342 256 389 317 vis
404 257 581 327 calamitosa
597 266 658 331 est,
681 275 770 333 quam
788 256 848 319 illis
865 259 1042 324 intuleruntr
1067 260 1101 322 li·

69 340 144 400 bido
166 338 331 415 flagitiosa,
350 356 412 415 qua
424 339 624 403 Antoniorum
645 340 737 402 oblita
760 347 808 400 est
827 339 898 400 vita.
918 375 921 378 >
940 343 995 404 Est
1012 343 1102 421 igitur

72 421 250 498 quisquam,
267 422 320 498 qui
333 422 440 485 hostes
454 424 609 498 appellare
623 440 685 484 non
699 424 823 496 audeat,
841 438 969 497 quorum
985 429 1101 490 scelere

70 504 279 566 crudelitatem
290 505 588 581 Karthaginiensium
599 507 708 567 victam
719 521 790 566 esse
802 507 952 566 retentura
973 508 1024 567 IV.
1037 508 1102 580 Qua

70 585 151 653 enim
175 585 206 647 in
225 590 301 650 urbe
323 597 382 649 tam
405 589 544 650 immanis
558 589 708 649 Hannibal
719 596 814 662 ‘capta
832 605 922 663 quam
945 587 976 646 in
995 589 1102 652 Parma

70 679 212 744 surrepta
226 670 399 731 Antonius?
428 671 493 732 Nisi
507 673 585 733 lorte
599 672 690 733 huius
706 670 845 732 coloniae
861 678 891 730 et
905 678 1101 748 caeterarum,

68 750 195 826 inques
211 755 319 814 eadem
335 754 510 827 estanimo,
531 771 592 815 non
612 762 661 815 est
674 753 772 814 hostis
788 754 951 828 putandus.
995 752 1046 814 10.
1070 754 1103 815 Si

68 851 146 895 vero
162 837 348 897 coloniarum
361 843 391 896 et
401 836 632 911 municipiorum
648 837 714 896 sine
726 837 787 896 ulla
802 835 988 897 dubitatione
1003 835 1102 897 hastis

71 926 135 988 est,
155 917 230 992 quid
245 918 367 976 tandem
382 918 473 978 huius
489 918 620 979 censetis
634 917 734 991 urbis,
751 935 841 994 quam
856 917 907 978 ille
922 918 962 977 ad
976 920 1102 993 explen-
1132 978 1138 984 .

68 999 128 1059 das
154 1007 306 1073 egestates
327 1000 476 1060 latrocinii
496 1001 543 1061 sui
569 1000 764 1075 concupivitr
791 1017 881 1075 quam
905 999 964 1060 iam
984 999 1101 1075 peritus

67 1089 244 1155 metatoret
258 1082 386 1142 callidus
403 1084 591 1157 decempeda
611 1100 667 1145 sua
682 1082 763 1143 Saxa
778 1081 945 1144 diviserat?
985 1085 1098 1143 Recor-

68 1163 200 1236 damini,
222 1178 277 1237 per
297 1163 373 1225 deos
395 1164 594 1227 immortales!
626 1174 729 1241 patres
751 1165 932 1241 conscripti,
951 1164 1101 1242 quidhoc

66 1245 165 1306 biduo
187 1243 372 1308 timuerimus
399 1265 419 1308 a
438 1248 613 1310 domesticis
634 1248 774 1311 hostibus
793 1247 967 1311 runraribus
988 1250 1100 1323 impro-

29 1324 40 1339 “
65 1326 205 1387 hissimis
232 1327 399 1403 dissipatis.
442 1329 516 1404 Quis
540 1333 668 1407 liberas,
695 1334 764 1407 quis
786 1332 946 1408 coniugem
961 1331 1102 1407 aspicere

68 1418 189 1484 poterat
203 1409 269 1472 sine
284 1410 372 1484 fletu,
389 1415 458 1487 quis
473 1415 610 1489 domum,
628 1415 697 1490 quis
711 1424 805 1489 tecta,
822 1415 891 1490 quis
906 1418 1000 1476 larem
1014 1414 1100 1474 lami·

67 1495 198 1553 liareml
240 1496 301 1554 Aut
320 1495 528 1555 foedissimam
545 1505 672 1575 mortem
696 1513 803 1557 omnes
824 1505 876 1557 aut
896 1498 1099 1558 miserabilem

68 1577 173 1650 lugam
198 1574 380 1649 cogitabant.
423 1577 546 1636 Haece
568 1577 680 1650 quibus
698 1578 894 1649 timebantur,
917 1595 972 1639 eos
992 1579 1099 1639 hostes

69 1659 225 1732 appellare
244 1657 438 1718 dubitamus?
480 1657 608 1718 Gravius
630 1658 742 1740 siquis
762 1660 894 1719 attulerit
914 1675 1040 1731 nomen,
1065 1659 1100 1718 li-

33 1760 36 1765 ’
66 1739 176 1800 beuter
196 1739 366 1801 adsentiar:
396 1740 456 1800 hoc
476 1741 591 1814 vulgari
619 1748 779 1801 contentus
800 1739 851 1799 vix
878 1757 960 1813 sum,
985 1740 1100 1802 leviore

67 1837 131 1882 non
153 1831 231 1884 utar.

131 1902 181 1967 11.
203 1905 309 1979 ltaque
333 1921 427 1980 quum
450 1901 687 1980 supplicationes
707 1903 891 1966 iustissimas
912 1921 952 1967 ex
971 1906 1009 1967 iis
1023 1905 1100 1968 litte·

65 1988 127 2061 ris,
148 2004 228 2061 quae
248 1987 391 2048 recitatae
410 1996 497 2060 sunt,
521 1987 686 2047 decernere
707 1988 873 2048 debeamus
889 1986 1100 2064 Serviliusque

68 2069 253 2142 decreverit,
285 2071 404 2146 augebo
435 2069 559 2132 omnino
583 2085 739 2131 numemm
764 2069 895 2144 dierum,
922 2073 1100 2148 praesertim

37 2224 46 2237 Ι
67 2169 163 2229 quum
178 2153 376 2214 communiter
390 2153 486 2215 tribus
500 2151 628 2214 ducibus
644 2153 704 2212 sint
715 2153 935 2214 decernendae.
961 2155 1025 2216 Sed
1039 2155 1099 2216 hac

66 2235 197 2313 primum
219 2235 341 2309 faciam,
362 2243 396 2296 ut
416 2237 613 2310 imperatores
633 2237 783 2312 appellem
796 2252 866 2309 eos,
889 2254 1019 2312 quorum
1038 2239 1097 2298 vir·

66 2327 146 2393 tute,
174 2316 318 2390 consilio,
342 2317 483 2380 felicitate
502 2317 641 2378 maximis
663 2317 807 2394 periculis
833 2320 986 2381 servitutis
1006 2328 1098 2394 atque

66 2399 207 2463 interitus
232 2401 347 2462 liberati
370 2417 485 2463 sumus.
527 2401 645 2463 Etenim
665 2401 715 2463 cui
731 2400 834 2476 viginti
854 2400 903 2462 his
917 2401 1004 2463 annis
1026 2417 1098 2476 sup·

66 2485 192 2562 plicatio
207 2485 329 2545 decreta
343 2491 404 2558 est,
426 2492 534 2546 utnon
550 2485 713 2560 imperator
727 2485 931 2560 appellaretur
945 2492 997 2545 aut
1012 2482 1098 2544 mini·

67 2566 128 2629 mis
149 2569 241 2629 rebus
256 2567 351 2643 gestis
373 2574 425 2627 aut
438 2569 617 2642 plerumque
637 2569 748 2628 nullis?
791 2567 885 2642 Quam
908 2567 947 2628 ob
968 2584 1033 2627 rem
1047 2573 1100 2628 aut

70 2650 255 2725 supplicatio
276 2651 315 2710 ab
337 2665 389 2723 eo,
410 2649 462 2725 qui
482 2658 552 2733 ante
566 2649 655 2722 dixit,
677 2652 870 2711 decernenda
891 2666 951 2720 non
973 2649 1029 2710 luit
1048 2657 1100 2710 aut

65 2734 199 2795 usitatus
217 2733 318 2795 honos
339 2734 789 2808 pervulgataequetribuandus
806 2732 858 2807 iis,
876 2732 987 2809 quibus
1008 2730 1100 2793 etiam

67 2815 142 2878 novi
163 2817 394 2892 singularesque
414 2815 571 2877 debentur.
614 2817 653 2876 V.
675 2815 725 2879 lt.
746 2819 794 2878 An
813 2817 840 2876 si
859 2817 927 2892 quis
946 2815 1097 2891 Hispano·

66 2916 135 2961 rum
156 2908 208 2960 aut
219 2899 373 2961 Gallorum
392 2908 444 2962 aut
457 2899 604 2961 Thracum
623 2899 705 2961 mille
724 2909 776 2960 aut
793 2900 854 2961 duo
872 2899 952 2959 milia
968 2898 1098 2960 occidis·

67 2991 132 3054 set,
150 2981 458 3056 hacconsuetudine,
477 2999 557 3058 quae
571 2981 748 3058 increbruit,
764 2982 977 3058 imperatorem
993 2982 1098 3056 appel-

67 3067 146 3126 leret
157 3073 297 3127 senatus:
310 3073 355 3128 tat
369 3064 540 3140 legionibus
551 3067 661 3139 caesis,
671 3075 754 3129 tanta
765 3064 954 3127 multitudine
965 3064 1098 3125 hostium

67 3146 228 3209 interiecta
244 3181 280 3194 -
296 3147 429 3211 hostium
444 3149 536 3211 dicut
559 3150 614 3222 ita,
635 3147 773 3224 inquam,
792 3147 939 3222 hostium,
958 3144 1097 3221 quamvis

67 3230 129 3293 hoc
144 3230 194 3293 isti
209 3231 314 3293 hostes
325 3231 483 3294 domestici
494 3232 598 3306 nolint,
610 3231 786 3294 clarissimis
801 3231 931 3293 ducibus
943 3228 1098 3304 supplica·

68 3313 186 3376 donum
197 3314 344 3376 honorem
356 3315 533 3392 tribuemus,
547 3314 773 3392 imperatorium
786 3331 895 3378 nomen
907 3312 1104 3374 adimemust
