2340 3788
353 102 435 164 CAP.
449 110 580 165 ta-la.
601 108 627 170 S·
641 110 806 167 121-Ιῆ
1046 105 1090 171 35

63 255 137 317 oelo
149 242 278 315 ιὀιὶὶειιι
291 242 418 315 aroana
426 254 543 315 Romae
559 252 682 313 occisus
695 240 752 314 eet
780 253 814 315 si
827 257 903 331 lege,
918 256 1085 332 bonaquo·

65 354 127 415 que
143 339 215 411 lege
230 335 356 405 venisse
375 338 488 408 lateam
516 335 564 395 sin
584 344 685 395 autem
704 345 836 412 consur,
857 347 963 400 contra
981 356 1086 403 omnen

63 436 128 483 non
139 418 238 480 modo
250 427 370 479 veteres
383 419 483 494 leges,
505 435 612 480 verum
624 417 721 478 etiam
742 433 838 480 novae
855 423 991 483 occisum
1004 438 1085 497 caeo,

10 500 31 625 l,
63 504 149 565 iou
161 518 227 578 quo
237 501 304 562 iure
317 509 370 562 aut
384 502 551 576 quomodo
565 509 693 575 autqua
708 500 776 574 lege
794 503 942 564 venierint
961 521 1086 601 quaero

10 586 169 675 ,EXLN
184 581 258 646 127.
279 585 313 643 ln
332 600 422 659 quem
436 585 497 645 hoc
507 584 606 644 dicam
617 581 748 658 quaeris,
764 583 876 644 Erucio
889 587 974 647 llon'
966 604 997 649 ua
1008 590 1087 663 em,

12 654 158 745 v'quen
172 667 222 727 via
236 676 268 727 el
281 676 380 742 putas.
422 669 498 727 Nam
514 666 628 727 Sullam
646 673 678 726 et
691 664 787 727 oratio
806 682 875 727 mea
893 669 1035 733 obtritio
1056 679 1088 731 et

21 748 24 761 '
65 752 165 849 ipsius
180 750 294 811 eximia
306 749 404 811 virtus
420 749 503 811 omni
517 758 654 824 tempore
667 748 818 844 purgavit.
854 750 920 824 Ego
933 751 1008 812 haec
1024 768 1087 812 om

67 834 117 895 nia
131 833 370 911 Gluyeogonum
384 834 498 893 iecisse
513 832 592 906 dico,
605 841 638 892 ut
651 831 860 905 ementiretur,
874 841 909 894 ut
921 834 1032 893 malum
1046 835 1088 894 ci-

67 933 136 979 vem
147 915 408 993 Raeciumluisee
422 915 564 990 tingeret,
576 923 612 977 ut
624 931 693 976 cum
705 916 788 990 apud
801 916 997 976 adversarios
1008 917 1088 977 occi-

70 1016 135 1061 ω
149 1014 225 1061 osec
246 998 376 1072 diceret,
397 1002 432 1059 ut
448 998 534 1058 hisce
545 999 587 1059 de
601 999 695 1059 rebus
715 1014 734 1057 a
751 998 860 1073 legatis
875 1000 1088 1060 Amerinorum

70 1082 220 1145 donarii..
242 1080 356 1142 Sullam
373 1098 487 1157 passus
505 1098 567 1142 non
588 1081 636 1142 sit
679 1081 817 1156 Denique
835 1081 927 1143 ctiam
945 1081 1020 1143 illud
1038 1099 1089 1143 eu-

70 1164 418 1243 epicor,·omniuol1aec
439 1166 520 1226 bona
533 1181 596 1225 nou
611 1164 749 1225 venisset
765 1164 798 1224 id
813 1167 896 1239 qnod
917 1173 1039 1240 postea,
1061 1165 1089 1226 ei

70 1264 123 1323 pu
138 1264 215 1320 vos,
230 1248 363 1319 iudices,
378 1248 491 1310 licitum
505 1247 570 1321 erit,
585 1247 750 1322 aperietur·
775 1246 857 1320 lae„
878 1248 993 1324 Opinor
1007 1247 1088 1310 endu

70 1330 185 1393 mein
199 1332 282 1405 lege,
303 1347 393 1406 quam
412 1333 452 1391 ad
474 1331 555 1391 dicm
573 1330 813 1406 proscriptiones
836 1332 1087 1408 venditionesque

10 1458 14 1470 .
69 1414 154 1475 lun
167 1412 311 1474 aunuum
324 1431 365 1473 nn
378 1430 534 1474 unornane
548 1429 674 1479 rumas.¹
695 1414 821 1489 Aliquot
833 1423 906 1490 post
920 1431 1043 1477 menses
1057 1425 1089 1477 et

68 1495 159 1559 bono
177 1497 301 1558 occisus
322 1504 370 1557 est
389 1504 421 1557 et
440 1498 522 1557 bona
540 1497 664 1558 venisse
684 1496 831 1558 dicuntur.
874 1498 1013 1559 Proiecto
1035 1507 1089 1561 aut

69 1577 145 1641 laec
156 1580 242 1641 bona
255 1579 286 1639 in
296 1579 416 1640 tabulas
426 1579 564 1654 publicas
578 1581 660 1640 nulla
672 1579 827 1641 redierunt
840 1597 960 1655 nosque
973 1583 1013 1642 ab
1026 1582 1087 1643 isto

28 1724 31 1729 ,
69 1662 221 1725 raonem
237 1662 365 1722 facetius
378 1662 528 1721 eludimur
541 1679 632 1736 quam
644 1669 794 1735 putamus,
810 1672 870 1736 aut,
886 1663 914 1722 si
924 1665 1086 1737 redierunt,

70 1746 188 1807 trottae
209 1744 352 1818 publicae
371 1751 532 1817 oormptae
552 1744 655 1816 aliqua
672 1742 788 1803 ratione
812 1753 890 1804 sunt.
924 1747 999 1804 Nam
1020 1748 1088 1819 lege

11 1830 14 1839 '
72 1826 190 1901 quidun
205 1826 289 1884 bona
302 1824 408 1884 venire
421 1840 482 1884 non
496 1822 635 1899 potuisse
649 1833 778 1886 conatae
804 1824 940 1899 intelligo
955 1843 1005 1886 me
1019 1838 1089 1887 ame

16 1910 19 1919 '
70 1918 206 1987 tempus,
221 1907 355 1981 iudices,
372 1907 449 1968 lmec
462 1906 589 1968 serutari
608 1915 637 1968 et
649 1909 872 1982 propemodum
888 1924 1005 1983 errare,
1021 1909 1088 1984 qui,

11 1996 14 2005 '
71 2008 159 2067 quur
172 1989 270 2066 capiti
289 1990 362 2051 Sex.
376 1990 482 2051 Roscii
499 1989 615 2052 mederi
637 1991 780 2065 debeam,
800 1991 955 2053 reduviam
976 2008 1088 2053 curem.

69 2074 229 2137 Ilm-onim
245 2075 362 2135 laborat
376 2074 415 2134 de
429 2076 572 2150 pecunia:
592 2090 655 2136 non
668 2074 759 2136 ullius
775 2074 921 2136 rationem
939 2076 987 2138 sui
1005 2080 1087 2138 coru·

10 2180 17 2219 e
70 2158 149 2219 moth·
165 2157 267 2219 ducit:
285 2157 373 2219 facile
390 2165 555 2233 egestatem
569 2174 656 2219 suam
670 2175 705 2219 se
721 2159 850 2219 laturum
863 2168 964 2235 putat,
984 2161 1011 2222 si
1030 2161 1087 2221 huc

10 2246 17 2301 i-
70 2239 192 2317 indigua
202 2240 380 2316 suspicione
390 2240 501 2303 atficta
513 2241 636 2303 crimine
647 2239 792 2302 liberatus
805 2241 853 2303 sit
878 2241 947 2304 lati.
973 2245 1087 2305 Verum

10 2344 17 2383 ι
72 2338 187 2397 quomo
201 2323 339 2397 avobis,
363 2323 497 2395 iudices,
519 2332 553 2385 ut
570 2325 646 2385 haec
666 2341 779 2400 pauca,
801 2342 879 2401 quae
894 2336 1021 2399 restant,
1046 2327 1088 2386 ita

70 2406 215 2479 audiatis,
234 2413 268 2467 ut
281 2405 389 2481 partim
402 2422 451 2465 me
469 2406 571 2466 dicere
590 2423 647 2481 pro
667 2425 716 2468 me
738 2408 807 2483 ipso
828 2409 957 2485 putetis,
979 2408 1088 2484 partim

10 2506 16 2549 :
69 2504 125 2563 pro
138 2488 213 2549 Sex.
226 2489 352 2550 Roscio.
380 2489 463 2562 Quae
478 2488 557 2548 cuim
572 2488 644 2549 mihi
657 2490 716 2565 ipsi
729 2491 853 2567 indigna
868 2502 898 2554 et
915 2489 1088 2553 intolerabi-

10 2604 15 2613 ·
69 2571 109 2633 liu
128 2571 271 2633 videntur
290 2588 432 2648 quaeque
453 2572 493 2632 ad
513 2588 633 2646 omnes,
653 2573 710 2634 nisi
730 2576 941 2650 providemus,
959 2574 1089 2632 arbitror

70 2653 230 2729 portinere,
245 2671 282 2714 eu
291 2671 348 2730 pro
362 2672 410 2716 me
421 2655 490 2729 ipso
506 2670 546 2713 cx
560 2653 650 2714 animi
664 2655 723 2717 mei
737 2674 832 2719 sensu
844 2675 880 2717 ac
895 2657 1002 2811 dffie
1017 2670 1088 2729 pro
1135 2709 1137 2713 ,

10 2772 12 2779 -
71 2736 197 2799 nuncio=
225 2754 303 2813 quae
322 2739 362 2798 ad
382 2737 472 2798 huius
494 2737 575 2797 vitae
590 2754 693 2797 cusum
714 2755 899 2814 causamque
988 2736 1089 2800 'neunt

70 2821 188 2896 etquid
201 2820 252 2881 hic
265 2837 322 2895 pro
339 2838 374 2881 se
389 2820 450 2888 dici
464 2820 538 2881 velit
550 2830 580 2881 ct
594 2836 655 2894 qua
669 2821 848 2882 condirione
869 2828 1028 2883 contentus
1049 2820 1087 2882 sit

69 2902 128 2965 iam
147 2903 183 2965 iu
206 2912 341 2964 extrema
365 2903 502 2965 oratioue
526 2913 645 2977 nostra,
667 2902 799 2976 indices,
823 2902 962 2964 audietis.
997 2905 1087 2966 XLV.

68 2986 138 3049 lan
171 2987 239 3061 Ego
258 2987 335 3047 haec
357 3003 377 3046 a
398 2987 615 3064 chrysogono,
640 3002 709 3046 mea
728 2994 852 3067 sponte,
878 2997 993 3050 remoto
1015 2988 1100 3049 Sex.v

66 3070 200 3143 Roscio,
217 3086 346 3144 quaero:
361 3069 490 3145 primum
505 3087 599 3145 quare
615 3069 690 3129 civis
711 3069 816 3145 optimi
830 3071 910 3131 bona
930 3072 1085 3143 venierint,

66 3154 181 3217 deiude
192 3162 287 3227 quare
293 3153 423 3214 hominis
431 3153 507 3224 eius,
516 3153 568 3228 qui
580 3170 681 3227 neque
691 3153 880 3230 proscriptus
891 3172 992 3231 neque
1005 3153 1088 3228 apud

64 3235 265 3299 adversarios
280 3236 401 3297 occisus
417 3245 479 3310 cst,
492 3238 574 3297 bona
587 3236 746 3311 venierint,
770 3255 860 3312 quum
879 3238 910 3298 in
928 3256 983 3299 eos
1004 3237 1087 3297 solos

62 3320 115 3383 lex
132 3321 251 3395 scripta
264 3319 318 3393 sit,
335 3319 445 3381 deinde
459 3336 552 3394 quare
566 3319 719 3395 aliquanto
734 3330 804 3396 post
815 3339 882 3382 eam
896 3322 975 3381 diem
986 3315 1088 3378 venic-

885 3402 931 3467 3*
