2340 3788
360 156 783 225 cAP.14—1e.s·4o-tt.
886 200 894 210 -
973 163 1084 235 elo

121 268 125 281 ι
819 266 837 290 0¹²

49 309 163 371 velletr
189 304 301 368 deinde
317 323 356 366 ne
374 306 423 368 cui
437 306 542 369 liceret
554 325 698 383 umquam
713 310 937 384 reprehendere
950 311 1028 373 illud
1041 312 1086 377 in·

51 392 170 455 dicium
184 396 235 450 ant
247 397 360 451 temere
374 389 522 451 creditum
536 390 702 452 criminari:
720 401 874 467 postremo
889 412 928 456 ne
940 395 1087 471 quidiam

52 495 74 537 a
84 490 144 547 me,
158 489 199 534 ne
211 472 283 546 quid
294 490 333 534 ex
343 473 420 534 meis
433 474 657 535 commentariis
673 485 879 551 quaereretur,
893 495 932 539 ne
946 487 998 540 aut
1011 480 1086 543 obli-

51 559 106 621 vio
122 573 192 617 mea
206 564 258 617 aut
271 558 416 617 memoria
431 557 522 617 nimia
536 558 703 630 videretur,
724 573 763 617 ne
778 559 911 635 denique
928 570 979 622 aut
993 565 1087 638 negli-

53 640 158 718 gentia
173 641 270 715 turpis
282 648 334 701 ant
344 638 499 715 diligentia
511 642 643 712 erudelis
654 649 822 716 putaretur.
851 643 1087 706 desertarum

54 726 162 801 abste,
176 725 335 798 Torquate,
355 740 479 799 quaero,
496 741 587 798 quum
603 725 752 792 indicatus
766 732 834 785 tuus
846 727 1087 804 essetinimictrs,

54 817 86 874 et
105 814 190 868 esset
207 807 274 875 eius
293 808 336 867 rei
351 808 496 882 frequens
514 816 639 867 senatus
659 816 688 868 et
701 815 811 869 recens
832 808 977 869 memoria
993 811 1087 885 testis,

55 891 124 966 tibi,
145 906 215 950 meo
231 890 368 949 familiari
385 899 416 950 et
431 891 653 963 contubernali,
675 892 762 967 prius
778 891 868 952 etiam
884 891 993 953 edituri
1011 891 1087 953 indi-

56 976 137 1042 cium
151 972 263 1036 fuerint
277 974 396 1034 scribae
410 974 484 1049 mei,
499 972 527 1033 si
539 973 709 1048 voluisses,
729 992 819 1048 quam
833 975 865 1034 ιιι
879 974 1017 1035 codicem
1029 981 1088 1036 ret-

55 1057 205 1130 tulissent,
224 1074 316 1132 quum
327 1057 449 1118 videres
460 1056 547 1118 aliter
556 1057 672 1131 referri,
688 1075 743 1118 eur
756 1059 886 1133 tacuisti,
904 1073 1018 1133 passus
1032 1065 1089 1119 est

35 1168 36 1176 ι
56 1159 117 1203 non
132 1156 250 1205 mecum
265 1149 318 1201 aut
333 1156 400 1220 cum
416 1140 554 1202 familiari
567 1157 635 1202 meo
652 1151 779 1216 questus
796 1149 854 1202 est
879 1150 931 1202 aut
947 1140 1087 1223 quoniam

57 1235 115 1286 tam
137 1225 226 1285 facile
242 1224 424 1286 inveheris¹
415 1242 446 1285 m
465 1225 596 1297 amicos,
617 1223 793 1286 iracundius
811 1234 864 1286 aut
880 1216 1088 1285 vehementius

56 1309 280 1384 expostulasti?
303 1309 362 1383 Tu,
381 1326 474 1384 quum
489 1317 541 1370 tua
552 1326 617 1370 vox
631 1312 797 1406 numquam
810 1309 850 1370 sit
838 1308 979 1379 teudila,
997 1324 1097 1384 quum

56 1392 168 1453 indicio
180 1393 269 1466 lecto,
285 1391 449 1468 descripto,
462 1393 618 1468 divulgato
631 1391 794 1468 quieveris,
806 1391 947 1464 tacueris,
962 1399 1088 1467 repente

23 1515 31 1537 .
56 1484 169 1536 tantam
183 1493 248 1536 rem
268 1476 433 1539 ementiare
447 1485 478 1538 e
492 1478 522 1536 in
541 1493 611 1537 eum
627 1476 727 1537 locum
744 1484 774 1536 le
789 1477 940 1547 deducas,
961 1481 1087 1542 utente,

36 1588 39 1596 1
57 1575 149 1656 quam
165 1575 214 1619 me
229 1561 402 1621 commutati
416 1560 519 1621 indicii
533 1560 717 1634 coarguens,
736 1567 777 1620 te
782 1576 918 1646 summae
934 1557 1087 1634 negligen-

57 1643 115 1704 liae
133 1653 184 1703 tuo
199 1643 311 1704 iudicio
328 1645 501 1704 convictum
516 1660 588 1702 esse
605 1644 740 1703 fatearet

139 1727 220 1786 XVI.
234 1724 286 1786 45.
304 1725 378 1785 Mihi
393 1726 573 1801 cuiusquam
591 1727 674 1785 salus
696 1724 770 1785 tenti
792 1722 915 1796 fnisset,
936 1732 970 1784 ut
990 1740 1088 1784 meam

56 1808 264 1885 negligerem?
281 1824 337 1881 per
347 1824 395 1868 me
412 1823 469 1881 ego
486 1807 594 1866 veritat
595 1823 641 1864 em
657 1809 839 1903 patefactam
855 1805 1088 1867 contaminarem

55 1892 161 1966 aliquo
182 1889 364 1950 mendacior
388 1904 572 1984 quemquam
590 1891 658 1962 ego
670 1888 828 1963 denique
820 1904 971 1959 iuvenem,
992 1890 1088 1960 aquo

55 1977 149 2037 etiam
178 1972 318 2034 crudeles
348 1965 476 2033 insidias¹
505 1972 550 2031 rei
578 1971 718 2048 publicae
749 1973 859 2042 factas,
898 1979 929 2030 et
957 1984 1006 2028 mc
1033 1984 1113 2043 pos

55 2057 209 2120 tissimum
238 2058 381 2153 consule,
412 2062 572 2132 putarem?
623 2055 712 2129 Quod
740 2055 784 2114 si
797 2055 857 2114 iam
884 2068 986 2114 essem
1013 2049 1088 2111 obli-

54 2152 106 2204 tus
124 2137 296 2200 severitatis
312 2148 342 2200 et
356 2140 545 2202 constantiae
559 2156 659 2212 meae,
681 2139 783 2200 tanum
803 2153 909 2198 amens
927 2151 1024 2206 eram,
1045 2142 1088 2206 ut,

57 2241 152 2301 quum
166 2223 283 2284 litterae
298 2223 484 2299 posteritatis
499 2240 593 2284 eausa
603 2231 743 2298 repertae
758 2221 832 2296 sint,
855 2234 936 2307 quae
950 2215 1088 2280 subsidio

57 2307 206 2370 oblivioni
231 2324 302 2368 esse
326 2316 471 2383 possent,
498 2323 556 2382 ego
581 2315 734 2368 recentem
756 2313 894 2380 putarem
913 2301 1088 2363 memoriam

58 2392 158 2452 cuncti
175 2399 300 2452 senatus
315 2390 531 2461 commentario
545 2407 614 2451 meo
631 2405 725 2465 posse
744 2388 904 2464 superarit
939 2385 991 2448 46
1011 2383 1089 2444 Fero

57 2491 115 2574 ego
130 2481 169 2545 te,
187 2473 373 2550 Torquate,
364 2491 424 2534 ram
438 2474 592 2544 dudumf
591 2489 653 2547 ero,
669 2481 698 2533 et
710 2489 772 2532 non
783 2485 947 2564 numquam
958 2468 1090 2527 animum

57 2557 213 2618 incitatum
227 2559 267 2619 ad
281 2559 489 2618 ulciscendam
504 2555 676 2616 orationem
691 2563 773 2615 tuam
786 2568 902 2614 revoco
917 2550 985 2625 ipsc
1000 2558 1031 2609 et
1042 2565 1088 2623 re-

17 2702 21 2709 ,
57 2639 164 2702 flecto:
190 2641 331 2738 permitto
352 2640 468 2716 aliquid
488 2638 663 2699 iracundiae
684 2646 768 2708 tuae,
791 2637 831 2697 do
852 2617 1089 2704 adolescentiae,

57 2725 136 2785 cedo
152 2723 310 2796 amicitiae,
327 2724 425 2784 tribuo
442 2722 569 2799 parenti.
598 2721 661 2781 Sed
676 2720 735 2780 nisi
752 2718 806 2780 tibi
819 2717 952 2792 aliquem
967 2714 1089 2774 modum

57 2815 121 2869 tute
136 2809 249 2869 constit
249 2809 346 2879 ueris,
362 2823 456 2882 coges
472 2805 599 2866 oblitum
611 2821 660 2864 mc
676 2810 800 2864 nostrae
815 2800 964 2862 amicitiae
978 2797 1091 2857 habere

56 2892 207 2951 rationem
221 2907 307 2951 meae
323 2888 485 2964 dignitatis.
515 2888 610 2948 Nemo
624 2903 769 2961 umquam
783 2900 832 2945 me
846 2882 1022 2943 tenuissima
1039 2895 1090 2940 su-

58 2975 199 3049 spicione
213 2972 403 3048 perstrinxit,
428 2988 519 3047 quem
539 2988 600 3030 nou
605 2967 814 3067 perverterim
830 2982 866 3027 ac
884 2962 1089 3040 perfregerim.

58 3057 122 3115 Sed
135 3056 208 3135 milri
220 3057 278 3116 hoc
290 3056 399 3114 credas
412 3056 516 3113 velimz
531 3071 593 3112 non
604 3052 642 3112 iis
652 3050 852 3112 libentissime
865 3049 951 3109 soleo
961 3063 1090 3123 respon·
1125 3045 1130 3059 '

56 3139 149 3206 dere,
178 3131 258 3210 quos
277 3135 350 3212 mihi
372 3133 478 3197 videor
497 3135 639 3195 facillime
653 3151 757 3209 posse
765 3147 921 3208 superare.
966 3127 1017 3193 47.
1036 3131 1089 3200 Tu,

57 3217 203 3293 quoniam
219 3216 342 3278 minime
356 3217 480 3292 ignoras
496 3217 748 3278 consuetudinem
763 3216 884 3276 dicendi
898 3229 1011 3291 meam,
1029 3213 1091 3271 noli

55 3302 116 3360 hac
129 3300 252 3362 lenitate
266 3317 347 3362 nova
358 3300 441 3361 abuti
454 3316 530 3374 mea,
546 3302 609 3360 noli
623 3301 747 3360 aculeos
763 3295 909 3359 orationis
923 3312 1019 3366 meae,
1038 3294 1090 3368 qui

56 3383 209 3448 reconditi
229 3394 329 3460 sunt,
337 3400 489 3448 excussos
504 3383 657 3456 arbitrari,
677 3382 739 3444 noli
759 3381 793 3443 id
809 3388 918 3460 putare
936 3376 1091 3440 omniuoa
