2340 3788
355 143 437 203 CAP.
456 153 586 207 44-34.
607 152 634 212 3.
647 154 726 210 46-
735 157 779 209 43.
1022 161 1082 227 101

44 293 336 359 4414444441444444
353 292 603 368 suffragationem
625 263 745 356 militari
759 298 943 374 anteponis,
959 301 1024 364 noli
1038 305 1083 365 lu·

44 380 160 438 dorum
171 373 262 437 huius
275 376 455 450 elegantiam
466 385 496 439 et
508 393 639 437 scaenae
649 379 998 453 magnificentiamvalde
1010 400 1082 447 cou-

44 471 201 522 temnere=
228 474 308 534 quae
329 458 400 520 huic
420 460 585 521 admodum
605 460 793 534 profuerunt
827 462 902 524 Nam
924 467 999 541 quid
1024 485 1082 544 ego

45 542 151 604 dicam
172 543 320 618 populum
340 557 376 602 44
396 546 508 618 vulgus
526 542 734 617 imperitorum
755 543 835 605 ludis
858 562 966 622 magno
987 566 1083 626 opera

46 622 218 686 delectarit
250 624 351 686 Minus
369 633 418 686 est
431 625 617 685 mirandum:
640 642 824 701 quamquam
838 626 911 687 144414
924 646 1036 693 causae
1046 635 1082 694 14

46 707 127 770 satis
140 715 199 768 444.
230 706 308 768 Sunt
321 707 402 768 enim
417 707 525 783 populi
539 725 576 767 ac
590 707 787 768 multitudinis
803 709 932 792 44441414.
961 713 1079 808 Quare,

46 809 77 852 s1
65 790 205 866 populo
218 791 361 850 ludorum
372 790 596 867 magnificentia
607 791 756 866 voluptati
766 798 821 862 est,
840 808 900 853 non
915 801 962 854 est
972 795 1080 857 miran-

46 875 124 934 dum
141 873 257 933 eamL
272 873 418 968 Murenae
439 874 522 949 apud
542 875 690 949 populum
705 872 870 969 profuisse.
904 872 955 935 39.
978 875 1080 936 Sed
1056 896 1083 939 44

45 963 171 1018 nosmet
185 955 254 1030 ipsi,
270 955 323 1030 qui
337 963 368 1016 44
381 957 419 1016 ab
435 955 637 1017 delectatione
652 955 733 1017 omni
749 955 887 1031 negociis
900 956 1083 1033 impedimur

46 1048 78 1100 44
91 1039 209 1114 1441444
223 1041 425 1113 occupatione
438 1038 655 1100 delectationes
667 1040 744 1100 41144
758 1041 867 1100 multas
883 1040 995 1100 habere
1011 1057 1082 1117 pos-

47 1138 166 1193 sumus,
181 1122 262 1182 ludis
276 1131 376 1182 444444
392 1122 581 1183 oblectamur
593 1130 622 1183 44
636 1121 784 1197 ducimur,
799 1121 873 1197 quid
888 1132 920 1184 tu
934 1122 1083 1184 admirere

46 1206 88 1267 de
103 1203 296 1266 multitudine
309 1204 455 1265 indoctat
481 1203 532 1267 40.
553 1207 586 1264 L.
598 1205 685 1279 Otho,
700 1205 1081 1279 4141444144444444444444-

46 1288 165 1362 444144,
186 1287 323 1363 equestri
343 1287 441 1349 ordini
460 1288 590 1350 restituit
610 1305 670 1349 non
692 1291 793 1350 solum
812 1288 1002 1365 dignitatem,
1025 1290 1083 1350 sed

46 1372 140 1433 etiam
152 1373 350 1446 voluptatem.
379 1373 484 1446 ltaque
499 1373 549 1431 lex
563 1373 654 1446 14444,
677 1389 756 1447 quae
777 1373 817 1432 ad
838 1373 929 1433 ludos
943 1373 1082 1449 pertinet,

46 1463 96 1516 est
112 1454 245 1515 omnium
258 1454 440 1531 gratissima,
455 1456 539 1530 quod
554 1454 770 1517 honestissimo
782 1454 881 1516 ordini
896 1472 966 1517 cum
979 1457 1081 1532 splen-

45 1539 126 1598 dore
140 1539 255 1598 lructus
271 1555 396 1614 quoque
410 1537 605 1600 iucunditatis
627 1547 675 1599 est
689 1539 857 1600 restitutus.
898 1539 963 1612 044
979 1555 1014 1599 44
1029 1540 1081 1599 de-

46 1620 319 1696 lectantbomiuas,
335 1621 521 1695 mihicrede,
533 1620 605 1691 1441,
620 1621 710 1681 etiam
722 1622 802 1695 illos,
814 1621 867 1697 qui
879 1621 1081 1694 dissimulant,

45 1720 111 1765 4444
125 1705 224 1765 solum
237 1721 302 1776 eos,
320 1704 372 1779 qui
384 1705 529 1765 latentur:
546 1704 630 1779 quod
642 1719 699 1777 ego
710 1703 741 1762 in
753 1720 823 1764 mea
833 1704 978 1778 petitione
987 1704 1081 1766 sensi.

44 1787 124 1847 Nam
146 1803 204 1849 nos
223 1802 349 1860 quoque
367 1785 527 1845 habuimus
552 1800 694 1844 scaenam
715 1786 961 1860 competitricem.
994 1786 1083 1860 Quod

45 1869 74 1931 41
90 1885 163 1942 ego,
180 1867 233 1940 qui
247 1866 344 1926 trinos
361 1866 452 1926 ludos
467 1865 574 1925 aedilis
591 1867 730 1938 feceram,
746 1875 847 1927 tamen
860 1865 987 1927 Antonii
1000 1869 1081 1926 ludis

44 1948 280 2022 commovebar,
296 1947 366 2021 tibi,
381 1947 433 2024 qui
449 1964 523 2007 casu
538 1948 638 2007 nullos
654 1948 782 2021 feceras,
800 1947 873 2007 nihil
886 1946 978 2007 huius
992 1947 1082 2007 istam

43 2033 160 2109 ipsam,
176 2047 267 2105 quarn
282 2029 401 2104 irrides,
416 2038 590 2107 argenteam
606 2046 749 2090 44444444
763 2031 956 2091 adversatam
971 2037 1083 2103 putast

43 2115 99 2178 41.
121 2114 185 2174 Sed
201 2114 278 2175 haec
302 2130 377 2175 sano
392 2113 454 2175 sint
474 2112 561 2189 paria
578 2111 692 2174 omnia:
717 2112 756 2174 sit
770 2129 826 2191 par
841 2110 973 2173 14444414
988 2126 1083 2188 opera

45 2197 185 2269 militari,
208 2196 247 2259 sit
266 2214 322 2274 per
335 2197 455 2258 militari
473 2196 649 2273 suffragatio
664 2197 794 2269 urbana,
819 2194 953 2258 41414444
966 2194 1081 2271 magni-

46 2279 267 2343 ficentissimos
286 2281 430 2341 44441144
447 2298 590 2356 umquam
606 2280 717 2342 iecisse
731 2280 836 2341 ludos:
860 2278 950 2355 quid,
966 2277 997 2341 iu
1012 2278 1082 2354 ipsa

48 2371 194 2439 praetura
209 2363 323 2424 nihilne
343 2363 500 2426 existimas
521 2363 624 2425 intert
612 2373 694 2424 tuam
711 2371 742 2424 et
759 2362 849 2425 istius
864 2371 976 2425 sortem
991 2361 1080 2422 inter-

50 2445 170 2508 luisset

133 2529 196 2589 XX
218 2528 315 2589 Huius
331 2545 400 2589 4444
416 2545 454 2588 ea
471 2530 538 2602 luit,
513 2539 651 2605 tquam
667 2500 772 2590 omnes
786 2528 830 2591 tui
845 2525 1013 2589 necessarii
1029 2524 1083 2585 tibi

49 2611 266 2708 optabamus
259 2629 333 2672 ruris
344 2611 506 2672 4444444
499 2629 529 2671 44
543 2629 605 2687 qua
615 2613 742 2687 gloriam
754 2611 896 2673 conciliat
905 2608 1082 2685 magnitudo

48 2695 182 2770 negocii,
192 2695 318 2770 gratiam
328 2694 489 2769 aequitatis
501 2695 634 2769 largitio:
648 2712 709 2770 qua
720 2695 751 2755 14
762 2703 845 2757 44444
858 2692 982 2769 sapiens
994 2704 1082 2765 prae·

48 2787 113 2850 tor,
139 2779 238 2853 qualis
258 2777 307 2837 hic
329 2777 399 2849 luit,
423 2777 625 2843 offensionem
647 2778 721 2839 vitat
743 2775 957 2852 aequabilitate
978 2774 1084 2833 decer-

48 2861 159 2934 nendi,
180 2859 424 2922 benevolentiam
441 2860 578 2935 adiungit
592 2859 714 2921 lenitate
729 2858 882 2921 audiendi.
909 2853 1040 2931 Egregia
1054 2863 1084 2915 et

47 2944 92 3005 ad
112 2945 304 3004 consulatum
320 2952 392 3019 apta
408 2944 581 3018 provincia,
605 2943 636 3003 in
655 2961 716 3018 qua
730 2944 796 3003 laus
811 2938 988 3015 aequitatis,
1008 2936 1082 2999 inte-

47 3025 183 3104 gritatis,
208 3026 359 3088 facilitatis
380 3028 420 3086 44
441 3035 608 3088 extremum
627 3027 768 3087 ludorum
790 3025 944 3097 voluptate
960 3021 1082 3085 conclu·
1147 3020 1151 3027 '

48 3109 141 3171 ditur.
171 3109 223 3171 ta
245 3110 323 3182 Quid
339 3117 391 3171 tua
406 3117 497 3170 44444
519 3109 622 3183 4414414,
637 3115 740 3170 atrox:
759 3107 898 3182 quaestio
913 3107 1082 3181 peculatus,

48 3209 92 3254 ex
105 3192 201 3254 altera
215 3202 302 3267 parte
316 3192 506 3255 lacrimarum
520 3201 550 3253 et
565 3191 732 3267 squaloris,
753 3207 794 3251 ex
813 3191 908 3251 altera
926 3192 1082 3265 41444444-

48 3285 190 3337 tenarum
200 3283 292 3350 atque
303 3274 452 3336 indicum:
471 3276 602 3350 cogendi
612 3275 729 3336 iudices
741 3272 836 3347 inviti,
849 3271 999 3334 retinendi
1011 3286 1083 3330 con·

47 3368 98 3420 tra
110 3360 311 3419 voluntatem:
329 3359 432 3421 scriba
441 3359 610 3431 damnatus,
626 3358 701 3419 ordo
716 3366 799 3420 totus
809 3355 943 3417 alienus:
960 3352 1085 3414 Sullana
