2340 3788
131 208 139 241 ¹
332 213 415 275 cAP.
430 221 560 277 12-14.
579 215 752 292 §.aa-sa.
892 299 894 304 ,
997 215 1061 283 409
1092 290 1096 297 ¹

48 383 92 429 to.
137 365 219 427 xlv.
246 363 297 427 36.
320 363 383 424 Sed
399 372 432 426 ut
448 363 611 440 aliquando
632 366 780 426 sententia
801 369 999 443 complectar,
1019 370 1062 432 ita

48 464 161 513 cnseo:

87 533 189 606 Quum
207 529 240 593 G.
254 529 353 591 Pansa
373 531 489 603 consul,
505 530 678 605 imperator,
699 530 813 592 initium
835 547 904 593 cum
922 533 1061 597 hostibus

48 613 216 690 >ufligand
231 613 346 685 lecerit,
362 630 425 688 quo
440 614 559 689 proelio
571 615 651 689 legio
661 614 768 676 Martia
784 614 952 676 admirabili
965 617 1061 678 incre-

48 699 175 774 bilique
194 696 305 758 virtute
325 696 491 759 libertatem
512 699 618 772 populi
638 698 766 759 Romani
781 674 958 770 defenderit,
979 702 1062 774 quod

48 788 108 844 lem
122 781 264 857 legiones
276 780 408 841 tironum
419 779 558 842 iecerint:
573 780 704 856 ipseque
716 781 747 840 c.
761 781 860 841 Pansa
875 782 991 854 consul,
1006 781 1060 843 iur-

48 874 159 938 are-ter,
179 879 273 939 quum
285 863 362 924 inter
381 863 482 923 media
500 863 632 925 hostium
651 866 711 925 tela
732 872 917 940 versaretur,
936 866 1063 925 vulnera
1101 924 1105 932 ,

48 946 196 1024 coeperit,
216 962 371 1022 quumque
393 948 428 1004 Α.
454 946 568 1007 Hirtius
591 949 712 1020 consul,
736 947 915 1024 imperator,
943 947 1061 1023 proelio

48 1031 144 1105 rdilo,
159 1046 193 1090 ro
205 1029 334 1104 cognita,
347 1028 513 1089 fortissimo
527 1030 850 1105 praestantissimoque
862 1029 962 1091 animo
974 1047 1061 1090 exer-

49 1126 119 1177 tum
142 1112 251 1173 castris
270 1111 410 1173 eduxerit
427 1112 633 1187 impetumque
653 1113 683 1172 in
701 1113 740 1171 Μ.
762 1112 926 1174 Antonium
947 1114 1060 1174 exerci-

47 1213 154 1273 tmque
168 1195 299 1257 bostium
322 1195 428 1255 lecerit
448 1195 576 1270 eiusque
599 1195 705 1270 copias
727 1196 885 1257 occidione
906 1195 1061 1269 occiderit,

48 1298 84 1342 ro
100 1279 238 1341 exercitu
256 1278 299 1340 ita
312 1278 464 1350 incolumi,
479 1286 511 1337 ut
525 1295 563 1338 ne
578 1295 669 1339 unum
694 1279 815 1355 quidem
836 1279 959 1340 militem
980 1279 1060 1339 desi·
1123 1286 1129 1295 ’

48 1364 158 1425 ararica
185 1358 235 1423 et.
256 1378 412 1437 quumque
435 1362 465 1421 C.
491 1361 602 1422 Caesar
624 1379 680 1438 pro
701 1370 859 1437 praetore,
888 1363 1060 1437 imperator,

48 1443 160 1507 pusilio
171 1444 384 1520 diligentiaque
397 1461 453 1505 sua
465 1453 564 1506 castra
577 1445 701 1508 feliciter
712 1445 881 1507 detenderit
892 1448 1060 1522 copiasque

48 1527 171 1601 ostium,
185 1543 260 1603 quac
271 1528 310 1587 ad
323 1545 359 1588 ea
376 1536 475 1588 castra
490 1538 693 1603 accesserant,
708 1529 884 1605 profligarit,
901 1529 1060 1591 occiderit:

48 1615 138 1672 beas
154 1627 205 1671 ros
220 1620 358 1672 senatum
375 1611 547 1671 existimare
569 1620 599 1671 et
618 1611 753 1671 iudicare
774 1629 878 1673 eorum
900 1615 986 1673 trium
1007 1612 1059 1671 im-

48 1702 202 1756 eralorum
224 1693 348 1767 virtute,
368 1693 512 1768 imperio,
534 1693 676 1764 consilio,
698 1694 859 1766 gravitate,
880 1694 1059 1765 constantia,

48 1777 233 1852 ragnitudinc
246 1778 347 1851 animi,
362 1776 502 1836 felicitate
524 1777 670 1850 populum
691 1777 859 1835 Romanum
883 1775 1060 1835 foedissima

48 1859 299 1936 ’udelissimaque
311 1859 455 1920 servitute
466 1859 631 1930 liberatum,
651 1874 806 1932 quumque
822 1873 885 1916 rem
900 1858 1060 1933 publicam,

48 1946 143 2017 rbem,
156 1945 270 2019 templa
283 1944 409 2003 deorum
424 1942 643 2012 immortalium,
663 1940 748 2001 bona
774 1941 973 2014 fortunasque
997 1956 1060 2000 om-

48 2028 111 2088 ium
126 2025 304 2102 liberosque
325 2024 535 2086 conservarint
557 2025 748 2085 dimicatione
773 2031 802 2083 et
822 2023 958 2098 periculo
982 2022 1060 2082 vitae

48 2126 111 2182 rae,
127 2108 171 2170 uti
186 2110 226 2172 ob
241 2125 295 2169 eas
308 2125 359 2169 res
373 2110 461 2169 bene.
475 2109 590 2169 fortiter
601 2107 788 2182 feliciterque
798 2113 900 2180 gestas
915 2106 946 2166 C.
960 2106 1060 2166 Pansa

48 2239 59 2253 ,.
76 2191 195 2253 Hirtius
212 2194 366 2265 consules,
386 2192 601 2266 imperatores,
622 2193 698 2252 alter
718 2191 864 2262 ambove,
886 2198 937 2250 aut
959 2189 985 2248 si
1008 2189 1060 2248 ab*

48 2284 123 2348 runt,
137 2275 179 2335 M.
195 2275 353 2347 comatus,
369 2282 492 2349 praetor
505 2275 650 2347 urbanus,
667 2273 906 2349 supplicationes
923 2288 978 2349 per
994 2273 1059 2333 dies

48 2357 248 2434 uinqueginta
262 2360 302 2418 ad
318 2357 419 2419 omnia
437 2356 606 2433 pulvinaria
627 2356 804 2418 constituam
834 2354 884 2417 38.
893 2371 1060 2431 „quumque

48 2443 125 2503 irtus
145 2442 297 2517 legionum
318 2443 410 2516 digna
438 2441 613 2501 clarissimis
640 2439 872 2517 imperatoribus
902 2437 1058 2507 exstiterit,

48 2534 174 2599 rnatum,
193 2541 273 2601 quae
290 2526 329 2586 sit
342 2533 432 2585 antea
449 2523 603 2599 pollicitus
623 2523 793 2599 legionibus
815 2521 1061 2596 exercitibusque

48 2610 150 2679 ostris,
164 2625 327 2668 casummo
340 2607 441 2669 studio
453 2624 487 2668 rc
501 2606 623 2681 publica
632 2616 813 2680 recuperata
827 2606 1059 2680 persoluturum,

48 2708 183 2766 numque
210 2693 289 2766 legio
310 2690 418 2750 Martia
446 2689 589 2766 princeps
617 2706 685 2750 cum
712 2688 852 2750 hostibus
880 2685 1060 2759 conflixerit,

48 2786 117 2851 tque
136 2774 178 2835 ita
200 2790 267 2835 cum
283 2773 396 2835 maiore
410 2790 535 2835 numero
550 2774 682 2834 hostium
700 2770 900 2843 contenderit,
917 2780 950 2831 ut
968 2770 1060 2844 pluri-

48 2874 92 2920 tos
106 2858 278 2932 caederent,
295 2866 439 2933 caperent
462 2874 523 2918 uon
545 2859 656 2931 nullos,
678 2870 833 2932 quumque
854 2854 919 2914 sine
940 2853 1000 2912 ulla
1013 2869 1060 2911 re-

48 2941 205 3003 actationc
229 2957 286 3018 pro
309 2943 407 3016 patria
433 2940 523 3001 litam
553 2940 756 3014 profuderint:
791 2952 944 3013 quumque
972 2935 1060 2996 simili

48 3025 136 3086 irtute
157 3023 342 3100 reliquarum
363 3024 516 3098 legionum
539 3023 648 3084 milites
668 3040 726 3100 pro
753 3024 850 3082 salute
876 3030 905 3081 et
925 3020 1061 3079 libertate

48 3110 132 3183 opuli
150 3107 281 3170 Romani
306 3115 432 3168 mortem
459 3105 677 3183 oppetivcrint‚
699 3104 817 3166 senatui
841 3105 962 3180 placere
977 3111 1010 3161 ut
1029 3101 1060 3158 c.

48 3207 124 3252 ansa
138 3194 177 3251 A.
191 3191 307 3253 Hirtius
322 3192 475 3263 consules,
489 3189 706 3264 imperatores,
721 3190 796 3248 alter
811 3187 956 3258 ambove,
976 3183 1060 3244 sicis

48 3275 173 3346 idcatur,
189 3274 236 3346 iis,
255 3275 307 3350 qui
323 3272 499 3348 sanguinem
514 3289 570 3348 pro
587 3272 656 3346 vita,
683 3271 836 3344 libertate,
858 3269 984 3331 fortunis
1006 3283 1060 3341 po-

48 3359 88 3421 nli
98 3357 244 3431 Romani,
265 3375 321 3434 pro
337 3355 426 3431 urbe,
447 3356 567 3431 templis
586 3356 712 3414 deorum
730 3353 939 3415 immortalium
959 3350 1061 3426 prolu-

48 3441 159 3515 issent,
181 3448 408 3502 monumentum
424 3455 515 3515 quam
530 3437 751 3514 amplissimum
769 3438 931 3497 locandum
947 3433 1060 3496 iaciun-
