2340 3788
371 181 602 245 canus-:m
624 136 798 252 §.ra-u.
986 148 992 159 ’
1059 185 1101 251 aa

77 342 147 394 stus
159 331 218 393 sim
236 333 340 406 vobis,
356 332 490 408 iudices,
505 342 557 395 aut
571 351 610 393 nc
623 335 751 410 ingeniis
767 337 877 417 vestris
895 338 1000 399 videar
1020 338 1097 401 dilli-

77 418 167 487 dere,
190 414 350 476 sidetem
370 416 544 492 perspicuis
563 418 657 477 rebus
670 416 789 480 'diutius
806 420 964 485 disseram.
996 422 1097 485 Erucii

78 498 246 559 criminatio
261 507 337 571 tota,
354 507 386 559 ut
399 499 542 570 arbitror,
558 499 707 561 dissoluta
720 510 781 571 est;
803 503 862 562 nisi
886 505 964 565 lorte
987 521 1097 581 exspe-

78 580 165 642 ctatis
179 579 275 640 utilla
290 582 409 653 diluam,
426 583 558 657 quaeda
574 584 716 656 peculatu
726 599 762 642 ac
777 585 815 643 de
829 585 990 647 eiusmodi
1003 588 1095 648 rebus

79 662 298 725 commenticiis
311 664 444 725 inaudita
463 665 551 725 nobis
564 673 634 725 autc
647 664 707 724 lroc
721 672 841 740 tempus
857 683 894 727 ac
913 685 993 730 nova
1013 671 1095 733 obic-

80 746 131 817 cit;
143 760 227 821 quae
238 745 311 805 mihi
320 747 379 809 iste
392 748 476 808 risus
487 756 584 807 estex
594 748 654 835 alia
666 747 802 808 oratione
812 749 991 825 declamare,
1005 768 1096 826 quam

79 830 104 889 ln
119 829 213 889 aliurn
226 844 313 889 raum
328 840 593 898 commentandum
611 830 652 890 ila
672 846 773 905 neque
792 831 833 890 ad
846 831 957 893 crimen
973 834 1096 909 parrici-

78 911 117 970 dii
130 927 235 986 neque
251 913 291 971 ad
305 928 388 988 eum,
405 913 458 986 qui
471 928 594 973 causam
609 913 694 986 dicit,
709 912 915 988 pertinebant:
933 915 1095 990 dequibus

81 995 224 1069 quoniam
241 996 334 1055 verbo
349 995 461 1069 arguit,
482 996 574 1056 verbo
599 995 673 1056 satis
688 1005 735 1056 est
755 1012 877 1071 negare.
907 996 939 1057 Si
961 998 1097 1072 quidest

79 1076 160 1151 quod
174 1076 215 1135 ad
229 1085 325 1138 testes
338 1086 487 1150 reservet,
510 1077 552 1138 lbi
568 1095 691 1154 quoque
711 1095 784 1152 nos,
804 1087 838 1139 ut
859 1077 890 1137 in
911 1079 979 1154 ipsa
994 1094 1095 1152 causa,

80 1158 245 1233 paratiores
260 1159 492 1234 reperietquam
506 1163 641 1236 putabat.
661 1160 752 1221 XXX.
773 1161 824 1224 83.
845 1162 945 1222 Venio
957 1177 1095 1234 nuncco,

80 1258 200 1316 quomo
215 1257 277 1302 non
292 1241 441 1318 cupiditas
456 1243 551 1316 ducit,
574 1243 631 1304 sed
644 1244 732 1304 fides.
770 1245 843 1304 llam
860 1245 888 1304 si
904 1245 976 1305 milri
989 1245 1096 1305 liberet

78 1339 238 1399 accusare,
261 1341 436 1386 accusarem
459 1326 536 1386 alios
553 1325 670 1400 potius,
693 1327 864 1402 exquibus
885 1344 1009 1402 possem
1030 1343 1093 1387 cre·

79 1422 176 1467 crare:
194 1409 277 1481 quod
293 1416 406 1469 certum
420 1416 541 1469 estnon
556 1411 665 1482 lacere,
681 1411 752 1470 dum
765 1410 912 1471 utrumvis
927 1410 1037 1472 licebit.
1064 1412 1094 1470 ls
1138 1413 1143 1419 “

78 1489 154 1551 crim
171 1489 244 1548 mihi
259 1490 377 1552 videtur
393 1490 614 1565 amplissimum
637 1491 689 1567 qui
711 1510 767 1554 aua
782 1493 892 1553 virtute
912 1492 943 1551 in
957 1492 1093 1555 altiorem

76 1571 174 1633 locum
191 1570 344 1647 pervenit,
363 1590 424 1634 non
446 1574 497 1647 qui
512 1574 649 1635 ascendit
662 1591 719 1650 per
733 1576 855 1636 alterius
870 1575 1093 1636 incommodum

76 1662 105 1714 et
116 1654 326 1716 calamitatem.
357 1656 538 1716 Desinemus
552 1657 716 1732 aliquando
730 1674 768 1718 ea
779 1657 915 1732 scrutari,
933 1667 1093 1732 quaesunt

75 1737 189 1797 lamia:
212 1754 394 1810 quaeramus
408 1737 450 1798 ibi
464 1739 658 1811 maleficium,
672 1739 724 1800 ubi
736 1749 766 1801 et
782 1734 830 1801 est
840 1749 872 1800 et
885 1739 1012 1801 inveniri
1026 1751 1088 1816 pot-

75 1827 128 1881 ast
161 1820 225 1879 Iam
244 1819 410 1893 intelliges,
427 1819 532 1890 Eruci,
554 1830 666 1880 certum
686 1821 797 1901 crimen
817 1838 906 1894 quam
920 1824 1020 1882 multis
1042 1841 1091 1883 su-

75 1900 264 1977 spicionibus
279 1907 469 1974 coarguatur.
502 1900 632 1960 Tametsi
642 1917 742 1976 neque
756 1903 858 1962 omnia
868 1903 965 1961 dicam
980 1912 1010 1963 et
1019 1905 1091 1962 levi-

74 1991 116 2045 lcr
132 1983 398 2057 unumquodque
420 1990 549 2057 ungam.
587 1983 692 2058 Neque
713 1983 792 2044 euim
817 1983 846 2043 id
869 1985 1013 2055 lacerem,
1035 1985 1093 2045 nisi

72 2082 203 2128 measse
216 2073 315 2137 esset,
336 2073 365 2126 et
378 2064 408 2124 id
425 2067 481 2126 erit
495 2066 572 2141 signi
587 2083 634 2126 me
649 2065 774 2127 invitum
794 2067 910 2139 lacere,
936 2067 1019 2140 quod
1031 2083 1090 2128 non

69 2164 242 2225 persequar
258 2149 393 2224 longius,
416 2165 506 2224 quarn
521 2150 604 2209 salus
618 2149 709 2210 huius
730 2158 760 2210 et
780 2165 848 2210 mea
862 2148 939 2210 fides
957 2151 1090 2224 postula-

72 2230 119 2295 bit
151 2230 205 2294 84.
226 2232 354 2291 Causam
365 2239 398 2292 tu
408 2233 520 2292 nullum
531 2231 708 2308 reperiebas
718 2232 747 2291 in
762 2232 833 2293 Sex.
846 2232 974 2294 Roscio:
988 2241 1022 2316 ¹at
1031 2248 1089 2308 ego

70 2313 100 2374 iu
112 2317 146 2376 Τ.
162 2314 276 2375 Roscio
290 2314 421 2390 reperio.
453 2315 564 2376 'lecum
586 2314 666 2374 enim
686 2315 757 2375 milri
779 2332 830 2376 res
851 2323 913 2390 est,
933 2316 965 2374 Τ.
985 2316 1088 2386 Rosci,

68 2398 215 2473 qnoniam
228 2396 295 2456 istic
311 2396 402 2457 sedes
416 2414 453 2457 ac
468 2407 497 2458 tc
507 2400 609 2472 palam
623 2399 831 2460 adversarium
845 2414 916 2459 esse
927 2398 1088 2474 profiteris.

65 2480 111 2541 Dc
122 2479 273 2554 Capitone
283 2487 355 2553 post
365 2479 538 2551 viderimus,
555 2483 590 2553 si,
606 2483 859 2555 quemadmodum
871 2489 1006 2556 paratum
1016 2496 1089 2540 esse

66 2563 171 2636 audio,
183 2562 271 2622 testis
282 2562 440 2636 prodierit:
452 2569 515 2621 tum
526 2562 600 2622 alias
613 2582 736 2639 quoquc
752 2582 825 2626 suas
842 2565 960 2639 palmas
977 2576 1088 2635 cogno-

67 2654 150 2719 scat,
170 2643 336 2720 dequibus
353 2660 402 2704 me
418 2661 457 2704 ne
471 2644 596 2705 audisse
617 2648 738 2720 quidem
753 2647 936 2721 suspicatur.
966 2645 999 2702 L.
1017 2642 1089 2701 Gas-

66 2727 133 2789 slus
149 2726 215 2800 ille,
231 2744 321 2803 quem
334 2729 466 2802 populus
480 2728 634 2788 Romanus
648 2730 841 2790 verissimum
855 2736 885 2787 et
901 2723 1088 2800 sapientissi-

65 2826 151 2872 mum
164 2810 295 2870 iudicem
310 2810 448 2884 putabat,
462 2808 635 2870 idemtidem
646 2811 675 2871 in
687 2814 788 2872 causis
803 2823 952 2884 quaerere
963 2807 1087 2881 solebat,

63 2897 116 2955 ω’
133 2894 208 2953 bono
223 2893 338 2966 scisset.
378 2891 428 2952 Sic
452 2891 512 2952 vita
532 2891 685 2953 hominum
709 2901 771 2965 est,
797 2899 831 2952 ut
849 2889 890 2949 ad
908 2889 1086 2951 maleficium

64 2991 158 3036 amno
169 2984 296 3036 conetur
307 2975 373 3035 sine
384 2983 540 3050 speatque
552 2977 752 3036 emolumento
764 2973 921 3033 accedere.
935 2972 985 3034 85.
999 2974 1086 3034 Hunc

64 3056 275 3134 quaesitorem
288 3074 325 3117 ac
336 3058 466 3117 iudicem
479 3056 633 3132 fugiebant
643 3067 736 3132 atquc
748 3056 911 3117 horrebant
924 3057 959 3132 ii,
975 3056 1084 3131 quibus

63 3141 235 3216 periculum
251 3140 422 3213 creabatur,
436 3141 505 3201 ideo
522 3142 620 3216 quod,
642 3139 761 3201 tametsi
775 3137 908 3201 veritalis
928 3148 993 3200 erat
1013 3139 1083 3199 ami-

62 3238 138 3297 cus,
163 3231 263 3283 tamen
291 3231 398 3283 natura
417 3241 477 3284 non
500 3232 558 3284 tam
582 3239 756 3298 propensus
782 3222 822 3282 ad
847 3221 1085 3284 miscricordiam

62 3322 158 3381 quam
173 3304 343 3380 implicatus
358 3307 398 3365 ad
413 3306 604 3367 severitatem
620 3305 786 3366 videbatur.
808 3305 888 3381 ltro,
900 3318 1084 3380 quamquam

62 3397 190 3465 praeest
206 3388 276 3449 huic
291 3388 460 3464 quaestioni
472 3390 519 3448 vir
531 3397 561 3450 ct
573 3398 678 3461 contra
687 3387 844 3449 audaciam
857 3385 1039 3450 fortissimus
1054 3393 1083 3443 et
