2340 3788
332 138 423 215 'ctu
438 136 569 217 'ee-os
587 160 612 221 s
629 116 792 227 ιιι-ιιι.
875 238 878 245 y
1046 147 1089 217 lll

59 315 141 370 rent.
173 306 262 367 LXV
289 306 462 365 Decernunt
476 304 590 376 statim,
592 303 759 389 primum,
779 318 816 362 ur
837 316 903 363 corr
916 304 1088 364 anamais.

58 404 225 452 uosrrrruu
238 402 356 447 rusnrcs
367 402 485 460 rrsnsr,
509 366 618 461 quod
610 403 637 446 rs
655 386 792 447 eamdem
808 387 994 447 voluntatem
1013 402 1088 461 erga

60 474 278 551 Syracusanos
300 469 490 546 suscepisset
510 486 599 544 quam
621 484 678 543 ego
699 482 820 543 semper
839 469 1024 530 habuissem
1051 470 1087 530 ld

60 571 127 617 non
142 554 233 614 modo
244 560 306 614 turn
321 552 522 628 scripserunt,
536 550 742 612 verumetiam
755 551 785 609 in
800 568 870 611 aere
885 551 1016 613 incisum
1031 568 1088 613 no

59 640 112 700 bis
127 635 324 698 tradiderunt.
354 636 453 695 Valde
467 635 590 694 hercule
603 643 634 694 te
648 633 835 711 Syracusani
850 634 907 707 tui,
923 652 1003 710 quos
1021 650 1087 695 cre-

58 722 119 781 bro
144 719 379 779 commemorare
399 720 497 791 soles,
520 717 661 792 diligunt:
680 718 732 792 qui
754 732 821 776 cum
839 725 1018 778 accusatore
1033 726 1085 779 tuo

60 802 141 864 salis
165 802 274 861 iustam
301 816 426 861 causam
453 799 682 874 coniungendae
710 797 946 860 necessitudinis
971 807 1086 874 putant,

57 885 149 962 'quod
175 892 205 944 te
227 892 426 945 accusaturus
455 883 494 942 sit
516 890 546 943 et
566 883 649 958 quod
668 882 846 959 inquisitum
866 880 896 940 in
917 890 947 942 te
962 881 1085 942 venerit.

60 969 176 1049 Postea
189 966 361 1027 decernitur
375 981 411 1025 ac
431 982 491 1026 non
505 965 602 1039 varie,
627 967 683 1026 sed
705 980 803 1040 prope
828 964 944 1024 cunctis
966 973 1087 1024 sentcn-

59 1051 127 1112 tiis=
148 1065 185 1108 ur
199 1064 365 1120 nnunurro,
380 1062 458 1116 punc
472 1049 503 1108 C.
516 1050 616 1108 Vrnnr
630 1065 762 1109 nrcnrrn
776 1064 875 1119 ussar,
891 1062 1086 1106 recessurus.

60 1132 134 1195 llo.
161 1133 264 1205 luen,
280 1131 522 1208 quumiamnon
540 1134 637 1192 solum
654 1132 804 1192 discessio
823 1133 902 1191 lacta
916 1138 1014 1204 esset,
1031 1130 1087 1190 sed

59 1217 152 1276 eliam
166 1213 369 1290 perscriptum
383 1216 518 1290 atquem
534 1216 651 1276 tubulas
664 1216 799 1287 relatum,
814 1222 937 1290 praetor
950 1213 1089 1288 appella-

58 1307 119 1359 tur.
151 1299 192 1376 At
206 1298 274 1372 quis
295 1299 448 1373 appellata
472 1298 665 1373 Magistratus
689 1298 820 1374 aliquis?
853 1298 958 1357 Nemo.
991 1292 1086 1356 Sena-

60 1386 133 1441 tor?
162 1379 207 1439 Ne
220 1379 251 1439 id
268 1380 398 1454 quidem.
427 1382 689 1460 Syracusanorum
707 1379 822 1456 aliquit
851 1379 983 1440 Minime.
1012 1377 1085 1453 Quis

58 1461 151 1538 icitur
165 1470 336 1537 praetorem
342 1467 497 1540 appellate
516 1465 571 1538 Qui
583 1474 727 1540 quaestor
742 1463 830 1524 istius
845 1465 952 1538 fuerat,
965 1462 996 1521 P.
1013 1462 1087 1522 Cae·
1148 1488 1157 1512 ι

59 1544 168 1606 setius.
204 1545 227 1604 Ο
253 1561 317 1605 rem
338 1547 509 1609 ridiculam!
538 1564 556 1607 ο
578 1549 729 1608 desertum
752 1547 920 1621 hominem,
941 1546 1087 1620 despera

57 1636 137 1699 tum,
158 1627 310 1688 relictum!
341 1632 370 1689 A
384 1631 559 1705 magistratu
574 1631 691 1703 Siculo,
713 1645 751 1689 ne
775 1628 1086 1690 senatusconsultum

58 1708 156 1772 Siculi
169 1709 309 1770 homines
330 1713 430 1771 lacere
447 1719 588 1786 possent,
613 1729 652 1771 ne
680 1729 767 1772 suurn
788 1714 836 1771 ius
857 1710 921 1772 suis
941 1710 1086 1784 monitus,

58 1792 124 1855 suis
140 1793 260 1867 legibus
275 1791 411 1852 oblinere
423 1801 559 1866 possent,
571 1810 632 1852 non
645 1795 760 1853 amicus
771 1793 869 1865 istius,
885 1809 946 1852 non
959 1793 1086 1866 hospes,

57 1892 118 1937 non
142 1875 275 1947 denique
298 1873 409 1947 aliquis
430 1873 570 1945 Siculus,
600 1875 657 1934 sed
677 1883 822 1949 quaestor
840 1873 946 1948 populi
959 1874 1087 1932 Romani

56 1963 230 2035 praetorem
253 1957 395 2051 appellat.
427 1955 499 2029 Quis
519 1955 578 2015 hoc
598 1955 694 2016 vidite
716 1957 784 2031 quis
801 1954 935 2016 audivitr
964 1948 1087 2014 Praetor

57 2053 180 2115 aequus
197 2045 227 2098 et
246 2036 371 2111 sapiens
395 2037 499 2099 dimitti
518 2039 601 2100 iubet
622 2047 768 2099 senatum
801 2035 956 2099 concurrit
979 2037 1019 2096 ed
1038 2051 1087 2097 me
1160 2078 1163 2083 -

56 2120 191 2183 maxima
205 2122 372 2181 multitudo.
398 2121 529 2182 Primum
543 2132 700 2184 senatores
719 2124 847 2183 clamare
863 2120 921 2182 sibi
937 2118 1013 2198 eripi
1027 2119 1084 2192 ius,

58 2203 137 2281 eripi
160 2202 342 2264 libertatem:
363 2207 496 2280 populus
521 2215 659 2267 senatum
684 2205 824 2277 laudare,
847 2202 959 2280 gratim
978 2218 1084 2279 agere:

59 2286 145 2348 cives
158 2286 286 2346 Romani
304 2303 323 2346 a
336 2303 384 2346 me
397 2304 547 2362 nusquam
563 2289 731 2350 discedere.
757 2288 821 2362 Quo
839 2286 962 2364 quidem
976 2286 1025 2347 die
1040 2284 1084 2346 ni·

57 2368 100 2429 hil
114 2369 238 2445 aegrius
252 2370 364 2429 lactum
378 2378 426 2429 est
440 2373 532 2431 multo
547 2371 651 2432 labore
664 2389 748 2447 meo,
771 2388 862 2447 quam
879 2379 911 2432 ut
921 2386 1029 2431 manus
1045 2369 1083 2429 ab

58 2451 109 2513 illo
126 2452 313 2527 appellatore
327 2452 556 2514 abstinerentur.
587 2452 657 2517 147.
690 2455 785 2529 Quum
801 2456 840 2515 ad
861 2462 1033 2529 praetorem
1052 2453 1083 2509 in

58 2533 106 2595 ius
132 2534 319 2607 edissemus,
348 2534 500 2609 excogitet
527 2552 600 2596 sane
624 2548 713 2599 acute
734 2538 808 2614 quid
822 2540 975 2598 decernat.
1008 2535 1084 2592 Nam

59 2616 132 2677 ente
153 2633 243 2691 quarn
262 2618 389 2679 verbum
410 2619 556 2691 iacerem,
581 2620 620 2678 de
641 2622 716 2682 sella
736 2621 867 2682 surrexit
888 2628 980 2693 atque
1002 2615 1084 2675 abiit.

56 2698 164 2774 Itaque
180 2708 242 2758 turn
256 2700 296 2759 de
310 2702 385 2772 lero,
402 2713 494 2775 quum
506 2702 564 2760 iarn
578 2703 857 2779 advesperasceret,
872 2698 1083 2761 discessimus.

56 2781 160 2840 LXVI.
190 2782 338 2843 Postridie
355 2800 443 2843 mane
460 2785 497 2842 ab
517 2800 554 2844 eo
573 2786 710 2858 postulo,
731 2797 764 2847 ut
786 2781 990 2863 Syracusanis
1012 2782 1083 2840 lice·

56 2872 101 2925 ret
114 2872 239 2924 senatus
255 2867 439 2939 consultum,
458 2868 539 2941 quod
554 2866 651 2940 pridie
670 2868 830 2939 iecissent,
851 2864 924 2924 mihi
944 2865 1081 2925 reddere.

55 2946 108 3006 Ille
124 2946 278 3008 enimvero
291 2958 396 3023 neget,
422 2958 451 3009 et
464 2949 505 3011 ait
521 2949 675 3023 indignum
690 2951 807 3010 lacinus
822 2965 908 3020 esse,
925 2949 1006 3022 quod
1023 2964 1082 3024 ego

55 3027 86 3088 in
101 3038 211 3090 senatu
229 3031 345 3091 Graeco
359 3033 454 3092 verba
468 3033 625 3092 iecissem=
649 3035 731 3107 quod
751 3032 872 3108 quidem
894 3033 975 3106 apud
990 3031 1082 3092 Grae·

54 3127 110 3173 cos
128 3113 244 3173 Graece
257 3115 377 3175 locutus
394 3132 509 3186 essem,
532 3116 563 3174 id
587 3116 656 3174 lerri
676 3118 757 3176 nullo
775 3117 866 3176 modo
882 3131 986 3190 posse.
1021 3118 1079 3175 Re-

54 3196 167 3270 spondi
182 3195 304 3271 homini,
319 3207 351 3257 ut
367 3198 460 3271 potui,
476 3206 508 3257 ut
522 3198 620 3268 debui,
636 3207 669 3258 ut
684 3198 774 3258 volui.
790 3198 897 3272 Quum
914 3200 1005 3260 multa
1018 3208 1080 3257 tum

53 3278 144 3337 etiarn
159 3279 218 3338 hoc
233 3295 279 3338 me
295 3280 416 3338 memini
428 3282 536 3351 dicere,
551 3281 715 3341 lacileesse
729 3281 924 3357 perspicuum
936 3272 1081 3356 quantum

52 3359 133 3422 inter
146 3360 227 3420 hunc
249 3370 278 3422 et
297 3362 379 3423 illum
393 3363 593 3437 Numidicum,
617 3383 720 3426 verum
738 3380 773 3425 uc
787 3381 963 3512 germa‘num
975 3361 1089 3423 Metel·-

88 3458 148 3502 c1c.
168 3458 257 3503 onir.
