2340 3788
117 124 183 273 ino
384 162 462 224 'nno
479 164 534 223 err.
548 162 711 223 annnam
725 161 876 222 aalma.

116 278 130 305 Q

116 310 211 384 dieas,
227 327 246 371 a
262 310 359 382 vobis,
375 319 409 372 ut
423 310 509 372 cuius
523 311 730 373 misericordia
747 315 830 372 salus
841 327 909 371 mea
924 313 1078 374 custodita
1092 318 1140 392 sit,

117 394 145 454 ei
161 410 219 453 vos
233 399 361 452 vestram
376 392 612 455 misericordiam
625 402 673 456 ine
685 395 867 469 deprecante
880 395 1025 456 tribuatis.
1049 397 1139 475 Equi-

116 478 186 537 dem
202 476 241 534 ad
254 475 389 549 reliquos
405 477 541 549 labores,
564 494 643 551 quos
663 478 692 537 in
713 477 770 536 hac
785 493 878 537 causa
891 478 1024 539 maiores
1044 483 1139 542 susci-

55 606 57 611 .
115 559 167 637 pio
182 575 272 634 quam
292 555 480 632 incaeteris,
500 559 588 620 etiam
608 560 685 620 hanc
705 558 871 621 molestiam
888 561 1034 635 adsumo,
1060 566 1141 638 quod

115 642 187 703 mihi
201 657 262 702 non
277 642 375 701 solum
389 658 443 717 pro
463 641 513 700 Cn.
528 643 648 702 Plancio
662 642 821 702 dicendum
840 650 900 713 est,
916 643 1003 704 cuins
1019 661 1078 721 ego
1094 665 1140 708 sa·

115 727 208 786 lutem
219 739 279 783 non
296 739 386 784 secus
400 740 436 784 ac
447 740 544 784 meam
554 725 629 785 tueri
641 725 747 796 debeo,
763 723 918 784 sedetiam
930 743 985 800 pro
1001 744 1052 788 me
1063 729 1138 804 ipso,

115 809 155 868 de
170 823 230 882 quo
242 814 436 867 accusatores
452 808 538 880 plura
551 824 646 882 paene
659 823 748 881 quarn
760 809 798 866 de
810 824 843 867 re
854 824 971 882 reaque
987 809 1139 872 dixerunt.

114 891 152 951 ll.
165 889 194 950 4.
208 889 402 964 Quamquam,
418 889 544 963 iudices,
556 891 583 950 si
597 889 728 964 quidest
741 889 909 963 inmcipso
922 891 1137 966 itareprehen-

116 989 200 1046 sum,
220 980 253 1032 ut
272 970 303 1030 id
323 974 360 1032 ab
382 971 440 1031 hoc
456 971 621 1032 seiunctum
645 971 698 1045 sit,
719 989 780 1033 non
802 988 849 1031 me
869 971 900 1031 id
917 989 1029 1048 magno
1047 992 1141 1050 opere

116 1056 290 1118 conturbat:
313 1053 466 1114 nonenim
490 1054 579 1114 timeo
595 1072 648 1127 ne,
672 1054 743 1128 quia
758 1070 881 1128 perraro
902 1056 978 1130 grati
1000 1057 1142 1118 homines

114 1137 311 1214 reperiantur,
326 1135 449 1209 idcirco,
468 1154 559 1211 quum
569 1154 617 1198 me
628 1135 749 1196 nimium
760 1145 876 1212 gratum
888 1137 929 1196 illi
943 1155 1016 1199 esse
1030 1141 1139 1214 dicant,

115 1221 148 1281 id
163 1219 240 1289 ,mihi
255 1219 448 1279 criminosum
462 1235 532 1279 esse
551 1219 661 1295 possit.
704 1219 786 1293 Quae
799 1235 873 1280 vcro
887 1220 928 1279 ita
944 1230 1016 1283 sunt
1029 1222 1141 1297 agitata

115 1305 154 1364 ab
174 1301 246 1374 illis,
268 1310 301 1361 ut
316 1310 368 1361 aut
386 1302 490 1360 merita
510 1301 561 1360 Cn.
582 1301 693 1361 Plancii
714 1317 786 1377 erga
807 1318 853 1361 me
873 1303 988 1363 minora
1005 1321 1080 1364 esse
1096 1306 1140 1364 di·

116 1392 220 1445 cerent
234 1400 324 1458 quarn
338 1398 415 1441 ame
429 1382 497 1457 ipso
510 1384 771 1457 praedicarentur,
789 1393 840 1446 aut
853 1385 879 1443 si
894 1393 995 1463 essent
1009 1403 1141 1459 summa,

117 1474 263 1541 negarent
277 1482 314 1525 ea
327 1474 425 1526 tamen
444 1466 485 1525 ita
497 1466 596 1540 magni
612 1476 644 1526 ut
666 1482 722 1541 ega
743 1475 878 1542 putarem
894 1468 1036 1546 ponderis
1051 1471 1140 1544 apud

115 1565 174 1609 vos
190 1549 401 1620 essedebere,
420 1547 495 1608 haec
515 1549 585 1608 mihi
603 1558 673 1611 sunt
689 1551 859 1624 tractanda,
877 1548 1004 1622 iudices,
1026 1560 1057 1610 et
1073 1568 1141 1611 mo·

116 1631 200 1703 dioc,
216 1647 254 1691 ne
271 1631 343 1706 quid
359 1629 427 1704 ipse
442 1631 606 1705 offendam,
623 1640 652 1691 at
665 1641 727 1692 tum
742 1634 887 1707 denique,
903 1647 992 1707 quum
1006 1647 1142 1707 respon-

116 1713 397 1785 derocriminibus‚
422 1730 460 1773 ne
481 1731 541 1775 non
561 1723 621 1776 tam
641 1715 813 1775 innocentia
826 1732 897 1775 reus
914 1731 969 1775 sua
983 1731 1076 1790 quam
1091 1734 1142 1775 re·

115 1797 291 1858 cordatione
307 1813 440 1867 meorum
459 1805 629 1871 temporum
642 1798 788 1858 defensus
803 1813 874 1858 esse
888 1798 1034 1858 videatur.

176 1877 206 1941 5.
228 1879 289 1940 Sed
313 1877 424 1938 mihiin
447 1896 541 1939 causa
561 1881 643 1941 lacili
657 1890 749 1956 atque
768 1879 917 1961 explicata
940 1879 1141 1955 perdifficilis,

60 1984 73 2001 ⁴
114 1962 240 2034 iudices,
258 1972 288 2023 ει
303 1961 418 2021 lubrica
433 1962 618 2023 defensionis
633 1964 708 2023 ratio
724 1962 912 2037 proponitur.
943 1963 1017 2023 Nam
1035 1962 1064 2022 si
1077 1971 1141 2022 tan·

114 2054 179 2111 tum¹
191 2047 282 2105 modo
298 2045 368 2104 mihi
385 2060 512 2105 necesse
529 2055 610 2105 esset
625 2054 728 2106 contra
744 2046 936 2105 Laterensem
951 2042 1073 2115 dicere,
1098 2054 1141 2105 ta-

114 2145 183 2188 men
207 2129 239 2186 id
261 2127 360 2202 ipsum
383 2137 466 2187 esset
486 2129 514 2186 in
534 2137 615 2188 tanto
636 2146 695 2188 usu
716 2136 819 2188 nostro
841 2135 982 2203 tantaque
1008 2126 1141 2187 amicitia

113 2211 283 2270 molestum.
326 2212 422 2269 Vetus
445 2219 492 2270 est
515 2211 592 2270 enim
619 2213 667 2270 lex
690 2210 740 2270 illa
761 2212 858 2271 iustae
871 2226 1025 2286 veraeque
1040 2210 1141 2270 amici·

116 2292 189 2364 tiae,
206 2309 283 2367 quae
305 2292 376 2352 mihi
392 2309 459 2351 cum
475 2293 525 2353 illc
541 2293 665 2352 iamdiu
682 2303 742 2367 est,
765 2303 796 2353 ut
816 2293 895 2352 idem
915 2295 1003 2352 amici
1021 2307 1142 2368 semper

115 2373 222 2434 velint:
240 2392 338 2449 neque
351 2385 397 2435 est
409 2377 500 2434 ullum
518 2376 666 2436 amicitiae
679 2376 788 2438 certius
800 2375 953 2436 vinculum
966 2392 1062 2450 quarn
1074 2392 1141 2435 oan-

116 2474 229 2517 sensus
256 2467 286 2517 et
307 2458 437 2518 societas
460 2458 654 2519 consiliorum
672 2469 701 2519 et
716 2461 910 2519 voluntatum.
953 2458 1028 2516 Mihi
1043 2467 1143 2518 autem

113 2558 174 2601 non
190 2540 221 2599 id
236 2549 281 2600 est
293 2540 322 2599 iu
336 2541 393 2600 hac
409 2558 441 2599 re
456 2541 715 2615 molestissimum,
737 2550 840 2602 contra
853 2540 936 2600 illum
952 2540 1072 2615 dicere,
1091 2540 1144 2601 sed

112 2626 205 2684 multo
222 2623 295 2684 illud
309 2623 419 2698 magiS,
439 2625 563 2697 quadiu
579 2642 616 2683 ea
632 2642 725 2685 causa
740 2633 843 2684 eontra
858 2624 1021 2684 dicendum
1038 2632 1099 2696 est,
1117 2624 1144 2681 in

114 2724 174 2782 qua
195 2708 343 2782 quaedam
365 2705 518 2766 hominum
534 2707 670 2780 ipsorum
685 2707 803 2767 videtur
825 2707 964 2766 iacienda
980 2722 1056 2766 esse
1072 2723 1143 2767 con-

112 2789 215 2851 tentio.
233 2791 262 2852 6.
275 2789 395 2862 Quaerit
406 2789 484 2848 enim
497 2790 669 2851 Laterensis
687 2799 777 2865 atque
794 2791 852 2849 hnc
868 2806 929 2849 uno
945 2788 1083 2849 maxime
1098 2805 1144 2849 ur-

111 2881 170 2946 get,
188 2891 248 2947 qua
263 2890 297 2933 se
310 2872 426 2942 virtute,
443 2888 502 2946 qua
516 2873 604 2933 laude
617 2874 765 2946 Plancina,
781 2890 841 2948 qua
853 2872 997 2946 dignitate
1015 2889 1144 2947 supera·

112 2956 157 3016 rit.
180 2957 232 3028 lta,
252 2958 277 3017 si
296 2957 372 3015 cedo
388 2954 467 3015 illius
484 2955 675 3029 ornamentis,
693 2974 771 3030 quae
787 2958 878 3016 multa
893 2964 923 3015 et
936 2971 1053 3028 magna
1069 2963 1147 3026 sunt,

112 3052 172 3094 non
195 3040 292 3098 solum
312 3038 401 3097 huius
423 3038 575 3113 dignitatis
596 3038 711 3100 iactura
731 3039 870 3099 iacienda
891 3046 952 3107 est,
978 3037 1038 3096 sed
1059 3037 1148 3098 etiam

112 3117 279 3190 largitionis
299 3122 474 3195 recipienda
495 3122 631 3196 suspicio
654 3131 720 3182 est=
742 3124 787 3182 sin
808 3122 889 3181 hunc
912 3120 954 3179 illi
977 3129 1149 3196 antepono,

113 3203 331 3263 contumeliosa
341 3204 480 3264 habenda
492 3214 538 3263 est
550 3205 644 3265 oratio
657 3215 686 3264 et
701 3205 861 3264 dicendum
876 3212 923 3264 est
937 3202 978 3271 id,
997 3205 1149 3281 quoditie

111 3299 160 3342 me
175 3281 303 3356 flagitat,
324 3287 519 3347 Laterensem
539 3303 557 3344 a
572 3287 692 3346 Plancio
709 3287 851 3362 dignitate
865 3302 935 3345 esse
951 3297 1148 3360 superatum.

108 3364 155 3426 Ita
169 3373 220 3426 aut
231 3365 403 3428 amicissimi
417 3368 547 3430 hominis
559 3369 741 3429 existimatio
755 3370 936 3429 offendenda
948 3376 1004 3442 est,
1024 3370 1056 3430 si
1068 3373 1148 3431 illam
