2340 3788
105 198 171 267 m
405 192 478 255 PRO
495 193 527 252 P.
544 193 669 255 SULLA
685 191 835 253 ORATIO.

107 353 311 422 compareant
344 344 428 418 Quae
445 345 569 416 domus,
591 359 671 418 quae
683 342 846 403 celebratio
862 341 1030 403 cotidianat
1054 361 1137 420 quae

107 428 296 491 lamiliarium
315 427 462 502 dignitas!
487 424 566 502 quae
587 425 688 488 studia
706 424 886 486 amicorum!
910 441 990 500 quae
1003 442 1044 486 ex
1059 446 1140 504 quo

107 531 168 590 quc
182 511 288 574 ordine
302 511 476 572 multitudo!
504 511 587 570 llaec
604 511 656 571 diu
673 509 858 583 multumque
875 518 905 570 et
918 510 1010 570 multo
1027 511 1139 574 labore

108 595 248 674 quaesita
261 610 323 655 una
337 594 447 669 eripuit
459 593 545 654 lnora.
584 592 713 668 Accepit
726 591 758 651 P.
774 591 872 665 Sulla,
889 590 1022 667 iudices,
1042 595 1137 657 velte-

106 695 193 740 mens
209 679 320 739 vulnus
341 687 371 739 et
390 677 590 750 mortiferum,
615 692 721 736 verum
737 684 837 736 amen
860 675 927 736 eius
948 676 1031 736 modi
1049 679 1137 752 quod

107 763 259 823 videretur
273 760 364 822 huius
380 761 441 822 vita
456 767 487 820 et
499 769 607 821 natura
619 759 759 835 accipere
777 758 926 834 potuisse.
956 760 1137 823 Honestatis

106 845 187 908 enim
200 853 231 906 et
243 843 397 920 dignitatis
411 843 556 906 habuisse
570 843 658 903 nimis
672 836 811 918 magnam
821 840 972 903 iudicatus
987 851 1034 906 est
1049 844 1136 919 cupi·

106 929 243 999 ditatama
272 944 362 1003 quam
382 927 408 987 si
427 943 516 988 nemo
536 927 614 987 alius
634 925 739 988 habuit
758 926 789 985 in
809 927 970 987 consulatu
989 928 1135 1001 petendo,

106 1011 247 1087 cupidior
260 1010 410 1073 iudicatus
427 1019 475 1071 est
488 1011 538 1072 hic
553 1010 649 1071 luisse
665 1026 755 1085 quam
776 1008 902 1069 caeteri:
930 1008 977 1069 sin
996 1009 1086 1070 otiam
1103 1011 1136 1070 in

105 1096 174 1156 aliis
189 1111 251 1156 non
266 1093 356 1154 nullis
375 1094 430 1154 luit
442 1093 500 1154 iste
516 1095 693 1155 consulatus
709 1109 803 1166 amor,
821 1094 940 1152 tortum
955 1091 987 1152 in
1003 1093 1063 1153 hoo
1077 1093 1137 1154 luit

65 1190 70 1213 ·
105 1179 236 1240 tortasse
257 1177 380 1253 gravior
400 1180 491 1251 quam
506 1176 537 1238 in
558 1176 697 1237 caeteris.
738 1173 789 1238 74.
805 1174 915 1237 Postea
928 1192 1002 1236 vero
1018 1175 1086 1250 quis
1099 1176 1136 1236 P.

3 1293 9 1306 ·
106 1262 220 1323 Sullam
235 1259 295 1320 nisi
309 1268 506 1335 maerentem,
527 1261 692 1321 demissum
707 1258 924 1334 adflictumque
940 1258 1034 1319 viditt
1049 1260 1134 1334 *quis

104 1360 249 1419 umquam
268 1351 316 1403 est
335 1342 510 1418 suspicatus
524 1344 604 1404 hunc
625 1342 721 1418 magis
742 1341 814 1404 odio
835 1358 925 1416 quam
943 1343 1063 1417 pudore
1078 1343 1134 1402 ho

104 1425 218 1486 minum
231 1433 390 1501 aspectum
405 1426 566 1502 lucemque
583 1424 698 1487 vitaret
717 1425 775 1500 Qui
792 1443 884 1500 quum
899 1428 991 1486 multa
1007 1425 1136 1487 haberet

104 1508 299 1570 invitamenta
317 1506 402 1570 urbis
425 1518 455 1570 et
475 1509 532 1571 lori
552 1518 678 1587 propter
699 1525 817 1570 summa
837 1508 937 1569 studia
956 1507 1135 1582 amicorum,

106 1608 186 1666 quae
200 1600 300 1654 amen
321 1591 351 1652 ei
371 1595 438 1652 sola
458 1592 489 1652 in
508 1593 595 1653 malis
610 1594 796 1665 restiterunt,
817 1590 892 1653 afuit
910 1592 948 1653 ab
966 1592 1063 1652 oculis
1079 1609 1133 1653 ve·

104 1675 185 1748 stris,
196 1683 235 1751 et,
247 1692 339 1751 quum
350 1677 418 1751 lege
428 1677 613 1749 retineretur,
629 1676 696 1752 ipse
703 1693 738 1739 se
745 1675 853 1736 exsilio
860 1674 1132 1750 paenomutctavit

103 1756 222 1818 xxvtt.
245 1759 278 1818 ln
294 1759 353 1820 lroc
368 1775 425 1819 vos
440 1762 568 1834 pudore,
585 1759 711 1833 iudices,
728 1766 758 1820 et
771 1759 801 1818 in
816 1760 874 1819 hac
888 1760 951 1820 vita
963 1768 1046 1820 tanto
1063 1773 1132 1818 sce·

103 1840 159 1902 leri
170 1843 271 1903 locum
279 1841 374 1904 luisse
386 1842 530 1904 creditis?
542 1842 795 1918 Aspiciteipsnm
809 1841 992 1903 contuemini
1000 1857 1046 1917 os,
1057 1856 1132 1902 con·

104 1926 179 1986 lente
191 1925 304 1986 crimen
316 1942 384 1986 cum
391 1925 466 1986 vita:
477 1926 568 1987 vitam
578 1928 616 1987 ab
626 1926 711 1987 initio
723 1927 867 2000 usquead
875 1926 934 1987 hoc
947 1934 1066 2000 tempus
1076 1940 1132 1984 ex·

102 2007 245 2082 plicatam
260 2025 328 2069 cum
339 2009 463 2069 crimine
476 2010 696 2085 recognoscite.
724 2006 774 2071 75.
791 2009 876 2070 lllitto
890 2007 1130 2083 rempublicam,

104 2107 184 2165 quae
199 2091 254 2152 luit
269 2108 390 2167 semper
402 2092 503 2153 Sullae
514 2093 684 2153 carissima:
700 2093 796 2153 hosne
808 2092 933 2165 amicos,
947 2094 1024 2152 tales
1035 2092 1132 2165 viros,

103 2181 164 2232 tam
181 2174 308 2248 cupidos
324 2175 381 2247 sui,
396 2192 451 2249 per
465 2193 543 2251 quos
559 2194 608 2236 rcs
623 2175 690 2237 eius
708 2176 861 2236 secundae
877 2176 1029 2250 quondam
1045 2184 1133 2235 erant

104 2265 238 2330 ornatae,
254 2273 334 2318 nunc
351 2259 546 2319 sublevantur
560 2261 720 2333 adversae,
736 2258 945 2320 crudelissime
961 2257 1059 2335 perire
1074 2274 1130 2318 vo-

102 2336 165 2411 luit,
180 2347 213 2400 ut
228 2356 295 2399 cum
308 2341 434 2402 Lentulo
447 2351 476 2402 et
487 2343 612 2403 catilina
626 2352 655 2404 et
666 2342 798 2418 Cethego
814 2342 1021 2403 foedissimam
1036 2340 1130 2401 vitam

102 2437 140 2481 ac
161 2422 358 2483 miserrimam
380 2425 556 2501 turpissima
576 2434 672 2486 morte
694 2427 853 2502 proposita
873 2427 1017 2501 degerett
1051 2425 1130 2499 Non,

101 2504 240 2581 inquam,
263 2506 343 2568 cadit
356 2507 386 2568 in
401 2509 458 2569 hos
473 2526 590 2582 mores,
613 2527 672 2569 non
692 2510 722 2569 in
737 2511 818 2570 hunc
832 2511 996 2585 pudorem,
1021 2508 1130 2569 nonin

102 2588 181 2650 hanc
193 2589 294 2663 vitam,
310 2608 370 2652 non
385 2592 416 2651 in
430 2593 510 2653 hunc
520 2594 672 2653 hominem
686 2592 745 2653 ista
759 2591 905 2668 suspicio.
937 2595 1024 2654 Nova
1035 2607 1127 2666 quiae·

102 2672 172 2732 dam
186 2672 237 2733 illa
253 2674 422 2735 immanitas
440 2684 546 2736 exorta
563 2685 622 2737 est:
646 2676 831 2737 incredibilis
846 2677 901 2737 luit
915 2693 951 2737 ac
966 2672 1129 2750 singularis

103 2754 200 2815 furor:
229 2773 268 2816 ex
286 2757 388 2818 multis
406 2759 445 2817 ab
459 2751 666 2820 adolescentia
683 2759 818 2821 collectis
834 2759 1019 2835 perditorum
1032 2755 1128 2818 homi·

101 2854 173 2896 num
197 2839 277 2900 vltiis
300 2849 427 2917 repente
446 2842 504 2902 ista
524 2851 607 2905 tanta
626 2842 836 2918 importunitas
858 2842 985 2904 inauditi
1002 2839 1128 2903 sceleris

102 2921 225 2981 exarsit.
267 2920 317 2983 76.
338 2924 450 2997 Nolite,
467 2925 599 2998 iudices,
616 2926 752 2986 arbitrari
769 2927 921 2988 hominum
937 2926 1018 2988 illum
1031 2923 1127 2993 irnpe-

101 3011 164 3064 tum
181 3013 211 3064 et
232 3014 373 3066 conatum
397 3006 507 3066 luisset
533 3027 634 3082 neque
651 3011 731 3070 enim
747 3013 808 3071 ulla
829 3027 905 3083 gens
924 3019 983 3065 tam
997 3002 1128 3062 barbara

102 3093 154 3146 aut
166 3095 227 3146 tam
240 3086 378 3150 immanis
388 3105 532 3164 umquam
544 3089 598 3151 luit
611 3090 642 3151 in
655 3107 715 3163 qua
726 3106 787 3150 non
802 3090 893 3150 modo
908 3096 959 3162 tot,
975 3087 1031 3148 sed
1046 3101 1125 3145 unus

101 3178 162 3230 tam
184 3171 314 3232 crudelis
339 3173 437 3234 hostis
455 3172 573 3248 patriae
594 3173 633 3233 sit
653 3175 810 3234 inventus:
840 3173 949 3232 beluae
976 3170 1125 3246 quaedam

100 3252 171 3314 illae
185 3269 224 3313 ex
240 3256 387 3328 portentis
401 3256 547 3318 immanes
561 3274 598 3319 ac
613 3258 705 3329 lenae,
719 3259 815 3318 lorma
826 3255 980 3316 hominum
992 3254 1125 3324 indutae,

100 3337 288 3402 exstiterunt.
329 3338 495 3414 Perspicite
520 3340 609 3401 etiam
633 3349 725 3416 atque
751 3340 855 3413 etiam,
887 3338 1018 3399 iudicem
1051 3334 1126 3395 nihil

100 3422 180 3483 enim
194 3430 240 3482 est
256 3421 339 3497 quod
349 3423 379 3482 in
395 3423 452 3482 hac
469 3421 637 3484 causedici
650 3425 750 3500 possit
765 3421 987 3484 vehementius:
1002 3418 1126 3496 penitus
