2340 3788
337 207 417 268 cnr.
431 215 562 270 m-at.
583 215 610 276 t.
622 217 753 276 m-to.
994 203 1054 271 tat

52 373 87 426 tte
101 361 244 423 homines
260 355 292 418 in
306 357 493 433 provincias,
512 334 761 433 quibus‘iaoturis
775 372 806 423 et
820 363 930 440 quibus
949 361 1052 423 condi-

52 445 171 508 lonibus
191 443 423 518 proficiscantur
440 441 581 516 ignorant
599 441 740 503 videlicet
752 444 816 518 isti,
837 448 889 523 qui
904 449 943 507 ad
959 464 1052 506 unum

52 527 196 599 elermrda
211 526 312 587 omnia
328 541 399 585 esse
413 541 475 585 non
489 524 692 585 arbitrantur?
709 525 800 597 Quasi
814 545 886 589 vero
902 531 953 589 Cn.
964 531 1052 592 Pom-

52 612 131 672 eium
150 627 212 671 non
228 625 320 683 quum
338 608 402 669 suis
418 607 578 668 virtutibus
593 608 653 667 tuni
669 607 759 667 etiam
774 610 879 671 alienis
894 611 975 673 vitiis
989 630 1051 675 ma-

52 711 121 756 num
136 709 208 753 esse
223 692 389 770 videamus.
427 691 478 753 68.
507 691 570 764 Qua
588 708 621 751 re
636 691 728 751 nolite
744 690 880 752 dubitare
894 695 966 766 quin
980 697 1051 758 huic

52 777 81 837 ni
101 775 234 837 credatis
256 776 371 847 omnia,
397 774 449 848 qui
473 773 550 834 inter
570 782 613 835 tot
633 791 731 834 annos
750 790 829 834 unus
850 774 989 836 inventus
1015 779 1053 838 sit

53 877 123 921 uem
138 857 218 919 socii
232 858 270 917 int
280 859 373 918 urbes
391 873 463 918 suas
480 873 547 917 cum
561 858 696 918 exercitu
713 857 835 917 venisse
848 857 1009 930 gaudeant

112 942 204 1016 Quod
224 940 251 1000 si
272 938 499 1001 auctoritatibus
519 940 598 999 banc
619 957 757 1014 eausam,
779 939 924 1013 Quirites,
947 941 1054 1000 confir-

52 1027 171 1087 randam
188 1023 317 1098 putatis,
333 1031 381 1083 est
395 1024 482 1082 vobis
497 1033 603 1090 auctor
618 1024 665 1084 vir
679 1025 826 1085 bellorum
844 1021 977 1083 omnium
993 1039 1061 1085 ma,
1089 1081 1093 1088 ,

52 1109 240 1181 inrarumque
261 1122 360 1166 rerum
381 1105 596 1180 peritissimus,
617 1106 649 1166 P.
667 1106 829 1180 Servilius,
851 1105 939 1166 cuius
955 1112 1056 1165 tantae

52 1209 78 1252 es
91 1199 200 1266 gestae
215 1199 295 1250 terra
310 1189 446 1264 marique
460 1189 654 1262 exstiterunt,
675 1196 708 1249 ut
723 1207 815 1263 quum
832 1189 871 1249 de
887 1190 967 1249 bello
982 1187 1056 1248 deli·

52 1274 153 1347 eretis,
170 1280 276 1332 auctor
290 1271 378 1333 vobis
393 1272 514 1346 gravior
527 1289 615 1332 nemo
632 1289 702 1334 esse
717 1274 833 1343 debeat,
849 1278 896 1331 est
911 1270 942 1330 C.
957 1269 1056 1342 Curio,

52 1356 158 1419 ommis
180 1355 292 1416 vestris
305 1355 464 1416 beneficiis
482 1355 682 1430 maximisque
699 1357 791 1415 rebus
805 1353 915 1430 gestis,
938 1368 1054 1413 summo

52 1440 152 1516 rgenio
175 1447 204 1498 et
226 1439 386 1513 prudentia
409 1438 580 1516 praeditus,
607 1447 654 1498 est
677 1440 728 1498 Cn.
750 1439 912 1510 Lentulus,
936 1436 967 1495 in
994 1434 1055 1510 qub

52 1540 136 1585 mnes
161 1538 217 1596 pro
237 1521 432 1596 amplissimis
454 1521 564 1581 vestris
585 1521 752 1585 honoribus
780 1537 930 1581 summum
956 1517 1055 1579 consi-

52 1624 114 1680 um,
141 1621 289 1664 summam
305 1605 482 1679 gravitatem
497 1620 568 1664 esse
586 1605 787 1679 cognovistis,
810 1612 857 1664 est
871 1603 902 1663 C.
922 1600 1056 1672 Cassius,

52 1687 216 1765 ttegritate,
237 1687 361 1762 virtute,
383 1687 553 1746 constantia
575 1686 730 1760 singulari.
767 1687 831 1760 Qua
851 1703 885 1745 re
901 1684 1003 1745 videte
1024 1692 1057 1744 ut

52 1789 137 1834 orum
161 1768 390 1830 auctoritatibus
410 1768 529 1827 illorum
550 1770 693 1843 orationi,
716 1770 768 1843 qui
789 1769 985 1842 dissentiunt,
1008 1783 1056 1826 re-

52 1856 188 1930 pondere
203 1867 296 1925 posse
311 1851 477 1909 videamur.
914 1916 916 1921 ,

107 1934 220 1996 XXIV.
240 1931 290 1993 69.
320 1932 402 2005 Quae
417 1947 508 2005 quum
518 1930 559 1990 ita
574 1930 642 2004 sint,
658 1932 689 1991 C.
699 1932 811 2004 Manili,
826 1933 954 2007 primum
968 1931 1057 1992 istam

52 2037 109 2081 tam
131 2025 163 2077 et
183 2018 280 2089 legem
301 2025 330 2075 et
345 2016 530 2075 voluntatem
548 2023 578 2076 et
598 2014 776 2075 sententiam
790 2009 880 2075 laudo
896 2015 1056 2075 vehemen-
1112 2061 1118 2069 .

54 2102 211 2173 ssimeque
236 2099 417 2172 comprobo:
442 2096 553 2157 deinde
574 2107 602 2158 te
617 2098 735 2170 hortor,
756 2106 789 2158 ut
803 2105 926 2160 auctore
940 2099 1055 2173 populo

52 2199 169 2247 ‚emano
185 2198 310 2242 maneas
326 2182 355 2240 in
372 2180 520 2242 sententia
534 2198 612 2242 neve
627 2181 808 2256 cuiusquam
822 2181 882 2240 vim
897 2191 947 2242 aut
960 2183 1056 2241 minas

52 2265 388 2341 ertimescas.Pr1mum
409 2265 439 2324 in
460 2273 489 2325 te
510 2265 584 2325 satis
606 2282 677 2325 esse
692 2263 784 2324 animi
798 2264 1055 2338 perseverantiae-

52 2366 92 2411 ue
107 2347 252 2410 arbitror:
275 2348 385 2408 deinde
407 2364 500 2422 quum
519 2356 631 2407 tantam
656 2347 871 2408 multitudinem
888 2363 956 2409 curn
971 2356 1054 2410 tanto

52 2433 134 2493 tudio
149 2431 260 2490 adesse
278 2430 446 2502 videamus,
461 2438 603 2504 quantam
618 2433 724 2490 iterum
740 2429 865 2491 nuncin
880 2433 987 2492 eodem
1001 2432 1055 2489 ho-

52 2517 111 2575 rine
135 2512 341 2589 praeficiendo
356 2513 512 2582 videmus,
536 2512 608 2586 quid
623 2521 670 2572 est
686 2515 768 2587 quod
783 2522 834 2573 aut
848 2515 886 2573 de
902 2530 936 2572 re
951 2520 1004 2572 aut
1018 2512 1056 2569 de

53 2596 212 2658 erliciendi
234 2598 375 2656 facultate
390 2594 582 2654 dubitemus?
606 2595 671 2670 Ego
686 2604 785 2657 autem
802 2595 951 2671 quidquid
965 2601 1012 2653 est
1026 2592 1057 2650 in

52 2698 78 2740 re
96 2679 204 2750 studii,
229 2677 361 2749 consilii,
386 2675 515 2748 laboris,
530 2677 656 2754 ingenii,
672 2680 819 2755 quidquid
833 2680 893 2738 hoe
907 2673 1057 2735 beneficio

54 2763 140 2838 opuli
153 2761 282 2822 Romani
304 2770 395 2835 atque
414 2761 473 2820 hac
488 2768 638 2834 potestate
654 2762 820 2836 praetoria,
842 2756 992 2832 quidquid
1006 2772 1058 2816 au-

52 2845 179 2916 toritate,
195 2845 264 2916 lide,
282 2844 451 2904 constantia
466 2858 602 2916 possum,
617 2843 648 2902 id
663 2861 751 2904 omne
765 2844 806 2903 ad
819 2843 898 2900 hane
912 2854 975 2899 rem
987 2855 1057 2900 con-

54 2929 196 2989 clendam
206 2927 258 2987 tibi
271 2934 300 2986 et
315 2928 428 3001 populo
442 2927 578 2986 Romano
595 2925 740 2998 polliceor
754 2940 790 2984 ac
808 2923 927 2982 deiero:
950 2919 999 2984 70.
1015 2932 1056 2984 te·

52 3020 160 3085 torque
181 3026 286 3069 omnes
309 3011 385 3068 deos
407 3017 437 3068 et
454 3025 508 3068 eos
523 3007 668 3081 maxime,
691 3007 743 3081 qui
760 3005 830 3065 hnic
846 3007 914 3065 loco
931 3009 1056 3082 templo-

52 3111 91 3154 ue
109 3092 300 3168 praesident,
319 3092 370 3167 qui
387 3090 519 3168 omnium
534 3098 650 3151 mentes
667 3106 788 3161 eorum,
805 3087 856 3162 qui
871 3090 909 3148 ad
923 3106 986 3151 rem
1000 3108 1055 3166 pu-

51 3178 143 3236 licem
164 3175 289 3247 adeunt,
312 3174 442 3234 maxime
464 3173 668 3250 perspiciunt,
689 3189 737 3231 me
758 3173 817 3231 hoc
837 3187 935 3247 neque
948 3183 1056 3249 rogatu

52 3275 135 3319 icere
154 3258 333 3341 cuiusquam
354 3274 455 3332 neque
473 3273 533 3332 quo
549 3256 601 3315 cn.
616 3255 750 3329 Pompeii
771 3254 895 3329 gratiam
911 3257 983 3316 mihi
1001 3271 1056 3330 per

52 3359 110 3402 anc
124 3357 248 3400 oausam
263 3340 416 3401 conciliari
432 3349 533 3414 putem
548 3354 648 3414 neque
664 3354 724 3413 quo
740 3337 811 3397 mihi
825 3354 864 3398 ex
878 3340 1057 3411 cuiusquam
1097 3373 1108 3408 Ι

52 3423 231 3504 mplitudine
245 3429 298 3484 aut
310 3423 463 3498 praesidia
475 3421 620 3497 periculis
637 3429 689 3482 aut
704 3421 876 3482 adiumenta
888 3419 1056 3481 honoribus
