2340 3788
312 168 395 231 cAP.
409 175 542 235 tit—at.
561 178 587 241 1.
599 181 732 237 tta-te.
973 177 1039 247 108

10 327 36 381 ιι
55 321 152 379 locus
174 323 204 378 et
218 314 250 377 in
269 301 351 379 circo
366 326 403 380 et
422 317 455 381 in
474 320 541 381 toro
557 321 680 383 daretur
693 321 797 387 amicis
814 333 845 386 et
856 323 1039 391 tribulibust

10 404 89 463 ilaec
105 398 249 469 homines
263 402 418 462 tenuiores
436 444 565 463 .......
584 403 668 479 quia
683 403 747 465 suis
760 405 918 471 tribulibus
934 418 1037 473 vetere
1149 442 1157 458 ·

10 483 145 547 instituto
160 482 407 558 adsequebantur
418 484 477 525 ***

394 568 483 629 Deest
497 585 556 629 non
569 568 652 630 new.

10 649 128 712 XXXV.
151 644 201 709 73.
225 646 414 710 Praefectum
433 652 549 711 fabrum
567 652 661 712 semel
680 653 781 713 locum
795 651 953 717 tribulibus
970 658 1037 719 suis

10 732 151 795 dedisse:
176 725 251 807 quid
267 739 399 793 statuent
411 733 442 793 in
456 732 540 793 viros
555 733 731 808 primarios,
747 733 845 810 quiin
860 735 941 797 circo
956 745 1036 799 totas

10 816 153 877 tabernas
173 812 326 875 tribulium
347 830 441 876 cansa
462 823 696 892 compararunt?
720 817 805 877 Haeo
823 817 923 879 omnia
939 827 1037 881 secta-

10 907 124 971 torum,
142 899 407 973 spectaculorum,
428 899 624 973 prandiorum
643 899 714 961 item
733 899 857 961 crimina
875 902 1039 963 amnltitu·

11 980 78 1043 dine
101 979 135 1040 iu
154 987 236 1041 tuam
256 978 379 1040 nimiam
395 979 593 1057 diligentiam,
614 982 716 1056 Servi,
737 984 875 1044 coniecta
896 991 980 1045 sunt=
1005 982 1038 1043 in

12 1064 123 1139 quibus
149 1071 250 1124 tamen
275 1063 402 1124 Murena
430 1063 468 1123 ab
500 1073 623 1127 senatus
651 1066 828 1126 auctoritate
856 1065 1038 1127 detenditur.

13 1146 86 1220 Quid
97 1143 202 1206 enimt
222 1144 353 1206 Senatus
364 1163 436 1207 num
448 1147 568 1208 obviam
578 1148 701 1223 prodire
712 1148 824 1209 crimen
837 1156 940 1225 putata
959 1148 1038 1223 Non,

12 1230 64 1291 sed
76 1244 229 1290 uacans:
248 1228 405 1291 convince.
433 1230 510 1292 Num
525 1233 634 1293 sectari
648 1231 781 1292 multost
799 1232 875 1305 Nou,
892 1233 949 1294 sed
965 1247 1037 1295 cor·

11 1328 135 1374 necros:
151 1313 238 1374 doce.
259 1312 336 1373 Num
347 1314 448 1376 iocum
459 1315 499 1374 ad
511 1316 709 1389 spectandum
721 1315 815 1375 daret
830 1323 881 1376 aut
894 1316 935 1375 ad
945 1331 1036 1390 pran-

13 1395 92 1457 dium
105 1394 254 1456 invitaret
272 1394 404 1471 Minime,
422 1398 478 1458 sed
491 1414 597 1473 vuaso,
613 1398 744 1474 passim..
767 1396 845 1471 Quid
860 1407 907 1461 est
920 1405 1039 1459 vetant

12 1479 188 1540 Universos.
214 1479 281 1541 Non
295 1479 400 1556 igitur,
418 1480 491 1541 siL.
505 1481 605 1554 Natta,
624 1497 742 1542 summe
757 1482 826 1544 looo
843 1482 1037 1553 adolescens,

15 1560 61 1637 qui
81 1570 115 1623 et
123 1578 194 1657 'quo
210 1560 311 1623 animo
331 1561 391 1623 iam
407 1563 447 1625 sit
466 1572 498 1624 et
517 1564 615 1639 qualis
630 1564 678 1624 vir
699 1566 817 1625 iuturus
834 1563 873 1625 sil
886 1564 1036 1635 videmus,

15 1643 41 1703 in
57 1643 195 1719 equitum
209 1644 353 1705 centuriis
369 1644 466 1706 voluit
479 1662 549 1706 esse
564 1655 595 1706 et
613 1647 653 1706 ad
672 1647 731 1707 hoc
748 1646 882 1708 officium
901 1645 1037 1709 necessi-

14 1727 122 1789 tudinis
139 1735 170 1787 et
184 1727 224 1786 nd
225 1712 388 1800 reliquum
402 1734 522 1821 tempus
537 1727 705 1801 gratiosus,
726 1729 758 1787 id
778 1729 834 1788 erit
849 1728 915 1788 eius
929 1727 1038 1789 vitrico

15 1808 108 1871 iraudi
124 1816 177 1868 aut
191 1806 317 1878 crimini,
332 1824 398 1878 neo,
417 1807 444 1866 si
454 1807 541 1882 virgo
556 1809 699 1882 Vestalis,
713 1808 804 1869 huius
818 1809 993 1884 propinqua
1007 1818 1039 1869 et

15 1889 201 1961 necessaria,
217 1890 321 1948 iocum
335 1905 423 1949 suum
437 1889 647 1963 gladiatorium
662 1889 816 1949 concessit
829 1889 916 1963 huie,
932 1905 994 1949 non
1007 1897 1041 1949 et

14 1973 56 2036 ιιι
82 1970 135 2047 pie
153 1968 225 2030 iecit
244 1977 275 2030 et
293 1969 343 2030 bic
362 1986 381 2030 a
381 1972 489 2061 culpa
507 1977 556 2031 est
574 1980 719 2033 remotus.
750 1970 857 2031 Omnia
875 1934 951 2031 haec
968 1979 1041 2031 sunt

14 2055 113 2117 cilicia
133 2037 391 2129 necessariorum,
421 2055 583 2115 commoda
602 2053 787 2128 tenuiorum,
811 2052 914 2115 munia
935 2052 1035 2113 candi·

14 2139 160 2201 datorum.

91 2217 142 2282 74.
164 2220 205 2281 Αι
225 2216 306 2297 enim
319 2220 381 2296 agit
394 2236 513 2282 mecum
528 2229 649 2282 austere
666 2228 696 2281 et
712 2217 814 2283 Stoice
831 2219 913 2281 cato.
942 2220 1041 2296 Negat

13 2319 115 2367 verum
132 2319 204 2363 esse
225 2290 317 2364 adiici
336 2303 579 2365 benevolentiam
598 2303 683 2365 cibo:
708 2311 806 2400 negat·
817 2301 962 2366 iudioium
981 2303 1038 2365 ho-
1152 2340 1156 2349 ι

11 2386 122 2449 minum
147 2385 178 2446 in
202 2376 427 2461 magistratibus
452 2387 633 2448 mandandis
656 2385 809 2465 corrumpi
829 2382 1039 2484 voluptatibus

12 2478 161 2547 oportere.
194 2469 275 2544 Ergo
296 2469 336 2529 ad
357 2484 484 2531 coenam
503 2468 658 2564 petitionis
679 2486 789 2543 causa,
811 2469 838 2531 si
853 2470 923 2547 quis
937 2478 1038 2564 vocat,

11 2554 236 2615 condemnetur.
274 2550 409 2627 Quippe,
433 2551 545 2627 inquit,
564 2560 597 2613 ιιι
612 2551 685 2612 ιιι11ιί
700 2569 850 2615 summum
869 2551 1040 2627 imperium,

11 2652 157 2697 summam
171 2635 388 2707 auctoritatem,
403 2642 437 2695 tn
453 2635 659 2710 gubernacula
672 2635 717 2696 rei
731 2636 873 2711 publicae
888 2641 976 2709 petas
993 2634 1039 2692 io·

10 2717 118 2780 vendis
132 2717 288 2779 hominum
300 2718 443 2779 sensibus
455 2727 486 2779 ct
496 2717 677 2778 deliniendis
689 2718 797 2780 animis
812 2726 843 2781 et
855 2713 1039 2791 adhibendis

10 2801 237 2879 voluptatibus?
263 2803 369 2863 Utrum
389 2799 587 2874 lenocinium,
608 2800 720 2876 inquit,
741 2818 760 2862 a
780 2814 873 2878 grege
890 2796 1039 2859 delicatae

10 2883 172 2947 iuventutis
187 2901 225 2945 an
241 2884 324 2946 orbis
338 2893 485 2946 terrarum
501 2882 659 2960 imperinm
673 2900 692 2943 a
706 2885 823 2961 populo
835 2884 973 2943 Romano
984 2897 1038 2957 pe-

9 2970 117 3031 tebast
136 2967 295 3029 Horribilis
310 2968 422 3030 oratio=
444 2969 500 3028 sed
517 2984 583 3027 eam
597 2984 688 3041 usus,
703 2967 780 3040 vita,
797 2980 914 3036 mores,
929 2963 1038 3025 civitas

10 3052 77 3128 ipsa
96 3051 225 3127 respuit.
265 3051 372 3127 Neque
392 3060 492 3113 tamen
515 3049 763 3124 Lacedaemonii,
785 3055 925 3109 auctores
947 3047 1037 3111 istius

10 3135 89 3197 vitae
113 3143 205 3211 atque
231 3133 392 3208 orationis,
419 3133 470 3210 qui
495 3132 656 3195 cotidianis
679 3131 779 3209 epulis
803 3130 833 3191 in
856 3130 965 3193 robore
985 3147 1037 3193 ac·

9 3220 163 3292 cumbunt,
179 3233 368 3294 neqnevero
381 3219 493 3291 cretes,
511 3213 1039 3293 quorumnemogustavitumquam

10 3302 135 3375 cubans,
151 3300 260 3362 melius
275 3318 366 3377 quam
379 3299 508 3363 Romani
521 3298 669 3372 homines,
687 3298 739 3376 qui
751 3307 889 3375 tempora
898 3299 1042 3370 volupta-

10 3383 48 3446 tis
71 3384 248 3460 laborisque
275 3383 471 3463 dispertiunt,
497 3400 549 3447 res
575 3381 713 3463 publicas
737 3379 1039 3522 suasgretinuerupta

56 3477 111 3521 crc.
131 3477 221 3523 carr.
