2340 3788
98 164 164 229 39⁰
385 164 467 225 etta
477 162 511 237 Q.
528 161 685 223 LIGARIO
701 160 862 223 ORATIO.

99 327 163 390 tuo,
178 315 268 375 liceat
283 315 384 375 multis
398 312 465 373 aliis
481 328 595 373 carere.
639 311 767 385 Quando
781 312 845 373 hoc
864 314 1046 391 qtrisqnam
1064 322 1121 381 exlt

102 402 229 469 Caesar,
250 395 381 469 audivit,
404 405 457 456 aut
477 403 529 455 tua
543 394 615 471 quid
630 395 717 455 aliud
730 411 816 455 arma
826 397 1012 461 voluerunt
1025 397 1078 467 nisi
1089 406 1121 457 at

102 479 314 544 coutumeliam
329 479 530 554 propulsaret
551 477 629 550 outo
652 479 714 552 ogit
732 485 808 539 tuus
825 476 975 543 invictus
993 481 1127 555 exordia}

101 565 163 626 nisi
172 572 205 625 ιιι
216 580 304 624 suum
314 562 363 622 ius
374 569 508 623 tueretur
522 570 553 623 et
567 560 741 635 dignitatem
756 568 865 621 tuamt
883 562 997 636 Quid?
1007 574 1049 639 tu,
1063 568 1126 638 quui

102 663 211 725 pacem
227 663 299 706 esso
312 644 471 720 cupiebas,
485 643 557 704 idue
572 645 695 719 agebas,
711 651 745 703 ut
758 642 816 703 tibi
826 659 905 705 eum
924 647 1092 719 sceleratis
1101 658 1125 705 a·

102 740 137 792 ut
151 747 219 791 cum
233 731 323 789 bonis
339 728 456 788 civibus
471 726 667 788 convenit-etl
687 725 736 788 19.
749 725 824 789 blibi
839 744 941 804 vero,
960 730 1083 803 Caesa,

102 814 134 875 in
156 831 205 873 me
226 811 360 873 maxima
379 809 486 871 merita
504 818 587 870 tanta
608 818 689 871 certe
711 826 773 871 non
788 808 999 887 viderentur,
1014 814 1094 875 sirm

103 899 284 958 sceleratum
299 913 317 956 a
332 903 361 955 te
377 901 590 953 conservatum
603 903 750 968 putarem.
793 892 862 966 Quo
883 897 990 957 modd
1006 902 1117 959 autent

103 982 144 1041 da
154 996 188 1039 re
203 979 325 1055 publica
338 978 417 1038 bene
431 974 555 1037 meritus
570 992 674 1048 esses,
700 992 792 1050 quum
805 983 852 1037 tot
867 979 1055 1041 sceleratos
1067 981 1117 1039 ion

102 1064 175 1124 lumi
196 1063 341 1138 dignitate
365 1076 435 1120 esse
459 1058 633 1120 voluissem
656 1058 874 1119 Secessionam
889 1069 928 1123 tu
945 1058 1117 1123 illamer'ni

103 1146 235 1220 movisti,
250 1147 370 1216 Caesar,
385 1143 478 1217 initio,
493 1159 554 1204 non
568 1143 690 1213 bellum,
704 1158 806 1216 neque
819 1141 941 1204 hostile
958 1142 1116 1219 odiumnl

104 1230 193 1290 civile
208 1229 377 1298 discidium,
392 1228 531 1301 utrisque
546 1224 737 1300 cupientibus
757 1240 820 1285 rem
835 1226 1009 1299 publicam
1029 1230 1116 1295 suurn

104 1313 160 1372 sed
181 1313 289 1387 partim
305 1307 449 1379 consiliis,
468 1308 575 1383 partim
587 1308 697 1370 studiis
712 1309 898 1368 acommuui
914 1309 1054 1373 utilitate
1065 1311 1115 1371 ula

102 1394 249 1454 rantibus.
292 1390 463 1463 Principum
477 1392 605 1464 dignitas
627 1399 692 1453 erat
711 1406 810 1466 paene
827 1407 902 1466 par,
924 1410 997 1455 non
1021 1395 1116 1471 partu

104 1486 188 1538 tasse
204 1490 324 1546 eorum,
348 1475 399 1548 qui
421 1475 640 1548 sequebantur:
658 1489 753 1535 cansa
765 1481 827 1535 tum
842 1473 952 1548 dubia,
980 1479 1067 1553 quod
1080 1482 1115 1537 ut

104 1557 219 1632 aliquid
230 1559 261 1616 iu
275 1566 402 1631 utraque
414 1567 499 1631 parta
511 1558 595 1632 quod
605 1556 729 1633 probari
740 1563 860 1630 posset:
880 1574 971 1620 nunc
989 1561 1116 1623 mature

104 1640 268 1701 iudicanda
283 1648 339 1712 est,
356 1657 446 1715 quam
462 1640 552 1701 etiam
565 1642 595 1700 di
608 1642 796 1702 adiuverunt.
840 1639 979 1716 cognita
999 1662 1072 1705 vero
1082 1644 1115 1703 tlt

105 1717 278 1784 mentiaiua
294 1723 364 1798 quis
383 1740 445 1783 non
464 1740 531 1784 eam
546 1724 702 1785 victoriam
715 1723 838 1798 probet,
855 1721 888 1782 in
912 1742 983 1800 qua
1004 1722 1115 1791 occidui

103 1824 192 1868 nemo
208 1807 267 1867 nisi
281 1814 435 1867 armatusl

164 1893 229 1950 Vll.
241 1890 291 1951 20.
306 1890 368 1949 Sed
380 1898 412 1949 ut
430 1889 562 1950 omittam
574 1906 763 1951 communem
777 1894 917 1966 cauam,
930 1888 1116 1955 veniamual

103 1983 246 2034 nostram.
289 1974 394 2034 Utrum
417 1975 536 2033 taudem
557 1972 712 2033 existimas
733 1971 849 2032 facilius
871 1973 996 2049 luisse,
1020 1977 1117 2041 Tuberi

102 2057 252 2130 Ligarium
276 2073 316 2115 ex
338 2054 442 2115 Airica
463 2056 546 2115 exire
569 2072 684 2114 auvos
705 2055 734 2114 in
762 2054 897 2115 Africam
923 2075 994 2119 non
1026 2059 1117 2119 veniret

102 2139 329 2208 Poteramusne,
344 2139 473 2212 inquies,
491 2156 582 2212 quum
597 2147 721 2198 senatus
737 2137 935 2199 censuisset?
952 2141 989 2202 Si
1011 2160 1060 2203 me
1073 2156 1116 2201 tou

103 2221 193 2294 salis,
212 2224 294 2282 nullo
313 2222 415 2281 modo.
459 2221 520 2280 Sed
536 2231 634 2281 tamen
648 2220 798 2294 Ligarium
816 2230 948 2284 senatus
964 2223 1052 2287 idem
1066 2228 1119 2298 lega

102 2312 196 2363 verat.
240 2307 341 2376 Atque
365 2306 414 2364 ille
430 2321 467 2363 eo
489 2314 626 2379 tempore
638 2303 751 2378 paruit,
772 2321 865 2378 quum
885 2321 1009 2379 parere
1031 2302 1121 2369 senti

102 2401 230 2445 neeesse
245 2395 323 2446 erat:
342 2403 399 2446 vos
415 2395 486 2447 tunc
503 2386 653 2461 paruistis,
668 2405 759 2462 quum
774 2389 873 2462 paruit
888 2405 1002 2464 nemo,
1018 2391 1077 2453 nisi
1090 2385 1121 2463 qu·

101 2468 206 2530 voluit.
250 2470 453 2544 Reprehendo
477 2472 587 2546 igitur?
607 2470 729 2529 Minime
752 2487 833 2529 vero.
877 2471 997 2547 Neque
1015 2471 1122 2535 enimi

102 2552 163 2612 ertit
177 2553 263 2613 aliter
280 2560 381 2613 vestro
397 2554 654 2628 gener1,nomini,
670 2553 813 2623 familiae,
835 2552 1043 2629 disciplinae.
1083 2551 1123 2617 Sed

100 2636 159 2694 boc
173 2654 234 2695 non
250 2638 402 2708 concedo,
416 2645 464 2706 ut,
487 2637 597 2711 quibus
614 2637 705 2696 rebus
720 2636 886 2710 gloriemini
901 2636 939 2697 in
954 2641 1068 2714 vob'iS,
1079 2653 1124 2700 aaa

100 2720 168 2779 dem
186 2721 216 2778 in
229 2719 296 2779 aliis
312 2719 552 2792 reprehendatis.
594 2717 645 2780 at.
664 2718 831 2779 Tuberonis
846 2736 916 2779 sors
936 2724 1085 2786 coniecto
1096 2728 1126 2781 etl

100 2819 139 2861 ex
154 2812 280 2862 senatus
298 2803 453 2872 consulto,
475 2819 567 2876 quum
593 2803 660 2876 ipse
675 2820 734 2862 non
752 2802 889 2873 adesset,
917 2807 1039 2869 morbo
1054 2806 1125 2868 eu'au

99 2886 306 2959 impediretur.
351 2884 502 2946 Statuerat
525 2902 683 2946 excusare.
726 2886 810 2944 Haec
831 2900 889 2958 ego
911 2889 995 2949 novi
1021 2896 1126 2965 proptu

100 2984 206 3028 omnes
238 2967 497 3040 necessitudines,
530 2985 609 3043 quae
631 2967 703 3027 mihi
722 2977 793 3028 sunt
817 2984 887 3028 curn
903 2968 940 3029 L.
960 2970 1125 3035 Tuberone:

99 3051 182 3109 domi
208 3069 268 3111 una
290 3051 413 3122 eruditi,
436 3051 558 3112 militiae
578 3052 824 3122 contubernales,
848 3059 921 3124 post
949 3052 1127 3128 adlines‚ir

99 3133 180 3192 omni
195 3134 327 3207 denique
342 3135 404 3194 vita
419 3133 596 3194 familiares:
611 3151 751 3208 magnum
763 3135 852 3193 etiam
867 3133 1046 3212 vinculum,
1063 3134 1128 3215 quod

97 3217 206 3275 iisdem
233 3216 339 3275 studiis
362 3234 483 3292 semper
510 3217 556 3277 usi
579 3235 695 3278 sumus.
738 3216 808 3276 Scio
830 3215 921 3290 igitur
945 3221 1127 3284 Tuberonem

97 3299 178 3358 domi
193 3315 316 3358 manere
332 3299 483 3361 voluisse:
505 3301 561 3360 sed
578 3301 619 3360 ita
636 3301 758 3373 quidam
774 3300 898 3374 agebat,
913 3300 962 3364 ita
980 3308 1029 3366 rei
1047 3302 1127 3381 publi-

97 3394 151 3438 cae
166 3380 391 3443 sanctissimum
402 3399 511 3443 nomen
529 3384 719 3459 opponebat,
733 3390 773 3455 ut,
789 3381 879 3442 etiam
898 3385 925 3444 si
941 3389 1037 3451 aliter
1052 3385 1127 3451 senti·
