2340 3788
291 231 296 240 -
384 201 466 262 car.
480 204 577 264 l-o.
599 206 626 268 a.
642 209 758 264 ι-ιι.
1036 149 1099 271 lla

63 366 138 428 tusss,
157 361 221 414 tum
235 351 286 413 ille
302 351 403 413 subito
421 352 539 413 scelere
555 353 682 412 demens
698 360 811 426 quanta
827 352 1034 417 eonscientiae
1049 355 1097 419 vis

65 445 154 500 esset
169 434 311 497 ostendit.
338 436 414 495 Nam
429 453 523 509 quum
536 435 568 494 id
584 443 693 511 posset
709 434 846 510 infitiari,
865 447 992 514 repente
1007 455 1095 516 prae·

62 533 115 585 ter
132 519 308 596 opinionem
319 518 453 580 omnium
468 520 630 579 confessus
645 526 701 578 est.
720 519 765 578 Ita
780 535 848 579 eum
861 537 924 582 nou
941 524 1035 584 modo
1051 521 1096 583 iu-

64 605 192 682 genium
211 602 287 663 illud
307 610 338 663 et
352 601 474 662 dicendi
491 601 667 662 exercitatio
675 622 689 676 ,·
708 617 769 678 qua
784 601 907 678 semper
922 605 1025 679 valuit,
1040 604 1112 667 sed*

63 688 166 751 etiam·
174 694 300 762 propter
314 685 375 745 vim
387 685 514 745 sceleris
528 685 680 747 manifesti
694 693 786 760 atque
801 685 984 759 deprehensi
998 688 1096 764 impu-

66 771 186 842 dentia,
214 786 276 844 qua
295 769 463 844 superabat
482 784 605 842 omneS,
625 767 867 844 improbitasque
884 768 1004 834 deleuit.
1036 770 1097 831 la.

64 851 245 923 Volturcius
271 867 345 912 vero
373 851 473 917 subito
495 851 610 914 litteras
630 850 760 927 proferri
781 859 874 926 atque
888 851 1001 927 aperiri
1015 853 1099 915 iubet

61 954 152 1014 quas
166 936 225 996 sibi
241 952 260 996 a
276 936 405 995 Lentulo
422 936 462 994 ad
477 934 632 994 Catilinam
648 935 735 994 datas
750 949 821 995 esse
834 932 965 995 dicebat.
995 937 1098 1011 Atque

66 1021 113 1083 ibi
129 1018 398 1080 vehementissime
417 1019 609 1093 perturbatus
628 1019 774 1078 Lentulus
804 1025 905 1078 tamen
929 1026 960 1080 et
978 1018 1098 1094 signum

65 1113 98 1167 et
110 1119 235 1163 manum
250 1117 338 1163 suam
350 1101 503 1177 cognovit
525 1101 621 1162 Erant
631 1110 732 1163 autem
743 1100 875 1176 scriptae
887 1101 954 1163 sine
965 1102 1097 1176 nomine,

66 1186 195 1250 sedita.
219 1186 290 1257 Quas
313 1188 368 1246 sim
393 1189 468 1248 scies
486 1202 526 1246 ea
542 1202 592 1259 eo,
616 1201 701 1261 quem
713 1185 757 1244 ad
768 1191 796 1246 te
808 1189 884 1247 mna
907 1187 987 1247 Oura
1000 1193 1035 1247 ut
1052 1189 1098 1247 vir

64 1276 160 1346 creet
164 1273 270 1346 copim
281 1286 366 1352 quem
380 1273 412 1331 ιἰι
425 1273 519 1331 locam
529 1273 571 1330 sis
580 1286 764 1345 proprersus,
778 1276 808 1330 et
816 1271 882 1330 aide
895 1270 969 1355 qaid
981 1270 1097 1330 citiam

64 1359 106 1417 sit
115 1371 250 1428 faecesse
261 1360 379 1415 eterra
378 1355 623 1415 ulomaiumtibi
634 1355 923 1429 dominacionem,
940 1356 1058 1414 etiam
1044 1370 1097 1413 ιιι-

62 1443 212 1514 fimorum.
244 1436 736 1509 GabiniusdeindeintroductuS,
761 1437 975 1535 quamprimo
999 1436 1096 1512 impu·

65 1523 177 1582 denter
191 1522 380 1596 respondere
395 1521 564 1597 coepisset,
581 1522 621 1581 ad
632 1529 800 1583 extremum
811 1521 885 1581 nihil
899 1536 939 1580 ex
949 1520 997 1592 iis,
1017 1536 1096 1600 quae

67 1603 148 1665 Gabi
167 1601 395 1678 insimulabant,
413 1605 544 1680 negavit.
579 1603 628 1665 13.
653 1607 699 1663 Ac
712 1604 784 1663 mihi
802 1604 938 1682 quidem,
956 1602 1096 1677 Quirites,

67 1702 165 1762 quum
180 1687 231 1747 illa
246 1687 416 1748 certissima
429 1686 498 1746 visa
520 1695 591 1746 sunt
603 1694 779 1760 argumenta
794 1694 886 1761 atque
902 1687 1015 1748 indicia
1029 1703 1095 1747 sce·

66 1770 160 1843 leris,
174 1770 317 1841 tabellae,
341 1769 454 1842 signa,
465 1783 588 1840 manus,
609 1768 741 1842 denique
757 1770 847 1829 unius
862 1771 1010 1842 cuiusque
1025 1786 1096 1829 con·

64 1853 337 1915 lessiotummulto
346 1849 475 1909 certiora
485 1849 544 1920 illa
561 1851 655 1922 color,
673 1850 761 1923 oculi,
775 1852 888 1924 vultus,
901 1851 1097 1910 taciturnitas.
1144 1872 1147 1876 ·

66 1936 123 1998 Sic
140 1933 220 1992 enim
235 1932 476 2007 obstupuerant,
505 1931 550 1990 sic
566 1939 677 1991 terram
692 1931 899 2004 intuebantur,
929 1931 975 1991 sic
996 1931 1098 1992 lurtim

63 2035 131 2080 non
148 2031 312 2090 numquam
325 2014 402 2077 inter
416 2031 488 2076 sese
504 2013 701 2090 aspiciebant,
721 2024 829 2077 utnon
845 2015 905 2075 iam
919 2015 957 2074 ab
973 2013 1062 2098 aliis
1054 2030 1098 2072 rn-

65 2099 176 2169 dieari‚
194 2100 251 2159 sed
266 2097 403 2160 indicare
418 2115 454 2159 se
473 2097 534 2195 ipsi
555 2098 736 2161 viderentur

153 2184 213 2242 vl.-
233 2181 357 2243 Indiciis
372 2181 521 2257 expositis
536 2189 627 2259 atque
642 2180 732 2244 editis
748 2189 885 2243 senatum
905 2144 1046 2242 consului
1058 2181 1098 2241 de

66 2282 188 2330 summa
201 2282 235 2326 re
248 2265 371 2342 publica
383 2265 455 2341 quid
473 2265 539 2326 lieri
557 2267 700 2342 placeret.
736 2266 841 2328 Dictae
858 2275 929 2327 sunt
947 2282 966 2327 a
985 2263 1096 2342 prinei-

65 2349 161 2428 pibus
177 2348 343 2410 acerrimae
357 2366 393 2409 ac
406 2349 590 2410 fortissimae
605 2349 781 2423 sententiae,
800 2367 876 2426 quas
894 2359 1019 2412 senatus
1031 2348 1098 2410 sine

67 2435 135 2495 ulla
148 2432 295 2494 varietata
310 2441 359 2493 est
375 2441 509 2493 secutus.
543 2433 581 2495 Et
595 2433 737 2508 quoniam
754 2436 888 2496 nondum
905 2443 953 2498 est
966 2431 1098 2509 perscri-

65 2524 153 2593 ptum
168 2525 293 2578 senatus
308 2514 494 2589 consultum,
515 2515 559 2576 'ex
575 2516 720 2577 memoria
735 2517 837 2590 vobis,
860 2517 1007 2591 Quirites,
1023 2513 1099 2589 quid

67 2607 195 2660 senatus
211 2597 364 2659 censuerit
378 2614 541 2674 exponam.
559 2597 612 2660 nl.-
629 2599 760 2662 Primum
776 2600 849 2661 mihi
864 2600 979 2676 gratiae
994 2595 1098 2656 verbis

67 2681 267 2758 amplissimis
281 2689 421 2757 aguntur,
437 2683 521 2757 quod
537 2683 654 2758 virtute,
669 2683 807 2760 consilio,
824 2680 1016 2760 providentia
1031 2692 1099 2738 mea

64 2782 118 2827 res
133 2765 257 2841 publica
275 2764 416 2825 maximia
433 2763 577 2864 periculis
593 2766 633 2826 sit
646 2766 787 2828 liberata:
802 2766 914 2827 deinde
924 2766 957 2824 L.
968 2765 1097 2824 Flaccus

66 2847 335 2925 etc.1>0mptinus
350 2857 523 2924 praetores,
541 2849 625 2924 quod
639 2865 744 2910 eorum
759 2864 854 2925 opera
870 2847 940 2908 torti
954 2843 1098 2921 fidelique

64 2948 145 2992 usus
159 2947 269 3005 essem,
286 2931 393 2992 merito
406 2948 443 2992 ac
458 2931 524 2992 iure
539 2932 707 3007 laudantur,
722 2942 815 3008 atque
831 2931 921 2992 etiam
936 2930 1002 2991 viro
1017 2927 1096 3002 lorti,

55 3016 206 3089 ,collegae
220 3031 305 3089 meo,
322 3017 390 3076 laus
401 3015 584 3090 impertitur,
601 3016 684 3090 quod
699 3031 769 3090 eos,
786 3013 838 3090 qui
852 3014 942 3075 huius
958 3013 1097 3077 coniura-

63 3097 160 3160 tionis
175 3098 340 3174 participes
355 3099 502 3171 tuissent,
523 3115 542 3158 a
558 3097 622 3160 suis
637 3106 668 3159 et
683 3098 728 3158 rei
744 3099 886 3174 publicae
898 3096 1035 3159 consiliis
1049 3111 1097 3155 re-

63 3180 224 3241 movisset.
267 3183 370 3258 Atque
383 3181 425 3242 ita
440 3189 640 3255 censuerunt,
665 3190 698 3243 ut
711 3182 749 3240 Ρ.·
764 3182 925 3254 Lentulus,
951 3197 1045 3258 quum
1063 3192 1098 3238 se

62 3273 211 3340 praetura
223 3262 412 3336 abdicasset,
431 3264 463 3324 in
479 3265 649 3326 custodiam
662 3265 846 3327 traderetur=
862 3266 994 3342 itemque
1007 3262 1051 3323 uti
1065 3259 1097 3318 c.

64 3347 236 3422 Cethegus,
261 3348 295 3407 L.
313 3347 464 3422 Statilius,
488 3349 520 3408 Ρ.
537 3347 698 3422 Gabinius,
727 3350 778 3423 qui
794 3365 900 3410 omnes
918 3349 1098 3425 praesentes

65 3438 170 3504 eraut,
195 3432 226 3490 ill
239 3428 409 3493 custodiam
424 3431 630 3492 traderentur:
656 3440 749 3508 atque
764 3432 844 3494 idem
864 3433 924 3492 hoe
944 3431 1101 3490 decretum
