2340 3788
101 208 167 274 too
254 208 293 267 ru
308 206 348 265 u.
365 202 565 264 auronrou
579 202 720 263 onnno
736 203 952 266 rmnurrcu
967 184 1005 265 uss

101 376 174 423 aare
193 374 254 418 non
275 364 420 433 possunt,
440 351 615 431 provincias
629 352 803 427 universas,
825 363 935 429 patres
957 355 1122 433 conscripti,

98 440 292 520 perdidistis,
323 455 424 515 neque
446 435 604 511 vectigalia
628 438 741 508 solum,
773 437 829 496 sed
856 437 950 500 etiam
976 439 1124 516 imperium

98 524 205 601 populi
224 522 353 584 Romani
383 520 474 582 huius
499 517 673 579 domesticis
702 518 844 579 nnndiais
872 521 1065 585 deminutum
1078 533 1125 584 cst

98 607 245 667 XXXVII.
264 605 315 667 93.
336 605 395 666 Ubi
420 613 468 664 est
487 601 622 676 septiens
643 601 779 674 miliens,
802 603 886 678 quod
904 611 956 666 est
970 604 1002 664 in
1017 606 1126 681 tabulis,

100 698 262 765 quaesunt
278 689 318 748 ad
332 687 429 763 Opist
449 688 588 746 funestae
608 683 689 744 illius
704 684 827 758 quidem
837 685 1006 761 pecuniae,
1022 691 1078 750 sed
1091 699 1126 750 ta

98 789 177 844 men,
194 786 273 848 quae
287 787 345 832 nos
360 769 387 830 si
402 769 456 841 iis,
474 783 602 843 quorum
617 775 689 839 erat,
705 783 766 827 non
776 767 969 842 redderetur,
987 787 1007 830 a
1021 772 1128 832 tributis

99 863 208 930 posset
232 853 396 914 vindicare.
446 852 490 911 Tu
512 857 613 910 autem
645 850 932 924 quadringentiens·
950 855 1127 924 sestertium,

101 939 185 1013 quod
212 936 316 997 ldibus
330 932 445 995 Martiis
469 932 615 1007 debuisti,
630 948 762 1007 quonam
783 933 875 992 modo
890 942 964 995 ante
979 935 1129 998 Kalendas

98 1020 222 1096 Apriles
236 1019 348 1079 debere
363 1016 497 1078 desistit
516 1015 592 1075 Sunt
605 1030 642 1074 ea
657 1014 779 1090 quidem
793 1013 1040 1092 innumerabilia,
1059 1035 1130 1097 quae

99 1102 197 1164 aluis
219 1103 395 1162 emebantur
414 1116 475 1161 non
496 1097 642 1158 insciente
662 1106 707 1168 te,
729 1099 899 1159 sedunum
920 1101 1084 1175 egregium
1096 1104 1130 1163 de

98 1200 171 1261 rege
190 1184 349 1259 Deiotaro,
372 1182 476 1258 populi
490 1180 619 1242 Romani
640 1179 839 1252 amicissimo,
856 1181 1019 1244 decretum
1033 1187 1065 1243 in
1082 1185 1130 1244 Ca

98 1266 205 1342 pitolio
223 1268 332 1328 flauam
355 1282 416 1341 quo
437 1264 597 1341 proposito
617 1279 706 1324 nemo
733 1271 797 1322 erat
812 1263 863 1338 qui
882 1263 913 1322 in
935 1264 1010 1339 ipso
1029 1269 1131 1329 dolore

98 1350 193 1411 risum
213 1357 322 1424 posset
340 1348 503 1409 continere.
547 1347 597 1407 94.
621 1346 694 1420 Quis
717 1344 797 1405 enim
817 1345 963 1421 cuiquam
986 1348 1132 1409 inimicior

100 1448 190 1507 quam
203 1430 345 1490 Deiotaro
361 1430 494 1489 Caesar?
509 1444 608 1502 aeque
624 1436 717 1504 atque
731 1428 801 1489 huic
812 1428 921 1503 ordini,
940 1439 978 1491 ut
989 1431 1127 1507 equestri,

99 1522 131 1574 ut
144 1511 402 1586 Massiliensibus,
423 1520 456 1571 ut
471 1509 627 1584 omnibus,
652 1511 763 1585 quibus
775 1527 839 1571 rem
854 1511 1013 1586 publicam
1026 1513 1129 1590 populi

99 1592 229 1655 Romani
244 1610 345 1654 caram
360 1610 431 1655 esse
446 1592 604 1654 sentiebat.
648 1594 758 1669 Igitur,
774 1612 793 1654 a
808 1610 868 1669 quo
883 1594 959 1656 vivo
976 1614 1033 1658 nec
1044 1613 1129 1671 prae

99 1693 172 1738 sens
188 1693 245 1737 nec
260 1679 372 1738 absens
385 1677 551 1753 quidquam
564 1677 654 1751 aequi
670 1677 742 1736 boni
754 1675 934 1750 impetravit,
952 1680 1038 1755 apud
1052 1691 1127 1740 mor-

99 1769 181 1823 tuum
198 1761 295 1822 taetus
310 1770 357 1822 est
376 1760 539 1836 gratimus.
583 1761 783 1834 compellarat
798 1759 955 1836 hospitem
971 1778 1127 1838 praesens,

99 1851 301 1919 computarat,
317 1843 477 1920 pecuniam
491 1845 662 1919 imperarat,
678 1842 709 1902 in
724 1842 790 1902 eius
806 1843 970 1904 tetrarchia
986 1862 1079 1906 unum
1092 1859 1125 1904 ex

99 1927 222 1988 Graecis
250 1926 410 1988 comitibus
436 1925 500 1986 suis
523 1927 699 1986 collocaram
726 1925 901 1985 Armeniam
922 1927 1126 1988 abstulerata

99 2018 207 2070 senatu
218 2010 326 2070 datam.
369 2010 453 2069 Haec
466 2009 554 2069 vivus
569 2008 695 2084 eripuit,
709 2007 808 2066 reddit
824 2016 975 2068 montius.
1020 2011 1070 2071 tto.
1090 2011 1125 2068 At

98 2093 209 2166 quibus
224 2093 346 2153 verbis?
362 2093 455 2151 Modo
471 2108 599 2166 aequum
613 2090 670 2151 sibi
681 2091 786 2163 videri,
800 2091 892 2150 modo
905 2109 967 2151 non
985 2089 1125 2169 iniquum.

96 2175 173 2235 Mira
187 2177 346 2236 verborum
365 2175 545 2249 complexio.
567 2178 607 2234 At
618 2173 667 2233 ille
681 2190 845 2246 numquam
855 2206 896 2218 -
912 2191 1040 2250 semper
1054 2176 1124 2236 enim

97 2257 216 2317 absenti
234 2258 317 2317 adfui
331 2257 473 2317 Deiotaro
498 2292 533 2299 —
557 2257 723 2332 quidquam
738 2256 809 2328 sibi,
830 2258 912 2331 quod
928 2274 988 2318 nos
1007 2277 1061 2334 pro
1077 2259 1121 2317 illo

96 2342 330 2414 postularemuS,
348 2357 480 2414 aequum
495 2339 571 2400 dixit
586 2339 690 2399 videri.
717 2340 899 2416 syngrapha
914 2342 1052 2401 sestertii
1063 2358 1123 2401 cen-

96 2420 175 2482 tiens
191 2439 247 2496 per
260 2424 386 2497 legatos,
404 2423 485 2482 viros
500 2423 613 2493 bonos,
630 2424 684 2482 sed
700 2421 819 2482 timidos
834 2432 865 2482 et
880 2423 1053 2497 imperitos,
1067 2425 1122 2482 sine

97 2514 210 2577 nostra,
229 2505 295 2566 sine
310 2504 497 2580 reliquorum
507 2505 660 2580 hospitum
668 2506 749 2579 regis
763 2505 922 2579 sententia,
938 2507 1022 2567 iacta
1037 2510 1118 2580 ingy-

22 2607 24 2611 ’
97 2604 223 2661 naeceo,
240 2606 299 2663 quo
315 2589 344 2647 in
360 2591 428 2649 loco
445 2588 592 2662 plurimae
607 2605 656 2647 res
673 2587 831 2648 venierunt
848 2597 877 2648 ct
899 2601 1044 2650 veneunt.
1069 2591 1120 2661 Qua

96 2687 136 2729 ex
151 2672 327 2749 syngrapha
343 2671 416 2746 quid
438 2671 481 2730 sis
505 2678 626 2731 acturus
638 2671 783 2731 meditere
799 2687 921 2730 censeo.
966 2673 1037 2732 Rex
1053 2672 1121 2732 enim

96 2752 164 2826 ipse
185 2771 241 2815 sua
258 2763 382 2829 sponte,
408 2755 498 2813 nuliis
514 2752 735 2814 commentariis
752 2753 906 2826 Caesaris,
922 2756 1016 2814 simui
1040 2765 1120 2828 atque

97 2835 212 2897 audivit
229 2836 295 2897 eius
310 2834 469 2909 interitum,
486 2853 542 2896 suo
561 2837 656 2897 Marte
672 2853 722 2895 res
741 2853 813 2897 suas
831 2837 1037 2911 recuperavit.
1078 2835 1120 2896 96·

97 2917 218 2980 Sciebat
240 2920 331 2980 horno
353 2921 477 2994 sapiens
501 2921 550 2978 ius
573 2935 694 2993 semper
714 2919 772 2978 hoc
788 2919 898 2990 fuisse,
916 2928 966 2993 ut,
988 2937 1069 2995 quae
1082 2928 1119 2993 ty·

95 3001 182 3059 ranni
195 3002 385 3077 eripuissent,
403 3020 439 3063 ea
454 3002 590 3079 tyrannis
605 3001 770 3063 interfectis
784 3002 814 3074 ii,
832 3002 944 3076 quibus
961 3013 1068 3078 erepta
1080 3017 1119 3060 es·

97 3089 173 3157 sent,
188 3094 413 3161 recuperarent.
457 3086 551 3144 Nemo
567 3085 657 3160 igitur
672 3087 736 3144 iure
752 3086 919 3157 consultus,
932 3103 976 3144 ne
991 3085 1051 3144 iste
1064 3081 1119 3158 qui·

97 3167 179 3237 dem,
195 3167 247 3241 qui
261 3169 313 3228 tibi
328 3168 381 3229 uni
396 3176 443 3228 est
456 3167 521 3228 iure
536 3171 708 3241 consultae,
729 3184 784 3241 per
799 3184 887 3243 quem
902 3167 979 3228 haec
997 3169 1074 3242 agis,
1088 3179 1119 3224 er

95 3246 154 3309 ista
174 3252 348 3326 syngrapha
369 3252 482 3311 debere
502 3250 574 3311 dicit
594 3269 649 3326 pro
664 3251 701 3310 iis
716 3251 823 3333 rebuS,
845 3267 925 3326 quae
948 3260 1035 3310 erant
1059 3257 1119 3308 ante

96 3333 301 3407 syngrapham
322 3342 527 3408 recuperatae.
577 3335 642 3394 Non
666 3334 745 3393 enim
765 3349 783 3392 a
800 3341 829 3393 te
845 3334 929 3406 emit,
954 3334 1009 3393 sed
1031 3331 1118 3407 prius,

97 3427 187 3484 quam
209 3424 242 3474 tu
264 3432 351 3476 suum
377 3416 433 3476 sibi
449 3416 617 3490 venderes,
640 3415 709 3490 ipse
729 3416 877 3490 possedit.
922 3417 975 3475 llic
993 3416 1040 3474 vir
1057 3412 1120 3473 luit:
