2340 3788
406 150 688 214 ARGUMEMTUM.
996 148 1060 217 337

28 306 85 368 ipse
108 304 184 352 etiam
208 315 311 352 causam
329 301 385 351 eius
401 301 455 366 egit
469 302 502 351 ad
519 301 650 367 populum.
675 299 797 350 Dicebant
814 309 919 366 uterque
936 303 1025 352 Miloni
1043 320 1060 355 a

28 371 117 420 Clodio
135 369 214 419 iactas
230 383 286 419 esse
303 369 418 421 insidias.

95 438 199 486 Flebant
215 438 309 486 interea
326 437 371 486 alii
387 452 418 487 ex
432 435 489 485 aliis
506 435 652 498 interreges,
670 436 714 495 qui
730 436 834 485 comitia
851 438 992 488 consularia
1000 455 1058 504 pro·

28 513 84 569 pter
106 519 192 554 eorum
216 505 404 555 candidatorum
425 501 546 553 tumultus
564 509 588 550 et
610 501 724 551 eamdem
749 517 852 552 manum
873 514 995 555 armatam
1012 507 1058 557 ba-

28 576 88 622 bere
105 586 155 622 uon
171 580 294 636 poterant.
327 574 414 635 Itaque
430 569 623 637 primo‘iactum
639 577 691 618 erat
707 569 735 624 S.
752 569 789 630 C.,
807 578 835 619 ut
849 572 958 622 interrex
973 582 997 624 et
1013 578 1058 625 tri-

28 642 89 690 buni
106 641 187 704 plebis
201 647 225 689 et
244 639 288 690 Cn.
307 640 450 703 Pompeius,
468 638 511 702 qui
524 651 571 702 pro
586 635 690 686 consule
707 638 741 689 ad
756 639 845 687 urbem
863 647 930 697 erat,
947 641 1059 692 viderent

28 724 60 756 ue
82 709 143 770 quid
159 708 300 758 detrimenti
318 706 477 770 respublica
494 711 610 768 caperet,
633 705 738 754 dilectus
757 713 840 755 antem
857 705 990 770 Pompeius
1008 715 1058 758 tota

28 776 100 824 ltalia
121 775 233 827 haberet.
268 776 317 834 Qui
339 789 417 836 quum
439 787 539 822 summa
560 771 687 822 celeritate
709 774 864 836 praesidium
881 787 1059 843 comparasset,

27 843 219 907 postulaverunt
243 843 311 907 apud
335 857 392 891 enm
411 842 533 892 familiam
555 840 669 905 Milonis,
693 842 753 890 item
771 841 877 891 Faustae
898 846 986 890 uxoris
1005 845 1059 893 eius

27 910 197 961 exhibendam
207 912 256 961 duc
264 909 453 969 adolescentuli,
469 911 511 971 qui
520 909 599 972 Appii
607 907 704 957 Claudii
714 910 786 959 ambo
803 910 1001 974 appellabantur,
1016 914 1059 973 qui

28 987 99 1027 orant
115 979 141 1032 C.
157 977 255 1028 Claudii
272 976 332 1036 fllii,
353 977 397 1039 qui
420 976 497 1027 irater
512 975 594 1025 luerat
612 974 706 1037 Clodii,
723 984 747 1025 et
764 977 795 1027 ob
812 977 839 1026 id
856 977 893 1026 illi
912 979 997 1041 patrui
1017 981 1060 1028 sui

27 1055 142 1104 mortem,
163 1046 230 1094 velut
244 1054 347 1095 auctore
365 1044 450 1107 iratae,
466 1044 688 1108 persequebantur.
723 1044 830 1094 Easdem
849 1046 956 1094 Faustae
973 1053 997 1094 et
1014 1046 1059 1094 Mi·

28 1115 92 1161 lonis
108 1111 216 1162 familias
232 1113 420 1176 postulaverunt
433 1112 484 1162 duo
499 1111 602 1169 Valerii,
615 1111 699 1175 Nepos
716 1120 740 1160 et
753 1113 856 1173 Leo,*et
873 1113 903 1162 L.
921 1113 1059 1164 Herennius

29 1181 133 1230 Balbus.
155 1183 183 1230 P.
203 1179 285 1230 Clodii
302 1194 403 1242 qnoque
419 1179 542 1230 familiam
560 1187 585 1228 et
603 1182 722 1229 comitum
741 1181 795 1229 eius
815 1180 952 1246 postulavit
970 1181 1059 1231 eudem

25 1253 140 1311 tempore
152 1246 264 1298 Caelius:
282 1248 403 1298 familiam
414 1247 525 1313 Hypsaei
544 1247 610 1306 etQ.
628 1247 740 1311 Pompeii
756 1249 893 1311 postulavit
903 1282 990 1300 ......
1007 1249 1059 1299 rid-

27 1316 131 1364 fuernnt
144 1316 230 1365 Miloni
249 1316 279 1374 Q.
295 1316 453 1379 Hortensius,
471 1316 504 1366 M.
522 1315 617 1375 Cicero,
633 1315 668 1367 M.
679 1315 821 1376 Marcellus,
837 1317 871 1370 M.
891 1315 1010 1377 Calidius,
1024 1317 1058 1366 M.

28 1383 103 1443 Cato,
124 1381 230 1433 Faustus
254 1381 333 1435 Sulla.
368 1384 450 1434 Verba
469 1398 550 1448 pauca
575 1381 604 1441 Q.
619 1382 769 1433 Hortensius
791 1385 870 1434 dixit:
891 1384 984 1435 liberos
1003 1398 1059 1434 esse

27 1465 85 1510 eos,
110 1452 153 1512 qui
169 1466 215 1514 pro
231 1452 311 1500 servis
333 1451 534 1516 postularantur.
552 1464 611 1501 nam
629 1460 688 1516 post
707 1462 833 1502 recentem
855 1453 960 1502 caedem
984 1467 1059 1502 mauu

26 1519 129 1567 miserat
146 1533 189 1569 eos
205 1519 265 1568 Milo
283 1520 331 1570 sub
349 1519 397 1569 boc
419 1520 508 1578 titulo,
530 1520 598 1583 qnod
621 1527 695 1584 caput
713 1533 787 1569 snum
805 1521 850 1570 ulti
866 1527 958 1574 essent.
992 1521 1059 1570 Haec

26 1587 165 1648 agebantur
188 1602 274 1638 mense
296 1586 446 1637 intercalari.
483 1588 543 1637 Post
558 1588 625 1636 diem
643 1589 802 1652 trigesimum
818 1588 888 1649 iere,
913 1602 988 1651 qaam
1007 1586 1059 1638 arai

26 1653 130 1702 Clodius
148 1657 261 1720 occisus,
283 1656 317 1704 M.
336 1655 450 1705 Metellus
468 1652 554 1718 Scipio
580 1656 607 1703 in
634 1663 723 1704 senatu
746 1660 831 1705 contra
852 1655 886 1704 M.
907 1655 1058 1720 Caepionem

25 1729 178 1783 conquestus
198 1731 245 1784 est,
264 1737 294 1772 ao
310 1723 341 1772 de
358 1723 436 1772 caede
450 1722 478 1774 P.
496 1721 577 1770 Clodii
594 1721 686 1772 ialsnm
703 1736 759 1770 esse
777 1724 850 1781 dixit,
864 1723 932 1784 quod
943 1723 1002 1773 Milo
1021 1725 1059 1772 sie

26 1803 55 1836 se
79 1788 224 1840 defenderet
349 1787 464 1838 Clodium
486 1789 603 1838 Aricinos
625 1790 773 1838 decuriones
803 1790 955 1852 adloquendi
977 1792 1059 1854 gratia

27 1856 128 1912 abisse,
146 1855 288 1918 proiectum
306 1868 364 1904 cum
379 1870 426 1904 sex
441 1870 471 1904 ac
486 1856 576 1920 viginti
589 1857 683 1905 servia:
702 1855 820 1907 Milonem
839 1857 922 1906 subito
941 1865 998 1919 post
1015 1857 1059 1905 ho·

24 1938 81 1972 ram
105 1930 218 1983 quartam
241 1928 330 1971 senatu
349 1923 428 1971 misso
451 1937 508 1972 cum
531 1924 611 1972 servis
636 1923 745 1987 amplius
768 1927 886 1973 trecentis
910 1925 1010 1973 armatis
1027 1925 1058 1974 ob

25 1993 95 2038 viam
114 1989 137 2038 ei
153 1990 329 2049 contendisse,
350 1997 375 2039 et
393 2004 470 2055 supra
484 1990 594 2042 Bovillas
612 1992 784 2057 inopinantem
807 1993 833 2041 iu
850 1993 939 2040 itinere
956 1993 1059 2057 adqras·

26 2073 98 2107 sum:
114 2058 149 2107 ibi
167 2059 195 2108 P.
211 2056 326 2109 Clodium
343 2059 423 2107 tribua
439 2059 585 2110 vulneribus
607 2061 715 2124 acceptis
737 2058 850 2110 Bovillas
866 2059 1003 2124 perlatum,
1020 2067 1059 2109 ta-

25 2128 143 2185 bernam,
161 2126 187 2175 in
205 2130 280 2188 quain
293 2125 449 2190 profugerat,
469 2134 639 2193 expugnatam
657 2143 671 2176 a
687 2127 792 2178 Milone:
813 2129 987 2178 semianimem
1004 2125 1059 2176 Clo·

26 2195 98 2244 dium
112 2201 251 2244 exuamum
267 2195 349 2244 invia
365 2196 450 2259 Appia
465 2197 574 2246 occisum
590 2210 655 2257 essa,
670 2197 823 2258 anulumque
839 2197 894 2245 eius
909 2196 932 2245 ei
945 2195 1060 2246 morienti

26 2269 180 2311 extractum:
205 2263 296 2312 deiude
318 2260 450 2324 Milonem,
477 2278 553 2326 quum
579 2266 656 2313 sciret
675 2265 701 2313 in
718 2265 815 2315 Albano
832 2263 1059 2329 parvulnmillium

25 2330 117 2389 Clodii,
136 2332 236 2380 venisse
253 2332 287 2381 ad
299 2330 395 2389 villam,
414 2339 438 2380 et
452 2347 531 2394 quum
540 2346 603 2397 puer
619 2340 677 2381 ante
688 2334 831 2382 subtractus
848 2341 924 2396 esset,
942 2345 1057 2383 exservo

25 2397 142 2446 Halicore
158 2400 330 2461 quaestionem
346 2400 381 2447 ita
395 2397 528 2460 babuisse,
554 2407 583 2449 ut
600 2415 656 2458 eum
675 2400 826 2450 articulatim
845 2406 1000 2451 conseearet:
1021 2401 1059 2448 vi-

25 2466 248 2529 licumpraeterea
266 2477 291 2518 at
310 2468 374 2517 duos
391 2481 478 2518 servos
496 2467 639 2533 iugulasse:
657 2484 689 2518 ex
707 2469 786 2518 servis
803 2467 899 2530 Clodii,
918 2470 961 2531 qui
980 2468 1059 2517 domi·

25 2549 86 2583 num
102 2533 272 2595 defenderint,
295 2535 411 2585 undecim
432 2549 488 2586 esse
505 2536 662 2587 interiectos:
686 2536 773 2585 Miloni
788 2537 851 2586 duos
877 2535 945 2587 solos
960 2536 1059 2583 saucios

26 2603 107 2650 laotos
126 2617 194 2652 esse:
212 2604 244 2653 ob
262 2617 326 2666 qnae
338 2602 457 2652 Milonem
469 2612 570 2668 postero
585 2606 627 2655 die
642 2604 774 2654 duodecim
784 2618 879 2662 servos,
895 2604 939 2666 qni
952 2602 1060 2650 manime

26 2684 129 2732 operam
144 2679 286 2728 navaaseut,
303 2685 379 2722 maan
395 2672 512 2734 misisse,
530 2673 674 2737 populoque
689 2673 801 2722 tributim
817 2671 918 2736 singula
935 2669 1003 2719 milia
1019 2683 1060 2718 ae·

26 2738 63 2785 ris
80 2738 113 2785 ad
127 2737 301 2793 defendendos
319 2740 350 2788 de
369 2754 397 2789 ss
416 2754 529 2789 rumores
546 2741 656 2790 dedisse.
680 2741 741 2791 Milo
756 2741 856 2790 misisse
875 2740 909 2790 ad
927 2737 971 2790 Cn.
984 2739 1061 2786 Pom-

25 2805 111 2868 peium
127 2805 266 2868 dicebatur,
280 2809 348 2870 quod
358 2807 474 2873 Hypsaeo
487 2822 584 2857 summe
600 2810 729 2867 studebat,
742 2809 810 2871 quod
822 2808 905 2857 iuerat
917 2807 971 2854 eius
984 2818 1061 2867 quae-

27 2879 99 2935 stor,
119 2872 240 2925 desistere
257 2890 285 2924 se
303 2877 424 2940 petitione
439 2876 600 2935 consulatus,
626 2878 648 2926 si
665 2877 701 2925 ita
719 2878 743 2927 oi
760 2876 894 2925 videretur:
913 2873 1061 2938 Pompeium

28 2940 194 3002 respoudIsse
217 2944 311 2992 nemini
328 2957 356 2992 se
373 2959 456 3006 neque
473 2945 574 3007 petendi
589 2959 670 3006 neque
686 2945 823 2994 desistendi
846 2950 972 2992 auctorem
995 2955 1060 3001 esse,

27 3022 111 3068 neque
129 3006 220 3071 populi
237 3011 342 3061 Romani
366 3019 516 3076 potestatem
539 3019 582 3061 ant
604 3011 738 3062 consiliam
759 3018 803 3062 aut
816 3013 967 3060 sententiam
983 3009 1059 3057 inter-

25 3075 189 3141 pellaturunu
218 3077 315 3129 Deinde
333 3093 379 3144 per
393 3078 419 3128 C.
438 3080 572 3141 Lucilium,
586 3082 629 3143 qui
642 3087 746 3144 propter
757 3079 792 3128 M.
810 3078 935 3128 Ciceronis
952 3077 1060 3127 familia·

25 3145 127 3193 ritatem
147 3148 242 3196 amicus
259 3156 311 3196 erat
328 3147 430 3206 Miloni,
452 3150 650 3213 egisseqnoqne
668 3148 811 3211 dicebatur,
826 3161 859 3195 ue
873 3160 901 3196 se
917 3146 949 3196 de
964 3145 1015 3194 bec
1032 3159 1061 3194 re

28 3212 186 3263 consulendo
202 3216 298 3265 invidia
315 3223 437 3267 oneraret.

92 3282 159 3330 Inter
172 3281 237 3333 haec
253 3298 330 3346 quum
349 3284 513 3333 crebresceret
525 3298 618 3343 rumor,
637 3282 682 3334 Cn.
697 3283 844 3347 Pompeiam
859 3283 938 3332 creari
956 3281 1060 3330 dictato-

22 3362 79 3397 rern
109 3358 241 3413 oportere,
259 3364 341 3414 usqne
367 3351 439 3400 aliter
459 3353 526 3402 mala
551 3353 660 3403 civitatis
684 3352 768 3401 sedari
794 3363 885 3416 posse,
909 3350 992 3399 visum
1022 3353 1061 3395 est

100 3431 154 3473 oro.
172 3431 262 3475 oasa.
552 3437 555 3456 ¹
832 3416 875 3480 22
