2340 3788
390 145 812 216 cAP.1a-1a.t·ee-sr.
841 121 857 213 s
1057 158 1123 227 35³

89 311 188 372 clodii
208 319 304 372 morte
326 310 444 373 cecidit.
486 312 553 372 Vos
567 310 671 387 adepti
685 315 775 384 estis,
788 329 827 374 ne
844 333 935 390 quem
949 320 1047 383 civem
1058 340 1120 385 me·

87 392 230 454 meretis:
245 393 294 453 hic
305 392 553 455 exercitationem
567 393 703 470 virtutis,
717 394 965 470 suffragationem
980 409 1121 468 constita-¹

88 484 149 548 tus,
162 476 274 537 iontem
288 472 454 551 perennem
469 475 585 552 gloriae
599 493 675 538 suae
695 477 843 552 perdidit.¹
880 482 987 557 ltaque
997 489 1119 551 Milonis

88 559 278 629 consulatus,
300 559 353 635 qui
367 559 438 619 vivo
452 560 559 621 clodio
575 559 752 620 labefactari
766 576 827 622 non
852 571 985 641 poterat,
998 580 1118 633 mortuo

87 640 373 717 dentqueternptari
390 649 519 716 coeptus
540 649 608 702 est,
639 643 706 703 Non
727 644 820 706 modo
834 643 926 719 igitur
941 648 1014 708 nihil
1028 656 1119 725 prod·

86 731 150 797 est,
177 725 233 784 sed
254 724 344 785 obest
364 725 453 784 etiam
468 723 501 783 P.
518 723 615 784 clodii
634 741 718 786 mors
738 726 853 785 Miloni.
901 728 952 791 35.
971 730 1013 791 At
1025 735 1120 796 valuit

86 806 200 881 odium,
216 808 287 869 lecit
303 806 408 881 iratus,
424 806 495 867 iecit
508 806 657 880 inimicus,
670 808 726 868 luit
736 809 816 868 ullor
826 808 963 884 iniuriae,
977 813 1120 886 poenitor

85 890 203 949 doloris
220 889 278 950 sui.
322 888 422 963 Quinc
439 887 467 948 si
480 888 556 949 haec
580 905 641 949 non
664 888 733 950 dico
744 890 861 951 maiora
876 894 997 954 luerunt
1008 894 1039 955 in
1052 897 1119 957 clo·

84 970 136 1031 dio
155 988 246 1046 quam
263 973 293 1030 in
307 971 436 1044 Milone,
457 972 514 1030 sed
529 969 560 1030 in
574 969 626 1031 illo
636 972 782 1049 maxima,
802 974 885 1035 nulla
899 975 930 1035 in
944 976 1025 1037 lnoc‘t
1045 979 1119 1053 quid

85 1054 176 1113 vultis
192 1051 345 1128 amplius?
359 1053 437 1126 Quid
451 1052 530 1112 enim
545 1053 664 1114 odisset
679 1055 815 1115 clodium
830 1056 914 1131 Milo,
930 1067 1066 1132 segetem
1082 1077 1118 1120 nc

83 1137 239 1205 materiem
254 1150 329 1195 suae
342 1135 472 1210 gloriae,
488 1136 682 1211 praeterhac
699 1136 787 1196 civile
803 1136 916 1213 odium,
932 1157 994 1214 quo
1011 1156 1117 1203 omnes

83 1218 243 1292 improbos
264 1218 406 1278 adimus?
426 1219 479 1278 lile
498 1225 563 1278 erat
576 1226 610 1278 ut
626 1218 744 1280 odisset
765 1219 896 1294 primum
909 1223 1016 1283 salutis
1031 1240 1118 1284 meae

83 1302 294 1375 defensorem,
315 1299 426 1360 deinde
442 1309 616 1361 vexatorem
631 1301 752 1376 luroris,
770 1303 951 1365 domitorem
965 1321 1134 1380 armorum

83 1400 224 1454 suornm,
247 1391 403 1458 postremo
419 1382 508 1443 etiam
524 1391 734 1444 accusatorem
748 1401 853 1445 suum=
875 1402 948 1448 reus
966 1390 1045 1449 enim
1061 1389 1117 1448 Mi-

81 1466 163 1526 lonis
177 1467 245 1539 lege
256 1465 352 1526 Plotia
362 1466 418 1526 luit
432 1465 565 1537 clodius,
581 1468 683 1541 quoad
695 1466 779 1528 vixit.
797 1467 863 1541 Quo
877 1471 997 1530 tandem
1013 1471 1114 1533 animo

80 1548 142 1609 hoc
155 1557 316 1624 tyrannum
332 1548 415 1610 illum
429 1548 538 1610 tulisse
552 1548 698 1610 credilis?
714 1558 860 1624 quantum
873 1553 977 1613 odium
987 1552 1070 1615 illius
1086 1561 1115 1613 et

80 1630 113 1690 in
124 1631 247 1691 homine
262 1631 374 1693 iniusto
390 1647 481 1706 quam
491 1630 582 1692 etiam
597 1631 710 1692 iustum
727 1630 845 1693 luisset

144 1715 223 1773 xtv.
235 1714 286 1775 116.
296 1716 459 1787 Reliquum
475 1721 525 1773 est
538 1721 571 1774 ul
582 1711 642 1771 ianr
655 1712 740 1773 illum
752 1721 859 1774 natura
871 1712 971 1789 ipsius
987 1733 1116 1779 consue·

81 1796 221 1870 tndoqne
234 1795 392 1867 defendat,
405 1795 598 1854 truncantem
613 1794 690 1853 haec
701 1795 809 1855 eadem
824 1805 1002 1871 coarguunt.
1036 1798 1115 1858 Nihil

79 1893 138 1954 per
153 1877 213 1937 vim
224 1891 369 1950 umquam
382 1874 521 1947 clodius,
542 1873 644 1935 omnia
664 1891 720 1949 per
734 1875 796 1934 vim
809 1875 893 1936 Milo.
937 1878 1016 1951 Quid
1029 1894 1113 1954 ergo,

78 1960 220 2033 iudices,
241 1975 334 2034 quum
362 1956 566 2017 maerentibus
588 1955 677 2017 vobis
705 1957 782 2018 urbe
805 1957 901 2031 cessi,
929 1958 1116 2022 iudiciumne

78 2041 188 2104 timuit
207 2057 268 2101 non
281 2056 405 2115 servos,
423 2056 484 2100 non
496 2056 594 2113 arma,
616 2056 677 2101 non
691 2040 774 2101 vimt
789 2042 873 2115 Quae
895 2041 1004 2102 luisset
1027 2043 1116 2116 igitur

78 2126 162 2185 iusta
185 2138 280 2184 causa
304 2121 483 2185 restituendi
509 2122 588 2195 mei,
614 2121 674 2184 nisi
694 2122 804 2185 luisset
822 2123 934 2184 iniusta
954 2123 1125 2185 eiiciendit.

78 2207 167 2268 Diem
181 2204 269 2278 mihi,
286 2206 393 2279 credo,
406 2205 538 2278 dixerat,
553 2207 696 2266 mulctam
711 2205 868 2282 irrogarat,
881 2205 1031 2267 actionem
1045 2223 1115 2282 per·

80 2287 245 2350 duellionis
258 2289 443 2362 intenderat,
463 2287 580 2349 etmihi
594 2286 737 2349 videlicet
748 2288 779 2348 in
794 2305 890 2350 cansa
905 2296 956 2350 aut
970 2291 1049 2350 mala
1062 2299 1116 2351 aut

78 2389 158 2445 mea,
173 2387 235 2433 non
247 2381 277 2433 et
289 2370 533 2447 praeclarissima
543 2379 574 2432 et
588 2379 699 2442 vestra,
712 2369 857 2432 indicium
871 2373 1037 2433 timendum
1049 2372 1112 2432 luit

79 2455 248 2516 Servorum
266 2462 298 2515 et
315 2453 467 2529 egentium
485 2453 596 2515 civium
611 2463 641 2515 et
652 2453 896 2515 facinorosorum
910 2453 1010 2514 armis
1027 2470 1113 2514 meos

79 2537 182 2610 cives,
209 2537 286 2598 meis
312 2535 448 2598 consiliis
470 2536 677 2611 periculisque
696 2541 851 2610 servatos,
877 2552 934 2611 pro
954 2552 1003 2596 me
1024 2534 1114 2595 obiici

78 2619 175 2680 nolui.
196 2618 247 2682 37.
261 2618 333 2681 Vidi
348 2619 437 2692 enim,
454 2608 518 2678 vidi
531 2619 613 2680 huno
627 2619 727 2693 ipsum
742 2618 776 2693 0.
789 2617 1000 2690 Hortensium,
1013 2619 1113 2677 lumen

80 2709 113 2762 et
126 2704 335 2764 ornamentum
348 2701 393 2762 rei
405 2700 560 2776 publicae,
582 2718 682 2776 paene
693 2699 823 2763 interfici
839 2716 997 2761 servornm
1012 2715 1112 2769 manu,

82 2801 177 2858 quum
199 2784 272 2845 mihi
289 2786 428 2845 adesset:
455 2801 515 2860 qua
537 2784 567 2843 in
586 2785 675 2845 turba
692 2783 724 2843 0.
736 2785 886 2845 Vibienus
905 2790 1045 2852 senator,
1066 2783 1114 2839 vir

82 2865 227 2942 optimus,
241 2884 311 2929 cuer
321 2867 382 2928 hoc
395 2883 488 2943 quum
498 2872 583 2927 esset
596 2882 666 2940 ana,
680 2865 722 2927 ita
733 2874 781 2927 est
791 2867 955 2935 mulcatus,
978 2871 1012 2925 ut
1023 2863 1115 2924 vitam

81 2947 226 3010 amiserit.
268 2952 375 3024 ltaque
398 2951 521 3024 quando
535 2949 617 3010 illius
628 2957 738 3024 postea
753 2948 818 3009 sica
831 2947 898 3019 ille,
921 2961 1011 3021 quam
1026 2960 1045 3006 a
1059 2946 1111 3007 (la-

80 3032 168 3092 ailina
182 3040 361 3107 acceperat,
379 3031 576 3107 conquievit?
596 3031 680 3091 llaec
700 3031 844 3092 intentata
864 3027 955 3089 nobis
969 3035 1031 3101 est,
1042 3027 1113 3089 hnic

81 3131 141 3190 ego
163 3132 220 3177 vos
233 3115 322 3177 obiici
335 3131 391 3191 pro
405 3130 454 3174 me
465 3131 526 3175 non
543 3130 611 3175 sum
626 3128 759 3187 passus,
777 3113 854 3177 haec
866 3107 1008 3171 insidiata
1026 3109 1115 3171 Pom·

78 3198 153 3273 pelo
165 3207 222 3271 eet,
237 3199 314 3260 haec
326 3198 414 3258 istam
426 3197 565 3273 Appiam,
580 3202 806 3257 monumentum
818 3194 867 3255 eui
880 3192 1117 3277 nominis,“neee

78 3280 192 3356 Papirii
211 3281 394 3354 cruentavit,
414 3279 508 3354 haec,
529 3279 607 3339 haec
627 3278 734 3337 eadem
755 3279 847 3351 longo
867 3274 1025 3337 intervallo
1042 3288 1115 3335 con-

81 3379 174 3424 versa
189 3379 298 3424 rursus
313 3369 360 3424 est
374 3362 405 3423 in
421 3378 485 3423 me:
507 3377 606 3438 nuper
620 3360 758 3438 quidem,
772 3368 807 3421 nl
829 3356 929 3498 soi2ti3e,
951 3373 999 3417 me
1013 3356 1054 3416 ad
1066 3362 1117 3415 ree

128 3452 184 3497 erc.
203 3454 294 3500 orer.
