2340 3788
223 205 715 271 λοιιι>.ιι--ι8.ς.ιι--ιιι
870 224 877 235 ’
978 202 1020 273 1³

52 355 172 417 vicinos
184 370 280 428 meos,
294 354 348 431 qui
357 372 433 417 snos
445 355 570 426 liberos,
584 371 663 430 quos
673 356 793 430 plurimi
805 355 928 432 iaciunt,
941 355 1020 432 agri-

52 456 70 501 s
83 437 239 501 adsiduos
261 454 333 500 esse
351 439 485 515 cupiunt.
504 439 628 497 Vemm
641 436 779 500 lionrines
794 449 885 502 notos
899 454 1022 501 sumere

52 539 131 585 »sum
152 529 216 596 est,
240 538 333 597 quum
354 530 385 583 et
406 521 481 583 illud
504 520 652 581 incertum
674 519 728 594 sit,
749 523 879 585 velintne
898 523 930 582 bi
948 539 1021 585 sese

52 603 139 667 inari
163 612 196 666 et
215 621 304 666 uerno
325 604 415 667 vobis
436 603 535 678 magn
550 606 650 665 notns'
662 604 780 665 tuturus
801 607 840 666 sit
861 622 953 681 quarn
973 615 1022 668 est

52 686 227 765 mayenne,
244 696 275 748 et
288 697 370 749 certe
381 688 422 748 ad
437 705 502 748 rem
517 685 591 747 nihil
606 687 738 758 intersit,
754 695 852 748 unum
866 688 947 749 bunc
961 704 1021 765 ego

52 772 141 833 icum
154 771 383 833 adolescentem
394 787 433 831 an
444 769 578 846 aliquem
590 786 629 830 ex
637 787 710 846 agro
717 769 846 831 Veiente
859 772 1020 832 nominem.

52 854 106 916 rim
127 854 206 914 baec
229 855 359 915 conficta
379 854 508 915 arbitror
527 853 661 930 apoetis
678 870 765 926 esse,
784 861 819 921 ut
832 853 952 914 effictos
966 871 1020 917 no

52 954 69 999 s
87 953 192 998 mores
206 936 237 997 ln
246 937 360 998 alienis
369 936 512 1012 personis
528 953 769 1013 expressamque
779 935 941 1011 imaginem
955 943 1021 1010 [ιιο-

52 1021 95 1099 ιιι]
112 1018 193 1081 vitae
207 1020 378 1081 cotidianae
392 1020 576 1081 videremus.
603 1018 653 1083 ta.
668 1022 736 1096 Age
752 1036 849 1092 nunc,
863 1021 944 1080 reter
957 1018 1022 1079 ani·

52 1121 71 1165 n
93 1101 138 1164 sis
160 1103 201 1163 ad
221 1101 379 1164 veritatem
398 1112 431 1164 et
450 1104 627 1178 considera,
648 1120 710 1164 non
730 1105 823 1165 modo
845 1101 875 1162 in
897 1103 1022 1164 Umbria

52 1202 83 1247 rc
97 1185 129 1247 in
145 1202 182 1246 ca
197 1185 365 1259 vicinitate,
390 1188 450 1261 sed,
468 1188 499 1246 in
519 1186 568 1247 bis
582 1187 737 1249 veteribus
753 1185 926 1263 municipiis
941 1202 1023 1263 quae

52 1269 95 1331 lia
118 1287 138 1329 a
156 1269 295 1344 patribus
318 1269 447 1331 familias
461 1270 591 1331 maxime
608 1270 783 1332 laudentur:
806 1270 867 1331 lam
881 1271 1020 1346 prolecto

52 1351 194 1427 ntelliges
215 1351 320 1429 inopia
336 1353 495 1436 criminum
515 1369 662 1415 summam
682 1355 805 1416 laudem
819 1353 890 1415 Sex.
905 1352 1020 1415 Roscio

52 1453 65 1497 ι
85 1443 118 1496 et
137 1437 247 1510 culpae
261 1437 396 1499 dedisse.
438 1437 530 1498 XVII.
553 1438 600 1497 Ac
623 1454 684 1498 non
706 1436 798 1499 modo
820 1437 880 1498 hoc
900 1446 1027 1513 patrum

52 1526 149 1579 mute
170 1518 257 1579 liberi
274 1520 402 1594 iacIunt,
423 1520 480 1580 sed
499 1521 667 1596 permultos
690 1529 720 1581 et
733 1536 791 1595 ago
806 1520 879 1580 novi
893 1528 938 1594 et,
960 1519 1024 1580 nisi

54 1600 135 1663 lallit
149 1601 282 1674 animus,
303 1619 384 1664 unus
400 1604 531 1679 quisque
544 1612 696 1677 vestrum,
712 1602 765 1679 qui
780 1612 812 1664 et
826 1602 887 1678 ipsi
902 1601 1022 1664 incensi

52 1692 61 1747 l
74 1683 195 1758 studio,
208 1685 292 1760 quod
302 1686 342 1745 ad
356 1700 461 1760 agrum
472 1687 633 1747 colendum
645 1687 763 1760 attinet,
774 1685 929 1763 vitamque
942 1687 1022 1747 banc

52 1768 154 1839 icam,
173 1784 263 1842 quam
274 1775 308 1828 tu
320 1768 435 1841 probro
453 1776 484 1827 et
497 1767 614 1827 crimini
625 1776 715 1842 putas
729 1783 801 1828 esse
816 1777 973 1843 oportere,
991 1777 1021 1828 et

52 1847 248 1913 estissimam
267 1857 298 1908 et
318 1847 532 1907 suavissimam
553 1848 631 1908 esse'
647 1848 837 1909 arbitrantur.
870 1848 921 1911 40.
944 1849 1025 1921 Quid

52 1950 103 1997 res
119 1933 205 1990 hunc
217 1929 319 2006 ipsum
334 1929 406 1991 Sex.
422 1930 583 2001 Roscium,
602 1946 663 2006 quo
679 1930 781 1991 studio
796 1937 826 1990 et
841 1947 902 2005 qua
917 1930 1024 1991 intelli·

52 2016 94 2081 tta
115 2029 191 2074 esse
211 2012 242 2072 io
262 2011 386 2074 rusticis
406 2014 520 2074 rebus?
556 2014 597 2075 Ut
617 2029 656 2075 ex
673 2012 721 2074 bis
744 2011 925 2089 propinquis
946 2012 1023 2088 eius,

52 2097 169 2162 tinibus
186 2094 427 2171 honestissimis,
452 2097 558 2170 audio,
583 2115 646 2159 non
662 2095 741 2158 tuin
756 2095 814 2158 isto
830 2097 957 2160 artificio
972 2114 1022 2159 ac·

52 2180 150 2245 norio
166 2178 304 2240 callidior
316 2195 350 2241 es
369 2196 460 2256 quam
476 2180 554 2242 bic
546 2198 577 2241 ιιι
598 2196 666 2242 suo.
697 2181 827 2252 Vemm,
849 2189 882 2242 ut
902 2181 1021 2257 opinor,

52 2266 140 2345 niam
162 2263 203 2323 ita
217 2263 416 2340 Chrysogono
434 2262 569 2339 videtur,
584 2266 636 2340 qui
653 2263 723 2325 buic
736 2265 850 2325 nullum
863 2264 1022 2341 praedium

52 2338 131 2426 quit,
156 2354 186 2406 et
206 2346 365 2407 artificium
385 2345 582 2409 obliviscatur
605 2356 635 2409 et
656 2349 789 2417 studIum
803 2348 937 2424 deponat
950 2349 1020 2409 lice·

79 2430 172 2505 Quod
187 2429 305 2490 tametsi
320 2429 464 2490 miserum
479 2439 510 2490 et
522 2431 680 2506 indignum
693 2440 753 2505 est,
768 2432 844 2493 leret
857 2440 956 2492 tamen
970 2448 1021 2491 ae-

67 2513 191 2586 animo,
211 2512 344 2586 iudices,
365 2512 393 2573 si
407 2528 463 2587 per
476 2529 533 2573 vos
548 2513 640 2574 vium
655 2522 684 2575 et
699 2477 809 2575 lamam
824 2523 928 2590 potest
944 2513 1021 2574 obti-

52 2615 82 2661 ιε
103 2597 166 2656 hoc
179 2612 254 2656 vero
268 2603 331 2668 est,
358 2597 443 2670 quod
458 2595 529 2655 lerri
542 2612 603 2656 uon
617 2605 733 2673 potest,
750 2597 777 2658 si
791 2598 862 2658 etin
877 2598 956 2656 banc
972 2610 1022 2653 ca-

52 2684 158 2745 ltulam
178 2674 262 2738 venit
280 2686 406 2755 propter
425 2678 618 2753 praediorum
632 2681 798 2742 bonitatem
815 2688 845 2741 et
859 2676 1022 2738 multitudi-

52 2784 59 2827 ι
84 2772 133 2835 et,
155 2763 238 2837 quod
258 2777 297 2821 ea
310 2762 447 2823 studIose
462 2759 569 2833 coluit,
590 2761 622 2822 id
643 2763 699 2824 erit
714 2762 742 2822 ei
759 2761 891 2822 maxime
914 2759 1022 2833 fraudi,

52 2861 156 2909 rarum
166 2845 307 2906 miseriae
322 2844 376 2917 sit,
393 2845 477 2919 quod
491 2844 559 2904 aliis
571 2846 678 2918 coluit,
692 2860 754 2905 non
770 2843 843 2914 sibi,
859 2842 919 2904 nisi
933 2845 1022 2905 etiam

52 2932 78 2992 d
93 2927 220 2991 omnino
235 2926 328 2989 coluit
341 2927 458 2992 crimini
476 2927 576 2989 luerit.
596 2928 704 2987 XVIII.
719 2926 770 2987 50.
783 2927 848 2986 Nae
861 2935 908 3000 tu,
922 2927 1021 3002 Eruci,

52 3022 159 3076 nsator
178 3027 266 3072 esses
287 3010 451 3084 ridiculuS,
476 3011 502 3071 si
521 3009 580 3071 illis
600 3009 789 3085 temporibus
813 3017 900 3072 natus
923 3029 1021 3086 esses,

52 3115 88 3159 m
110 3096 151 3155 ab
170 3103 269 3155 aratro
288 3095 521 3155 arcessebantur
538 3093 590 3168 qui
605 3094 749 3154 consules
766 3093 880 3155 fierent.
904 3095 1022 3158 Etenim

64 3194 217 3257 praeesse
237 3193 310 3251 agro
332 3178 461 3238 colendo
482 3175 627 3252 flagitium
649 3184 753 3250 putes,
778 3179 915 3252 proiecto
938 3181 1022 3239 illum

52 3265 134 3335 ium,
157 3278 246 3335 qnem
260 3276 316 3321 sna
326 3277 414 3320 manu
427 3268 620 3336 spargentem
641 3276 745 3320 semen
762 3260 815 3335 qni
831 3262 916 3324 missi
936 3270 1022 3322 erant

52 3354 221 3417 venerunt,
238 3343 390 3405 hominem
410 3343 617 3420 turpissimum
633 3352 725 3418 atque
742 3342 1019 3406 inhonestisSImum

52 3447 158 3493 cares.
192 3430 233 3500 bt
250 3428 375 3499 hercule
394 3428 525 3489 maiores
546 3427 642 3489 nostri
661 3429 753 3506 longe
773 3428 858 3492 aliter
874 3436 908 3490 et
920 3425 1030 3494 bellio
