2340 3788
347 172 766 238 GAP.8-1o·i·1⁹-2⁵.'
1000 177 1069 247 41⁷

10 368 15 393 ι
34 326 78 389 sit
89 325 153 386 iure
165 321 483 395 damnatust=228ed
495 321 569 396 quid
586 323 675 397 plura
685 322 724 382 de
735 324 803 398 lege
817 323 963 399 dispater
977 324 1067 400 quasi

33 407 165 470 veroid
184 410 290 482 agaim
308 413 341 467 ut
356 405 518 480 quisquam
536 414 692 480 provocet.
736 405 771 464 ld
784 405 897 480 agitur,
913 407 945 468 id
962 409 1067 482 lertur,

10 504 17 560 ξ
35 508 77 552 ne
100 489 168 566 quis
183 490 303 552 omnino
323 488 556 565 umquam-istis
571 487 691 563 legibus
707 488 858 548 reus‘fiat.
901 489 974 562 Quis
985 491 1068 552 enim

34 583 89 637 aut
102 582 261 635 accusator
272 581 335 635 tam
351 588 458 632 amens
471 570 642 647 reperietur
662 569 713 646 qui
729 587 783 631 reo
796 571 996 633 condemnato
1011 577 1067 635 ob-

10 690 13 695 ·
34 658 89 718 iici
110 674 144 719 se
159 656 339 739 multitudini
356 656 524 716 conductae
548 654 620 715 velit
638 661 692 715 aut
706 653 800 715 iudex
816 653 869 729 qui
886 670 970 715 reum
981 656 1064 718 dam·

10 774 13 779 ·
33 757 109 801 nare
125 741 247 813 audeat,
269 747 302 800 ιιι
312 739 382 814 ipse
394 739 435 798 ad
450 754 561 834 operas
576 737 788 805 mercenarios
793 737 904 798 statim
913 739 1069 814 protraho

34 831 105 886 turt
117 825 183 885 Non
204 825 295 898 igitur
305 821 484 896 provocatio
499 821 557 882 ista
571 822 640 895 lege
654 821 757 895 datur,
772 822 828 881 sed
844 821 924 882 duae
939 823 1070 881 maxime

34 910 186 969 salutares
201 909 287 982 leges
306 903 567 979 quaestionesque
579 906 732 964 tolluntur.
765 901 843 977 Quid
858 913 905 966 est
919 903 1002 964 aliud
1015 905 1069 964 ad·
1133 915 1136 920 ’

21 990 151 1051 'hortari
164 990 394 1061 adolescentes,
409 995 442 1048 ut
456 988 634 1061 turbulenti,
649 995 683 1048 ut
695 986 843 1060 seditiosi,
858 994 891 1047 ut
904 986 1071 1062 perniciosi

33 1073 121 1135 cives
139 1072 235 1132 velint
254 1077 347 1131 esset
366 1070 461 1144 Quam
483 1079 585 1132 autem
604 1071 645 1130 ad
663 1077 780 1145 pestem
795 1072 879 1131 loror
891 1069 1069 1131 tribunicius

31 1154 151 1231 impelli
167 1171 229 1214 non
243 1153 354 1228 poterit
364 1153 412 1214 llis
426 1155 547 1215 duabus
563 1152 794 1229 quaestionibus
809 1155 851 1220 de¹
861 1155 892 1213 vi
907 1161 937 1214 et
954 1154 992 1214 de
1007 1169 1069 1212 ma-

32 1240 145 1300 iestate
159 1238 308 1298 sublatis?
327 1235 378 1299 23
393 1237 486 1334 Quid,
509 1237 593 1334 quod
607 1238 770 1312 obrogatur
785 1237 904 1312 legibus
920 1235 1070 1306 Caesaris
1103 1296 1105 1301 .

34 1337 118 1398 quae
141 1319 374 1397 iubente1,qui
393 1321 434 1381 de
455 1320 498 1394 vi,
511 1320 582 1382 item
601 1321 652 1396 qui
667 1319 1004 1381 maiestatisdamnatus
1021 1319 1069 1389 sit,

33 1421 118 1480 aqua
138 1413 168 1464 et
192 1404 254 1479 igni
277 1402 437 1465 interdicit
451 1405 562 1480 quibus
577 1421 670 1479 quum
685 1403 865 1480 provocatio
883 1403 980 1477 datur,
994 1418 1070 1464 non·
1132 1446 1135 1455 ,

27 1504 76 1549 ne
94 1497 163 1549 acta
190 1488 329 1548 caesaris
354 1482 589 1553 rescinduntur?
616 1487 700 1561 Quae
726 1489 850 1562 quidem
870 1503 953 1563 ego,
966 1495 1070 1563 patres
1121 1522 1128 1532 -

35 1571 213 1646 conscripti,
230 1570 282 1646 qui
299 1571 350 1631 illa
364 1587 529 1646 numquam
540 1572 678 1646 probavi,
692 1579 792 1630 tamen
804 1571 845 1630 ιιι
856 1569 1071 1631 conservanda

35 1654 222 1716 concordiae
242 1670 338 1714 causa
358 1655 520 1725 arbitratus
541 1669 626 1724 sum,
641 1659 676 1712 ut
690 1668 752 1711 non
766 1652 868 1723 modo,
888 1669 966 1727 quas
979 1655 1070 1713 vivus
1122 1646 1126 1655 “

34 1740 124 1812 leges
144 1736 255 1795 Caesar
272 1734 401 1808 tulisset,
415 1734 613 1794 infirmandas
625 1733 684 1792 hoc
695 1741 831 1811 tempore
847 1749 907 1793 non
924 1743 1072 1808 putarem,

36 1821 96 1882 sed
112 1835 150 1877 ne
162 1816 374 1891 illasquidern,
389 1832 466 1890 quas
480 1823 689 1890 postmortem
702 1815 841 1875 Caesaris
853 1816 1072 1890 prolatasesse

36 1911 70 1964 et
84 1901 164 1962 fixas
180 1897 302 1959 videtis.

104 1984 140 2043 X.
157 1980 207 2044 at.
223 1982 268 2043 De
285 1980 394 2042 exsilio
406 1982 524 2043 reducti
541 1990 708 2042 emortuo:
731 1981 838 2042 civitas
861 1980 931 2040 data
945 1994 1006 2039 non
1021 1996 1073 2039 so·

35 2074 102 2131 lum
119 2065 256 2140 singulis,
272 2064 329 2124 sed
340 2063 511 2126 nationibus
522 2072 553 2127 et
563 2063 730 2140 provinciis
741 2061 893 2125 universis
907 2070 1074 2123 emortuo:

36 2148 279 2214 immunitatibus
304 2146 428 2214 intinitis
450 2149 571 2211 sublata
592 2147 754 2223 vectigalia
774 2164 793 2206 a
810 2153 953 2208 mortua
990 2145 1073 2220 Ergo

36 2238 118 2297 haec
134 2249 212 2306 uno,
227 2247 334 2292 verum
352 2232 467 2307 optimo
484 2238 608 2294 auctore
624 2232 716 2294 domo
732 2231 850 2306 prolata
865 2230 1073 2291 defendimus·

36 2335 96 2382 eas
113 2319 213 2393 leges,
235 2331 312 2390 quas
327 2314 395 2390 ipse
410 2315 499 2377 nobis
515 2314 757 2412 inspectantibus
770 2313 921 2388 recitavit,
938 2329 1073 2390 pronun-

38 2400 142 2474 ciavit,
157 2397 232 2471 tulit,
248 2397 435 2492 quibuslatis
449 2399 633 2475 gloriabatur
646 2400 754 2474 eisque
767 2396 886 2482 legibus
896 2414 961 2459 rem
975 2395 1075 2471 publi-

38 2482 269 2546 camcontineri
280 2481 413 2556 putabat,
425 2483 464 2544 de
475 2481 652 2558 provinciis,
667 2483 706 2542 de
720 2471 851 2552 iudiciis,
862 2497 925 2554 eas,
940 2482 1074 2555 inquam,

38 2568 183 2630 Caesans
194 2567 280 2640 leges
291 2581 358 2637 nos
377 2581 430 2639 qur
421 2566 631 2627 defendimus
646 2573 714 2626 acta
729 2563 878 2637 Caesaris,
893 2561 1090 2624 evertendas-

40 2656 206 2727 putamust
227 2645 278 2710 25.
302 2650 348 2708 Ac
369 2647 443 2708 de'
435 2648 473 2709 ris
489 2658 588 2710 tamen
607 2648 741 2723 legibus,
767 2662 846 2722 quae
868 2645 1077 2722 promulgatae

41 2741 125 2807 sunt,
140 2735 246 2794 saltem
263 2730 349 2806 queri
363 2747 544 2805 possumnsr
559 2732 598 2792 de
611 2730 658 2806 iis,
676 2746 755 2806 quae
766 2729 825 2791 iarn
836 2731 915 2791 latae
927 2729 1078 2797 dicuntur,

40 2833 84 2878 ne
104 2814 178 2877 illud
198 2814 321 2889 quidem
340 2811 433 2875 licuit.
476 2816 549 2877 illae
570 2816 648 2876 enim
670 2815 737 2875 sine
757 2813 819 2875 ulla
833 2811 1078 2888 promulgatione

40 2904 124 2961 latae
144 2906 215 2960 sunt
234 2906 304 2959 ante
327 2913 418 2973 quam
439 2898 581 2974 scriptae.
625 2898 743 2972 Quaero
764 2904 865 2957 autem
881 2893 955 2969 q'uid
969 2892 1008 2954 sit
1022 2906 1078 2952 cur

41 2982 97 3044 aut
111 2999 168 3058 ego
182 2990 235 3042 aut
252 2980 413 3058 quisquam
428 2991 578 3053 vestrum,
600 2989 703 3056 patres
719 2977 899 3053 conscripti,
917 2976 1010 3037 bonis
1024 2974 1077 3035 tri-

40 3067 135 3128 bunis
155 3063 255 3140 plebis
270 3065 355 3140 leges
373 3066 468 3125 malas
490 3071 612 3126 metuat.
654 3063 780 3123 Paratus
795 3061 943 3121 babemus
961 3057 1077 3134 quiin

41 3150 220 3212 tercedant·
250 3155 373 3222 paratos
402 3147 536 3222 quirem
558 3147 709 3222 publicam
726 3143 883 3219 religione
897 3142 1078 3203 delendam

41 3233 135 3294 vacui
146 3239 228 3292 metu
244 3246 315 3292 esse
329 3229 486 3294 debemus.
515 3232 596 3306 Quas
613 3237 645 3290 tu
661 3227 742 3300 mihi,
758 3227 865 3302 inquit,
882 3222 1080 3288 intercessio
1085 3258 1088 3263 ·

43 3331 117 3389 nes,
133 3331 210 3391 quas
224 3313 409 3388 religiones?
430 3315 491 3376 Eas
506 3313 636 3384 seilicet,
652 3311 763 3407 quibus
774 3309 819 3369 rei
835 3310 974 3384 publicae
992 3304 1084 3366 salus

44 3398 227 3460 continetur.
269 3395 482 3471 negligimus
474 3407 533 3461 rata
553 3405 583 3458 et
597 3393 687 3456 nimis
703 3393 874 3530 antiqua2e7t
887 3393 979 3454 stulta
993 3385 1087 3450 duci-

108 3492 164 3536 ιιι
181 3490 271 3536 οιιτ.
624 3510 635 3516 -
