2340 3788
103 191 168 259 238
344 188 418 248 PRO
433 189 580 248 tactim
592 187 717 249 POETA
731 187 881 255 ORATIO.

102 345 239 404 deantur.
282 336 333 399 19.
353 337 399 398 Sit
413 336 518 411 igitur,
533 336 665 410 iudices,
679 347 815 398 sanetum
828 339 999 412 apudvos,
1020 339 1126 401 huma.-

102 423 245 485 nissimoa
259 420 412 493 homines,
433 421 491 481 hoc
512 424 758 494 petraepontem
781 423 864 495 quod
885 422 968 483 nulla
980 437 1126 498 umquam

101 505 241 568 barbarie
253 504 386 564 violavit.
428 501 511 562 Sara
525 510 555 562 et
568 502 747 562 solitudines
763 504 832 563 voci
845 505 1050 578 respondent,
1072 506 1124 566 be

102 591 178 652 stine
192 603 285 661 saepe
298 586 447 646 immanes
462 595 551 645 cantu
566 584 728 646 flectuntur
745 593 839 660 atque
856 586 1042 648 consistuntz
1066 605 1125 649 nos

100 670 226 733 instituti
245 671 338 730 rebus
354 667 476 743 optimis
492 685 553 728 uon
575 672 732 742 poetarum
749 684 827 729 voce
840 676 1039 729 moveamur?
1063 671 1124 732 lla

100 750 408 826 merum'cotopnonii
422 750 519 811 civem
539 767 610 811 esse
624 750 730 811 dicunt
744 768 846 823 suum,
875 751 938 810 Chii
953 768 1044 812 suum
1058 753 1124 813 viu-

100 838 210 909 dicant,
227 834 380 895 Salaminii
394 842 543 908 repetunt,
559 832 719 910 Smyrnaei
735 851 808 894 vero
823 850 911 894 suum
924 849 999 894 esee
1012 835 1123 895 coudr-

99 928 194 992 mant,
218 919 321 992 itaque
341 915 429 976 etiem
452 917 609 977 delubrum
629 917 695 976 eius
711 917 743 975 in
759 916 872 991 oppido
888 916 1124 977 dediaevemut=

99 1000 239 1080 permulti
258 1000 308 1059 alii
330 1005 488 1074 praeterea
507 1006 643 1074 pugnam
663 999 741 1059 inter
762 1016 797 1060 se
816 1007 907 1072 atque
928 1001 1123 1059 contendunt.

98 1088 148 1147 IX.
168 1085 249 1158 Ergo
268 1082 311 1141 illi
331 1084 477 1155 alienum,
503 1083 575 1157 quia
595 1085 685 1157 pocta
705 1081 775 1156 luit,
796 1090 866 1156 post
886 1090 1013 1141 mortem
1033 1082 1127 1142 etiam.

100 1172 261 1244 expetunt:
278 1182 336 1225 nos
350 1166 430 1224 hune
446 1165 547 1226 rivum
562 1165 659 1239 etqui
675 1167 827 1225 voluntate
842 1174 872 1225 et
885 1166 1003 1238 legibus
1018 1174 1123 1226 nomer

99 1261 155 1324 est,
170 1248 388 1323 repudiamus?
404 1248 581 1322 praesertim
594 1265 685 1322 quum
701 1264 790 1308 omne
805 1248 874 1311 olim
888 1247 1020 1308 studium
1031 1257 1123 1322 atque

100 1349 189 1394 omne
203 1331 356 1406 ingenium
370 1331 529 1390 contulerit
539 1330 668 1391 Archias
683 1332 723 1390 ad
738 1330 843 1404 populi
854 1330 981 1390 Romani
995 1332 1122 1405 gloriam

99 1416 280 1488 laudemque
302 1414 533 1483 celebrandam?
551 1415 625 1472 Nam
647 1421 677 1473 et
691 1413 854 1473 Cimbricas
874 1430 925 1473 res
939 1414 1122 1475 adolescens

99 1499 194 1572 attigit
207 1506 237 1556 et
250 1496 311 1571 ipsi
325 1496 368 1555 illi
382 1495 413 1554 C.
429 1496 535 1569 Mario,
554 1497 606 1570 qui
621 1495 725 1556 durior
738 1497 778 1556 ad
792 1497 869 1556 liaeo
884 1496 985 1556 studia
998 1497 1121 1557 videba-

98 1592 155 1654 tur,
170 1579 320 1641 iucundus
332 1579 396 1638 luit.
424 1576 473 1639 20.
487 1580 592 1654 Neque
603 1579 682 1641 enim
693 1581 854 1654 quiequam
866 1587 913 1640 eet
922 1587 983 1639 tam
994 1595 1123 1640 aversus

99 1662 227 1725 aMusis
243 1664 293 1737 qui
308 1679 369 1722 non
380 1661 517 1722 mandari
531 1661 671 1723 versibus
682 1670 837 1732 aeternum
849 1673 973 1722 suorum
985 1662 1122 1722 laborum

99 1747 187 1806 tacite
205 1746 398 1820 praeconium
419 1745 556 1820 patiatur.
600 1745 832 1806 Titemistoclem
848 1745 945 1815 illum,
971 1760 1122 1804 summum

98 1829 225 1894 Athenis
240 1829 351 1901 virum,
364 1827 479 1888 dixisse
494 1828 590 1900 aiunt,
609 1845 702 1904 quum
717 1845 756 1888 ex
771 1822 816 1888 eo¹
825 1835 1029 1902 quaereretur,
1042 1829 1124 1901 qood

97 1926 237 1974 woomo
252 1919 305 1972 aot
316 1915 399 1972 cadas
412 1927 508 1973 vocem
522 1913 704 1972 libentissime
718 1913 849 1983 undeet,
864 1914 939 1980 edre,
963 1926 1053 1984 aqam
1066 1926 1122 1970 sao

97 1999 189 2055 odius
208 1998 311 2069 optime
326 1996 561 2069 praedicaretur.
605 1996 710 2069 ltaque
729 1996 778 2053 ille
791 1993 904 2052 Marius
920 1993 991 2051 item
1010 1993 1122 2052 eximie

98 2079 130 2137 L.
144 2077 268 2137 Plotium
284 2078 401 2152 dilexit,
423 2079 509 2137 cuius
525 2077 644 2151 ingenio
661 2077 784 2151 putabat
799 2093 849 2147 ea,
874 2091 954 2149 quae
973 2085 1120 2149 gesserat

99 2175 194 2234 posse
214 2161 367 2223 celebrari.
410 2159 461 2219 21.
482 2160 712 2220 Mithridaticum
730 2174 803 2218 vero
826 2160 953 2231 bellum,
978 2174 1120 2232 magnum

99 2250 189 2314 alque
204 2242 327 2301 difficile
347 2253 377 2303 el
391 2244 421 2301 in
442 2244 534 2303 multa
549 2243 692 2302 varietate
708 2252 788 2301 terra
805 2240 943 2315 marique
957 2249 1120 2312 versatum,

97 2330 191 2383 totum
208 2324 245 2382 ab
264 2324 322 2384 hoc
342 2342 521 2401 expressum
543 2334 604 2385 est:
633 2326 684 2398 qui
699 2325 766 2383 libri
780 2341 841 2384 non
856 2326 947 2383 modo
962 2323 995 2382 L.
1009 2323 1120 2382 Lucul-

98 2408 174 2476 lum,
191 2407 384 2467 lortissimum
399 2418 429 2469 et
443 2408 640 2469 clarissimum
656 2408 767 2480 virum,
788 2424 891 2466 verum
908 2406 997 2466 etiam
1014 2405 1120 2479 populi

97 2488 225 2549 Romani
244 2506 353 2549 nomen
373 2491 530 2551 illustrant.
573 2491 707 2563 Populus
728 2490 807 2549 enim
824 2493 979 2550 Romanus
1003 2489 1121 2562 aperuit

96 2573 222 2633 Lucullo
239 2573 407 2648 imperante
420 2574 546 2634 Pontum
564 2583 594 2632 et
606 2573 699 2648 regiis
714 2574 866 2648 quondam
883 2573 993 2645 opibus
1008 2571 1121 2644 etipsa

96 2665 203 2716 natura
225 2656 346 2731 egregie
370 2658 526 2715 vallatum=
553 2656 658 2730 populi
681 2656 808 2716 Romani
834 2654 984 2714 exercitus
1012 2654 1121 2712 eodem

97 2739 175 2799 duce
194 2756 256 2800 non
272 2740 401 2798 maxima
424 2755 514 2797 manu
534 2738 767 2800 innumerabiles
782 2737 992 2797 Armeniorum
1013 2737 1120 2807 copias

96 2822 186 2882 ludit:
213 2822 318 2897 populi
334 2823 461 2881 Romani
482 2823 548 2880 laus
570 2828 618 2881 est
637 2823 742 2881 urbem
763 2820 976 2880 amicissimam
994 2817 1119 2893 Cyzice—

96 2920 202 2963 nomm
223 2905 360 2964 eiusdem
381 2904 509 2963 consilio
527 2904 662 2964 exomni
682 2904 796 2978 impetu
816 2905 899 2977 regio
916 2912 1007 2976 atque
1025 2899 1120 2959 totius

57 3032 60 3036 .
96 2985 166 3044 belli
186 3004 238 3046 ore
258 3004 293 3046 ac
315 2987 452 3046 saucibus
470 2995 604 3061 ereptam
625 3002 695 3047 esse
715 2995 806 3061 atque
823 2994 988 3045 servatam=
1014 2991 1122 3041 nostra

97 3080 218 3140 semper
242 3072 353 3130 leretur
378 3077 408 3129 et
431 3069 654 3145 praedicabitur
668 3069 701 3126 L.
721 3069 846 3128 Lucullo
869 3067 1030 3127 dimicante
1052 3081 1122 3124 cum

96 3147 260 3210 intersectis
276 3154 405 3213 ducibus
425 3154 574 3226 depressa
593 3151 725 3212 hostium
747 3147 855 3210 classis
879 3160 910 3210 et
934 3149 1122 3208 incredibilis

96 3232 179 3305 apud
190 3231 341 3294 Tenedum
353 3253 455 3310 pugna
466 3237 515 3293 illa
526 3235 643 3295 navalis
653 3257 660 3288 =
672 3241 775 3293 nostra
786 3242 856 3293 sunt
867 3243 1004 3307 tropaea,
1016 3239 1123 3290 nostra

69 3326 76 3337 ·’
96 3323 297 3386 monumenta,
312 3321 406 3377 nostri
421 3318 570 3391 triumphi.
605 3317 687 3389 Quae
703 3334 829 3390 quorum
845 3316 975 3390 ingeniis
991 3314 1122 3373 efferun-
