2340 3788
336 159 565 223 cheae-m
585 165 785 251 §.ao-791.¹
876 168 878 176 ·
1014 156 1057 224 tt

52 311 123 374 astri
138 311 255 387 gloriae
267 322 429 387 rerumque
439 318 594 386 gestarum
604 317 799 370 monumenta
810 318 947 371 evertere
961 318 1054 388 atque

54 404 186 475 portare
202 411 298 474 ausus
313 402 369 454 est
396 394 452 455 Est
468 391 609 467 sceleris,
632 393 715 467 qued
729 393 892 467 religiones
906 394 1053 457 maximas

52 477 170 542 clavit-
191 478 247 538 Est
263 476 458 550 crudelitatis,
475 475 558 550 quod
572 474 764 535 innocentem
783 475 815 534 in
836 477 1003 553 hominem,
1022 478 1054 539 ia

52 563 145 624 cium
157 569 290 621 vestrum
306 567 397 635 atque
411 561 549 631 amicum,
567 574 679 617 novum
694 573 730 617 aa
745 559 895 632 singulare
911 561 1054 636 supplicii

52 662 130 707 mus·
139 642 335 718 excogitavit.
368 641 418 705 89.
435 642 513 702 lllud
528 658 603 701 vero
620 640 694 716 quid
709 639 821 701 sitiam
836 659 897 703 non
912 661 992 717 queo
1008 645 1054 704 di·

52 746 110 801 re,
127 744 192 802 quo
206 725 329 787 nornine
343 727 496 801 appellem
510 724 631 799 neseio,
655 724 736 799 quod
752 723 784 783 ia
798 723 830 783 C·
842 725 977 784 Marcelli
993 735 1053 787 sla·

52 829 83 873 a.
109 809 190 885 Quid
204 809 346 871 esthoct
371 809 561 869 Patronusne
578 808 662 883 quod
676 814 761 867 eratt
791 807 868 880 Quid
888 802 970 867 tum‘t
992 826 1053 882 quo
1142 802 1145 809 ’

62 900 210 971 spectate
234 893 340 953 Utrum
354 907 392 952 ea
407 908 458 952 res
479 892 519 951 ad
534 907 624 966 opem
638 907 676 951 an
691 892 731 950 ad
748 888 948 950 calamitatem
962 891 1054 949 elien-

52 996 98 1040 nn
112 986 208 1051 atque
221 974 377 1051 hospitum
393 975 496 1035 valere
516 976 668 1035 debebat?
686 991 724 1034 an
748 982 781 1034 ut
795 973 855 1033 hoc
875 973 1055 1034 ostenderes

52 1069 132 1137 »ntra
145 1060 207 1119 vim
223 1067 305 1119 tuam
317 1057 349 1117 in
371 1057 507 1133 patronis
522 1057 667 1134 praesidii
687 1056 759 1116 nihil
780 1063 873 1117 esset
904 1055 977 1129 Quis
993 1073 1053 1117 non

52 1162 80 1207 rc
97 1141 290 1217 intelligeret,
306 1140 336 1202 in
351 1140 481 1217 improbi
497 1140 667 1216 praesentis
683 1139 808 1215 imperio
823 1139 969 1221 maiorem
983 1155 1056 1200 esse

52 1244 83 1289 m
100 1241 194 1302 quam
215 1224 246 1284 in
269 1224 419 1286 bonorum
439 1224 609 1285 absentium
629 1223 821 1299 patrocinio?
854 1225 903 1282 An
924 1238 997 1283 vero
1015 1239 1055 1282 ex

52 1328 81 1373 tc
101 1309 157 1369 illa
170 1317 223 1369 tua
239 1306 401 1383 singularis
416 1307 604 1383 significatur
616 1307 788 1381 insolentia,
806 1306 966 1381 superbia,
982 1322 1053 1367 con·

52 1396 183 1455 macla?
201 1392 367 1453 Detrahere
381 1392 524 1452 videlieet
537 1391 658 1466 aliquid
667 1400 696 1451 tc
711 1391 750 1450 de
765 1389 964 1465 amplitudine
975 1389 1053 1449 lilar-

52 1478 176 1539 ilorum
189 1477 311 1550 putasti.
347 1477 453 1550 ltaque
469 1491 550 1535 nunc
566 1474 737 1535 Siculorum
750 1472 886 1533 Marcelli
907 1489 969 1533 non
985 1481 1056 1533 suat

52 1560 163 1623 cronia
184 1559 297 1619 Verres
310 1558 342 1619 in
363 1575 468 1619 eorum
488 1559 588 1619 locum
604 1557 784 1618 substitutus
799 1564 856 1617 est.
895 1554 945 1616 90.
959 1556 1055 1630 Quam

60 1652 98 1707 te
112 1649 227 1703 tantam
243 1641 383 1702 virtutem
398 1657 471 1701 esse
490 1649 541 1701 aut
561 1640 736 1714 dignitatern
759 1640 922 1699 arbitratus
944 1656 994 1712 es,
1022 1648 1056 1699 ut

52 1741 175 1789 narare
189 1724 360 1784 clientelam
372 1731 435 1783 tam
452 1722 640 1797 splendidae,
655 1731 717 1782 tam
733 1721 857 1783 illustris
878 1721 1055 1795 provinciae

52 1810 186 1871 educere
203 1808 245 1867 ad
257 1815 303 1880 te,
324 1807 446 1865 auferre
465 1820 484 1862 a
501 1802 678 1863 certissimis
698 1802 980 1876 antiquissimisque
1002 1820 1055 1877 pa-

52 1890 144 1953 nnis?
167 1888 216 1947 -Tu
236 1889 294 1949 ista
313 1885 462 1961 nequitia,
483 1882 620 1957 stultitia,
641 1884 749 1945 inertia
768 1901 829 1944 non
850 1885 942 1943 modo
964 1884 1056 1944 totius

52 1971 161 2042 ciliae,
177 1970 233 2030 sed
246 1969 337 2031 unius
357 1967 528 2030 tenuissimi
543 1966 638 2028 siculi
658 1966 826 2028 clientelam
847 1965 924 2026 tueri
945 1973 1057 2040 potest

52 2052 88 2113 lii
112 2051 249 2112 Marcelli
274 2061 374 2114 statua
401 2069 457 2127 pro
482 2051 619 2128 patibulo
645 2050 675 2111 in
698 2051 825 2111 clientes
844 2049 1056 2112 Marcellorum

52 2134 104 2196 aa
120 2140 156 2192 tu
168 2146 206 2191 ex
219 2133 298 2194 illius
310 2135 427 2197 honore
441 2135 472 2196 in
487 2152 542 2197 eos
556 2135 653 2210 ipsos,
671 2134 729 2210 qui·
738 2135 886 2205 honorem
905 2133 947 2195 illi
961 2133 1055 2194 habu·

52 2223 129 2288 unt,
145 2215 296 2288 supplicia
311 2220 502 2292 quaerebast
524 2219 602 2292 Quid
616 2225 748 2293 posteat
768 2217 841 2295 quid
858 2218 979 2279 tandem
995 2210 1055 2281 tuis

52 2296 138 2363 atuis
156 2297 221 2355 lore
240 2299 446 2361 arbitrabare?
473 2304 522 2362 An
537 2318 611 2362 vero
628 2298 711 2378 q‘uod
730 2301 861 2364 accidit?
886 2301 961 2361 Nam
974 2302 1055 2380 Tyn·

52 2377 162 2445 nium
177 2387 305 2440 statuam
321 2381 425 2455 istius,
445 2402 534 2459 quam
553 2385 611 2445 sibi
626 2394 753 2461 propter
765 2385 927 2446 Marcellos
948 2386 1055 2447 altiore

52 2466 118 2527 iam
132 2463 203 2523 basi
220 2464 293 2537 poni
308 2463 453 2536 iusserat,
473 2467 681 2542 deturbarunt,
708 2468 797 2529 simul
817 2485 853 2529 ac
875 2484 1056 2529 successum

52 2546 264 2611 tiarrdicrunt.
289 2545 378 2604 XLII.
406 2547 496 2606 Dedit
514 2549 603 2623 igitur
623 2551 677 2611 tibi
700 2569 779 2613 nunc
801 2553 922 2613 fortuna
938 2551 1054 2610 Siculo-

52 2650 93 2694 mr
108 2630 141 2691 C.
156 2628 332 2689 Marcellum
353 2627 498 2700 iudicem,
519 2639 568 2702 ut,
594 2634 679 2695 cuius
696 2637 736 2696 ad
756 2643 885 2696 statuam
907 2633 1001 2693 Siculi
1025 2641 1055 2691 te

52 2723 172 2777 metere
189 2710 407 2785 adligabantur,
422 2712 488 2771 eius
507 2711 651 2785 religione
664 2727 694 2778 te
710 2719 761 2780 isti
778 2719 952 2778 devinctum
967 2715 1055 2775 astri-

52 2812 173 2874 nmque
189 2796 347 2855 dedamus.
377 2792 429 2854 91.
445 2797 491 2853 Ae
506 2795 613 2868 primo,
627 2797 752 2872 iudices,
766 2802 826 2860 hoc
843 2799 962 2872 signum
977 2798 1055 2858 Mer·

52 2880 103 2945 rii
127 2878 251 2939 dicebat
270 2878 328 2938 iste
342 2877 566 2954 Tyndaritanos
586 2877 625 2935 Μ.
641 2879 782 2941 Marcello
799 2881 869 2941 huic
884 2882 1053 2943 Aesernino

52 2963 224 3035 indidisse,
243 2970 336 3037 atque
350 2960 409 3020 lroc
425 2976 481 3020 sua
495 2976 588 3020 eausa
602 2960 692 3020 etiarn
706 2962 747 3020 M.
762 2962 937 3024 Marcellum
953 2965 1053 3040 ipsum

52 3047 176 3111 terebat
202 3061 272 3105 esse
292 3044 455 3105 dicturum:
485 3044 570 3117 quod
589 3042 662 3102 mihi
685 3061 848 3119 numquam
872 3048 936 3107 veri
957 3049 1054 3110 simile

52 3148 126 3193 sum
142 3135 208 3199 est,
223 3129 448 3187 adolescentem
464 3127 514 3187 illo
530 3128 598 3186 loco
618 3136 735 3200 natum,
750 3136 907 3202 patronum
924 3132 1053 3205 Siciliae,

52 3231 138 3277 tmen
157 3227 247 3272 suum
269 3209 318 3271 isli
339 3211 378 3270 ad
397 3209 623 3270 translationem
639 3210 771 3272 criminis
787 3216 1053 3279 commodaturum.

52 3314 142 3361 erum
157 3303 258 3356 tamen
275 3293 316 3354 ita
329 3291 401 3352 mihi
415 3309 466 3353 res
487 3301 550 3353 tota
564 3295 690 3368 provisa
713 3303 804 3370 atque
821 3309 983 3372 praecauta
997 3307 1054 3369 est,

52 3428 64 3457 ,
81 3381 111 3443 si
128 3378 261 3453 maxime
281 3385 365 3438 essct
378 3375 531 3452 inventus,
553 3375 605 3451 qui
620 3375 650 3437 in
666 3378 873 3454 sesusciperc
887 3380 973 3448 istius
991 3381 1055 3441 eul-
1149 3428 1157 3440 ,
