2340 3788
284 237 286 242 .
337 143 604 259 *cuper—su.
624 200 796 264 §.sn—rr.
1027 198 1091 268 dle

56 363 129 407 esse
149 344 232 405 ilium
255 360 343 406 suum
358 353 389 406 et
404 344 536 406 familiae
558 348 659 425 [suae]
677 326 883 409 nobilissimae
904 349 1016 412 dicere.
1038 347 1089 415 in.

58 430 122 503 Quo
139 429 208 488 locu
224 443 337 502 quaero
358 437 442 489 exte
456 446 528 489 num
548 428 579 488 id
594 428 623 488 in
636 429 749 490 indicio
761 430 870 490 Caiidii
883 440 988 509 putes,
1003 437 1089 511 quod

57 528 115 586 ego
133 510 163 570 in
177 510 290 570 Plancii
303 509 398 583 iacio,
420 521 472 572 ant
482 512 636 571 Metellum
648 510 748 583 Pium,
772 513 799 572 si
812 514 928 577 Romae
948 532 1019 577 esse
1032 534 1088 592 po·

55 594 173 669 luisset,
188 601 240 654 aut
250 603 367 668 patrem
378 593 453 666 eius,
466 596 492 655 si
505 593 642 668 vixisset,
654 611 715 654 non
726 594 824 655 luisse
835 596 992 657 iacturum.
1012 601 1088 661 Nam
1108 598 1112 604 '

57 675 165 751 Opimii
180 676 302 751 quidem
318 676 474 736 calamitas
493 675 605 736 utinam
627 693 666 736 ex
686 676 840 738 hominum
854 680 1000 739 memoria
1014 697 1088 754 pos-

57 769 104 820 set
119 760 223 819 evelli!
242 761 364 820 Vulnus
378 759 453 818 iliud
469 759 514 818 rei
528 760 683 833 publicae,
703 760 840 820 dedeeum
853 759 943 820 huius
956 761 1087 836 imperii,

54 842 208 918 turpitudo
224 842 331 917 popuii
342 841 480 914 Romani,
496 853 557 902 non
575 841 720 902 indicium
732 843 900 917 putandum
913 851 969 904 est.
991 844 1088 916 Quam

58 927 137 984 enim
151 925 193 985 iiii
207 925 342 997 iudices,
365 925 392 984 si
409 923 527 984 iudices
542 933 573 984 et
593 941 653 984 non
674 925 845 999 parricidae
860 925 976 1000 patriae
990 927 1090 986 nomi-

59 1009 152 1068 nandi
167 1017 252 1082 suut,
270 1005 441 1082 gratiorem
456 1009 677 1080 potueruntrei
690 1007 832 1082 publicae
845 1007 984 1081 infligere
999 1022 1092 1070 secu*

54 1093 127 1164 rim,
143 1106 234 1164 quam
254 1090 348 1164 quum
362 1088 480 1149 iilume
498 1089 621 1150 civitate
639 1089 802 1164 eiecerunt,
818 1090 869 1165 qui
884 1099 1008 1164 praetor
1020 1091 1088 1151 lini-

54 1174 137 1246 tim0‚
155 1175 264 1233 consui
278 1171 446 1232 domestico
463 1173 544 1232 belin
561 1173 791 1247 rempublicam
806 1173 969 1233 imeraratt
981 1169 1032 1234 71.
1047 1178 1089 1235 At

56 1255 135 1316 enim
156 1253 247 1315 nimis
266 1271 326 1330 ego
347 1271 489 1330 magnum
500 1253 682 1316 beneficium
696 1255 810 1316 Plancii
826 1256 907 1315 lucio
924 1264 968 1330 et,
982 1263 1014 1317 ut
1029 1257 1086 1330 ais,

56 1339 88 1399 id
106 1337 208 1397 verbis
223 1353 391 1412 exaggerm
417 1338 506 1414 quusi
521 1354 593 1399 voro
607 1354 656 1398 mc
668 1347 722 1399 tuo
736 1337 880 1399 arbitratu
894 1347 925 1399 et
940 1354 1002 1399 non
1017 1354 1087 1400 meo

56 1415 172 1495 gratum
183 1436 255 1481 esse
276 1428 425 1496 oporteat.
441 1419 442 1424 ’
468 1420 659 1494 Quod-istius
673 1428 788 1482 tantum
802 1421 955 1495 meritum,
970 1422 1090 1498 inquito

54 1508 103 1563 An
121 1502 192 1578 quia
211 1510 241 1562 te
254 1520 315 1564 non
329 1503 500 1578 iugulavitl
516 1504 715 1576 Immunem,
738 1504 810 1578 quia
829 1504 958 1579 iugulari
971 1519 1086 1580 pausus

56 1594 189 1647 nonest.
218 1587 283 1660 Quo
302 1588 424 1660 quidem
439 1596 471 1647 tu
486 1588 565 1659 ioco,
582 1586 678 1658 Cassi,
692 1587 782 1646 etium
799 1586 935 1660 purgasti
946 1588 1088 1649 inimicos
1140 1606 1144 1623 ¹

54 1684 143 1728 meos
165 1685 315 1743 meaeque
337 1669 417 1729 vitae
438 1671 537 1729 nullas
566 1669 604 1726 ab
624 1669 682 1728 iilis
702 1668 832 1731 insidias
855 1668 951 1728 luisse
972 1670 1087 1730 dixisti.

54 1750 160 1812 Posuit
181 1751 240 1811 hoc
260 1750 341 1810 idem
360 1750 543 1812 Laterensis.
587 1749 682 1821 Quum
702 1751 742 1809 ob
763 1766 828 1809 rem
842 1752 945 1824 paullo
961 1760 1032 1824 post
1046 1753 1087 1812 de

55 1835 115 1894 isto
138 1834 226 1908 plura
241 1831 358 1892 uicum
376 1834 416 1892 de
431 1842 461 1893 te
474 1839 590 1892 tantum
603 1831 741 1906 requiro,
760 1839 859 1892 utrum
875 1841 965 1906 putes
982 1832 1086 1893 odium

55 1915 85 1976 in
102 1932 150 1975 me
165 1915 318 1974 mediocre
332 1914 520 1975 inimicorum
535 1912 632 1973 luisse
651 1946 689 1958 —
711 1915 795 1987 quod
810 1915 864 1975 luit
877 1915 1008 1975 ullorum
1021 1930 1086 1974 um·

57 2014 148 2073 quum
169 1998 365 2058 barbarorum
385 2005 445 2058 tum
459 1996 590 2057 immune
610 2012 647 2057 ac
666 2003 727 2056 lam
750 1999 873 2058 crudele
894 1997 926 2057 in
947 1997 1088 2058 incolome

54 2117 106 2156 -,
133 2097 171 2140 an
195 2080 291 2141 inisse
310 2079 341 2139 in
361 2078 398 2140 iis
415 2079 548 2156 aliquem
567 2088 619 2141 aul
634 2080 731 2140 lamae
753 2090 864 2141 metum
885 2088 936 2141 aut
956 2095 1085 2155 poenae,

57 2180 185 2239 quorum
203 2161 306 2223 vidisti
319 2171 382 2224 tolo
397 2162 449 2223 illo
463 2180 545 2224 anno
560 2163 674 2224 fertum
689 2161 720 2223 iu
737 2164 813 2236 iuro,
829 2162 1019 2223 flammumin
1031 2162 1084 2224 de·

56 2247 167 2321 iubris,
183 2247 243 2305 vim
260 2245 290 2304 in
302 2252 366 2307 tutu
383 2247 458 2307 urbe
471 2245 610 2308 versuris
624 2247 689 2306 Nisi
703 2247 781 2308 iorte
797 2246 955 2307 existimas
969 2260 1025 2306 ecs
1039 2244 1086 2306 id·

57 2330 139 2390 circu
153 2329 235 2390 vitae
248 2345 336 2389 meae
353 2328 546 2405 pepercisse,
567 2331 651 2406 quod
671 2330 711 2388 dc
729 2329 828 2390 reditu
843 2345 911 2390 mco
923 2345 984 2390 non
999 2328 1085 2390 time·

56 2421 131 2473 rent.
153 2413 192 2473 Et
205 2428 387 2488 quemquam
403 2421 492 2487 putus
508 2411 605 2474 luisse
620 2421 681 2473 tum
695 2414 860 2474 excordem
879 2412 931 2488 qui
946 2411 1025 2472 vivis
1035 2410 1085 2470 liis

57 2505 155 2556 stante
171 2496 246 2558 urbe
261 2504 292 2555 et
305 2494 390 2556 curia
403 2495 568 2557 rediturum
584 2511 648 2569 me,
664 2494 692 2554 si
704 2495 855 2570 viverem,
872 2512 933 2556 nnn
947 2500 1089 2572 putatote

58 2580 151 2653 Quam
164 2579 203 2639 ob
214 2595 278 2638 rem
289 2594 349 2639 nou
364 2577 460 2640 debes
473 2579 502 2639 is
519 2578 610 2640 homo
625 2586 657 2639 et
671 2577 698 2638 is
712 2578 789 2639 civis
805 2577 984 2654 praedicare
993 2575 1087 2635 vitam

56 2678 170 2736 meam,
191 2678 270 2737 quae
292 2660 437 2722 fidelitate
453 2660 619 2722 anticorum
633 2670 813 2722 conservata
827 2660 880 2734 sil,
897 2659 1088 2720 inimicorum

57 2743 198 2805 molestia
210 2760 272 2805 non
287 2761 361 2805 esse
377 2747 552 2820 appetitam.

118 2826 208 2887 XXX.
226 2825 275 2890 72.
295 2828 504 2903 Respondebo
519 2826 572 2888 tibi
585 2843 682 2901 nunc,
698 2825 888 2898 Laterensis,
906 2824 1007 2884 minus
1023 2825 1085 2884 ior·

57 2922 142 2970 tasse
154 2910 355 2984 veliementer,
370 2927 461 2987 quam
473 2912 528 2971 abs
539 2918 570 2972 te
581 2927 649 2970 sum
659 2918 861 2984 prouocatus:
877 2908 934 2968 sad
948 2907 1087 2982 proiecto

57 3009 116 3052 nec
132 2993 323 3056 considerate
336 2994 437 3055 minus
455 3010 512 3054 nec
525 2992 625 3054 minus
649 2992 755 3071 amice.
798 2993 872 3052 llam
888 2991 1016 3066 primum
1029 2989 1087 3050 lull

56 3077 130 3136 iilud
145 3075 293 3152 asperius,
307 3093 356 3138 me
371 3092 451 3154 quue
465 3079 504 3137 de
514 3077 636 3138 Plancio
651 3075 785 3136 dicerem
797 3075 955 3135 mentiriel
967 3080 1087 3148 tempo·

56 3158 100 3220 ris
121 3176 214 3219 causa
233 3161 357 3236 fingere.
402 3160 525 3222 Scilicet
546 3161 637 3220 homo
658 3158 783 3233 sapiens
803 3155 974 3233 excogitavi
995 3170 1087 3230 quum

57 3244 97 3302 ob
117 3260 182 3304 rem
202 3243 324 3305 viderer
344 3242 487 3304 maximis
502 3241 643 3303 beneficii
663 3241 772 3301 vinclis
791 3238 971 3309 obstrictus,
991 3253 1087 3313 quum

56 3326 133 3386 liber
150 3343 254 3388 essem
270 3335 302 3387 et
321 3327 450 3388 solutus.
494 3325 572 3400 Quid
588 3324 692 3385 enimi
709 3323 782 3385 mliii
799 3322 842 3384 ad
859 3320 1088 3383 defendendum

55 3409 209 3471 Plancium
223 3411 469 3509 purulentum,
495 3424 602 3484 parum
621 3407 719 3469 iustae
733 3398 979 3548 mffssdim
1002 3408 1089 3464 crant
