2340 3788
267 132 273 149 '
340 157 566 219 caron—aa.
588 163 759 224 §.oa-so.
972 222 981 238 ,
1013 168 1055 232 ol

50 329 85 372 us
104 311 147 371 ad
167 325 218 369 res
234 306 353 370 divinas
369 308 413 368 uti
430 317 631 381 consuerunt,
653 325 731 383 quae
747 326 767 369 a
783 310 847 371 suis
862 320 1056 386 acceperunt,
1095 369 1100 384 ,

50 411 109 456 uae
124 393 155 452 in
172 390 284 452 familia
299 407 421 467 semper
437 393 569 452 luerunt.
658 403 663 414 ·

112 476 204 535 XXII.
224 472 276 537 48.
297 474 353 547 Hic
368 472 461 534 nolite
473 482 672 548 exspectare
693 474 764 535 durn
775 491 832 550 ego
844 477 920 538 haec
932 493 1056 537 crimina

50 575 119 637 gam
133 556 274 629 ostiatim,
288 558 325 617 ab
340 542 497 634 Aeschylo
510 554 736 634 Tyndaritano'
729 565 818 616 istum
836 568 970 633 pateram
986 562 1055 621 abs-

50 642 154 712 rlisse,
177 657 196 699 a
216 641 372 701 Thrasone
391 639 463 700 item
482 637 686 715 Tyndaritano
702 647 755 712 pat
743 640 843 699 tellam
850 644 1055 720 ,·aNympho

50 741 107 788 oro
128 721 329 798 Agrigentino
349 723 521 783 turibulum.
563 718 661 794 Quum
679 729 774 786 ιεειεε
796 739 835 782 ex
849 687 952 785 'Sicilia
965 727 1056 798 dabo,

52 823 121 871 ιιειιι
137 808 222 868 volet
235 808 285 866 rlle
299 805 405 880 eligat,
426 821 516 879 quem
531 821 588 880 ego
604 806 785 879 interrogem
801 806 839 865 de
854 807 988 880 patellis,
1003 825 1056 883 pa-

50 892 120 964 tris,
142 889 298 950 turibulis:
327 906 388 949 non
406 889 497 948 modo
513 887 659 962 oppidum
672 888 801 960 nullum,
825 890 881 949 sed
896 906 934 948 ne
948 890 1057 951 domus
1078 897 1079 900 ’

50 974 157 1052 uidem
171 974 233 1033 ulla
246 973 350 1046 paullo
367 971 547 1046 locupletior
560 987 672 1045 expers
687 970 778 1032 huius
789 970 916 1032 iniuriae
926 973 1057 1047 reperia

50 1076 88 1130 ur.
125 1057 181 1133 Qui
197 1073 289 1130 quum
310 1055 342 1113 in
365 1054 535 1114 connivium
550 1053 701 1126 venisset,
724 1054 750 1115 si
767 1054 934 1129 quidquam
952 1055 1059 1117 coelati

50 1148 210 1233 spexerat,
226 1137 510 1208 manusobstinere,
527 1137 658 1209 iudices,
674 1153 735 1197 non
746 1146 874 1212 ροιειει.
912 1139 964 1198 Cn.
971 1139 1058 1198 Pom·

50 1223 121 1287 eius
138 1230 186 1282 est
198 1221 298 1294 Plnlo
321 1219 373 1297 qui
390 1220 445 1285 luit
458 1220 689 1296 Tyndaritanus.
724 1222 754 1280 Is
767 1237 893 1281 coenam
906 1221 956 1282 ιειι
967 1222 1059 1281 dabat

50 1307 115 1383 pud
127 1304 251 1365 villam
243 1322 273 1364 ιιι
284 1303 497 1382 Tyndaritano.
524 1302 608 1363 Fecit
619 1303 703 1377 quod
713 1302 806 1365 Siculi
817 1320 878 1364 non
891 1305 1057 1366 audebant:

50 1392 99 1464 llo,
117 1387 195 1448 civis
211 1388 366 1448 Romanus
383 1387 559 1463 quoderat,
579 1386 778 1461 impuniusid
796 1404 829 1447 se
842 1389 989 1449 iacturum
1001 1405 1057 1462 pu·

50 1473 115 1535 avit.
149 1471 303 1546 Apposuit
319 1471 476 1547 patellam,
498 1470 528 1531 in
544 1487 604 1545 qua
618 1469 718 1564 sigilla
731 1479 817 1531 erant
833 1471 964 1545 egregia
997 1472 1058 1531 Iste

50 1555 179 1617 ontiouo
198 1563 232 1614 ut
252 1553 339 1626 vidit,
361 1570 423 1614 non
444 1552 592 1614 dubitavit
606 1551 708 1615 illud
700 1553 820 1628 insigne
836 1553 990 1628 penatium
1003 1554 1058 1615 ho-

50 1638 249 1715 pitaliumque
265 1638 391 1698 deorum
406 1653 445 1696 ex
459 1635 602 1710 hospitali
616 1651 723 1695 mensa
736 1638 856 1708 tollere,
871 1637 935 1703 sed
947 1646 1058 1711 tarnem

50 1722 117 1797 uod
138 1730 208 1781 ante
228 1721 267 1779 de
290 1719 378 1779 istius
394 1716 552 1776 abstinent
533 1727 575 1776 ua
589 1718 738 1788 dixeram,
760 1719 866 1792 sigillis
881 1719 996 1780 avulsis
1010 1735 1058 1779 ιε

50 1806 151 1881 ¹quum
167 1810 324 1876 argentum
340 1799 483 1860 sinenda
499 1798 625 1857 avaritia
635 1799 775 1860 reddidit.
809 1798 860 1860 lo.
883 1801 981 1873 Quian
1000 1802 1059 1861 Eu-

50 1891 158 1951 olemo
175 1883 342 1951 Calactino,
365 1878 480 1940 homini
494 1878 603 1949 nobili,
617 1881 811 1940 Lucullorum
820 1881 933 1956 hospiti
945 1898 981 1940 ac
990 1899 1060 1955 per
1103 1925 1110 1945 ι.

50 1965 190 2037 miliari,
215 1964 266 2040 qui
280 1978 360 2024 nunc
374 1962 456 2037 apud
470 1959 636 2021 exercitum
653 1962 768 2022 cumL.
778 1963 905 2024 Lucullo
920 1971 981 2035 εει,
998 1970 1060 2025 noh

50 2054 114 2121 lum
131 2049 224 2108 leuitt
244 2046 396 2108 coenabat
409 2045 492 2120 apud
506 2061 589 2104 eum.
611 2054 767 2119 argentum
779 2045 830 2106 ille
841 2054 994 2107 caeterum
1005 2063 1060 2122 pu-

50 2134 101 2199 hm
119 2138 325 2206 apposuerat,
350 2145 389 2191 nc
409 2145 504 2204 purus
525 2127 593 2204 ipse
612 2128 846 2204 relinqueretur:
869 2131 930 2191 duo
948 2132 1060 2204 pocula

50 2236 95 2281 on
122 2231 248 2289 magna,
277 2229 380 2273 verum
401 2220 501 2272 nmen
523 2227 591 2272 cum
610 2212 797 2273 emblemate.
830 2212 887 2273 Hic
908 2221 1060 2288 tamquam

50 2300 179 2365 activum
194 2312 349 2369 acroama,
371 2313 410 2356 ne
421 2295 489 2356 sinc
499 2293 660 2357 corollario
673 2294 712 2357 de
724 2294 865 2357 convivio
877 2296 1068 2370 discederet,-

50 2384 152 2448 bidem
165 2378 302 2441 convivis
319 2379 527 2454 spectantibus
538 2380 719 2440 emblemata
730 2378 889 2444 evellenda
901 2381 1026 2441 curavit

116 2466 225 2539 Neque
244 2479 301 2537 ego
325 2479 405 2524 nunc
425 2460 513 2521 istius
535 2461 615 2522 lacta
637 2462 738 2523 omnia
765 2479 942 2525 enumerare
966 2479 1060 2524 conor

50 2565 137 2626 eque
160 2564 238 2622 opus
259 2553 382 2606 estnec
403 2543 549 2604 fieriullo
571 2545 662 2607 modo
686 2555 806 2621 potest·
833 2555 951 2607 tanturn
971 2545 1061 2605 unius

50 2634 187 2706 uiasque
206 2630 244 2689 de
265 2627 349 2689 varia
363 2625 560 2701 improbitate
578 2628 699 2702 generis
719 2629 832 2690 indicia
853 2629 937 2703 apud
953 2642 1011 2687 vos
1032 2636 1062 2686 et

50 2715 180 2789 xcmpla
206 2713 338 2808 profero.
385 2712 490 2783 Neque
512 2708 589 2768 enim
615 2711 655 2768 ita
679 2726 714 2772 se
733 2711 831 2786 gessit
845 2711 876 2770 in
897 2710 945 2769 his
959 2709 1061 2780 rebus,

50 2812 192 2893 umquam
211 2795 359 2855 rationem
374 2792 537 2868 aliquando
555 2801 638 2852 esset
658 2795 842 2861 redditurus,
861 2793 918 2851 sed
934 2809 1060 2866 prorsus

50 2901 82 2957 a,
93 2879 187 2958 quasi
200 2886 251 2938 aut
263 2894 335 2938 reus
350 2892 513 2951 numquam
524 2883 607 2935 esset
617 2876 733 2936 iuturus
748 2884 800 2935 aut
815 2889 876 2948 quo
891 2875 978 2948 plura
992 2876 1060 2937 abs-
1141 2876 1145 2893 '

50 2967 173 3036 disset,
201 2977 238 3022 eo
269 2960 386 3020 roinore
410 2958 582 3034 periculo
575 2976 605 3017 ιιι
633 2957 777 3018 iudicium
797 2964 942 3018 venturus
963 2970 1059 3021 εεεει·
1090 3008 1096 3021 ,

50 3050 87 3111 ui
106 3049 203 3116 haec,
227 3059 306 3118 quae
326 3042 411 3115 dico,
433 3041 492 3101 iarn
513 3041 721 3108 annocentia,
743 3041 1061 3113 nonperamrcosal

50 3149 94 3196 ue
114 3133 315 3201 interpretes,
337 3127 393 3187 sed
413 3127 512 3200 palam
533 3125 572 3184 de
593 3126 661 3183 loco
686 3123 845 3198 superiore
861 3136 979 3200 ageret,
1004 3142 1060 3200 pro

50 3212 166 3293 nperio
179 3217 209 3270 et
219 3217 377 3284 potestate
405 3208 508 3268 XXlll.
529 3206 580 3268 50.
599 3205 732 3266 Catinam
745 3224 836 3282 quum
847 3219 991 3282 ventsse
1007 3225 1060 3280 op-

50 3302 143 3363 idum
153 3295 309 3368 locuples
329 3292 504 3364 honesturn,
521 3289 694 3385 copiosum,
711 3289 963 3385 Dionysiarchum
976 3291 1015 3348 ad
1027 3303 1062 3348 se

50 3393 238 3457 magorum,
260 3375 386 3435 hoct
339 3383 399 3447 est,
425 3391 574 3437 summum
595 3372 691 3448 magis
693 3382 815 3445 t‚ralum
844 3373 946 3433 vocari
968 3372 1063 3430 iubet
