2340 3788
375 187 458 247 cte.
473 195 605 251 rs-ar.
627 195 652 256 s.
668 198 799 271 αις-σι.
1042 196 1104 263 189

64 335 224 400 neminem
237 333 467 399 misericordem
480 354 552 399 esse
566 337 626 398 nisi
642 340 764 399 stultum
784 347 816 401 et
830 342 944 402 levem:
968 343 1026 405 viri
1040 363 1103 409 non

66 436 143 483 esse
156 434 261 496 neque
275 423 395 481 exorari
416 437 517 497 neque
534 421 665 497 placari:
689 423 775 482 solos
789 423 945 498 sapientes
962 444 1050 505 esse,
1075 431 1104 492 si

65 502 280 567 distortissimi
296 504 364 578 sint,
379 506 550 565 formosos:
566 504 593 564 si
609 502 836 578 mendicissimi,
852 506 977 570 divites:
995 512 1022 572 si
1038 530 1102 574 ser·

66 588 197 648 vitutem
208 586 350 660 serviant
366 604 471 664 regem
486 604 544 647 nos
556 595 666 661 autem,
685 586 737 662 qui
749 588 902 662 sapientes
914 609 975 653 non
986 606 1103 670 sumus,

67 668 234 747 fugitivos,
263 673 402 745 exsules,
430 671 552 744 hostes,
580 671 707 731 insanos
732 671 865 745 denique
888 687 960 734 esse
983 677 1101 742 dieunt:

67 754 174 829 omnia
189 761 318 828 peccata
338 770 410 815 esse
430 754 529 829 paria:
555 770 644 813 omne
659 753 802 814 delictum
817 756 919 815 scelus
934 772 1006 818 esse
1019 764 1102 822 nela-

66 838 147 899 rium
169 852 228 897 uec
247 837 348 898 minus
374 837 551 912 delinquere
572 853 659 912 eum,
688 837 739 913 qui
760 837 872 912 gallum
893 839 1104 916 gallinaceum,

68 937 167 999 quum
181 936 262 995 opus
276 938 338 981 non
354 921 459 992 luerit,
477 936 568 996 quarn
584 937 667 992 eum,
691 919 743 994 qui
760 929 876 994 patrem
892 921 1102 986 suffocaverit:

67 1004 242 1079 sapientem
253 1003 327 1063 nihil
339 1002 467 1079 opinari,
484 1003 595 1064 nullius
609 1001 654 1064 rei
665 1003 831 1077 poenitere,
846 1005 929 1064 nulla
940 1005 972 1064 in
986 1022 1020 1066 re
1032 1006 1103 1078 lalli,

68 1086 252 1150 senteutiam
271 1096 391 1147 mutare
407 1103 582 1163 numquam.
625 1086 713 1146 XXX.
730 1087 780 1147 62.
802 1086 886 1148 Haeo
906 1087 999 1148 homo
1020 1090 1103 1164 inge-

68 1168 283 1242 niosissimus,
305 1168 345 1229 Μ.
362 1170 450 1245 Cato,
471 1169 646 1231 auctoribus
661 1168 873 1231 eruditissimis
890 1170 1033 1233 inductus
1050 1172 1105 1233 ad-

67 1252 179 1330 ripuit,
198 1252 498 1329 nequetdisputandi
514 1269 622 1325 causa,
643 1261 677 1313 ut
691 1268 800 1328 magna
814 1270 904 1328 pars,
927 1256 985 1316 sed
1004 1255 1045 1316 ita
1058 1254 1104 1314 vi-

68 1336 174 1397 vendi.
203 1336 311 1398 Petunt
324 1336 439 1412 aliquid
454 1336 624 1413 publicanis
642 1351 718 1397 cave
733 1337 899 1412 quidquem
913 1338 1025 1400 habeat
1038 1354 1103 1398 me

69 1419 165 1481 menti
180 1419 285 1495 gratia.
322 1420 484 1496 Supplices
502 1420 597 1497 aliqui
610 1421 736 1481 veniunt
752 1420 855 1481 miseri
870 1429 899 1481 et
919 1422 1102 1484 calamitosi:

69 1504 240 1564 sceleratus
254 1512 285 1564 et
300 1504 435 1565 nefarius
456 1504 566 1579 lucris,
587 1504 614 1564 si
636 1503 800 1580 quidquam
823 1504 1032 1567 misericordia
1049 1506 1103 1566 ad-

69 1567 185 1647 ductus
207 1586 327 1647 leceris.
361 1587 483 1649 Fatetur
504 1586 615 1661 aliquis
639 1602 674 1646 se
694 1602 844 1661 peccasse
865 1589 980 1652 eteius
1001 1587 1103 1650 delicti

69 1669 194 1731 veniam
210 1668 299 1745 penu
321 1670 470 1730 netarium
487 1677 535 1730 est
554 1669 672 1729 lacinus
691 1669 863 1744 ignoscere.
900 1674 941 1732 At
960 1673 1028 1733 leve
1044 1671 1102 1732 'de-

69 1752 176 1813 lictum
198 1758 260 1812 esta
289 1751 389 1809 omnia
413 1759 541 1824 peccata
563 1758 635 1810 sunt
653 1752 755 1823 paria.
796 1750 906 1810 Dixisti
932 1753 1102 1829 quippiam:

67 1836 169 1896 lixum
184 1841 214 1893 et
228 1839 372 1892 statutum
386 1841 443 1891 est.
473 1833 541 1890 Non
554 1847 588 1890 re
604 1831 712 1892 ductus
727 1848 776 1906 es,
800 1834 856 1891 sed
870 1833 1029 1907 opinione:
1054 1852 1102 1894 sa-

67 1919 163 1995 piens
183 1913 257 1973 nihil
278 1912 427 1987 opinatur.
463 1911 579 1973 Errasti
595 1910 697 1986 aliqua
717 1913 747 1973 in
766 1914 814 1973 ie:
841 1916 919 1972 male
935 1914 996 1974 diei
1010 1924 1104 1989 putat.

67 2002 139 2061 Hae
156 2013 196 2057 ex
209 1991 372 2070 disciplina
387 1994 476 2057 nobis
491 1995 542 2063 illa
556 2002 636 2055 sunt.
672 1994 742 2055 Dixi
762 1995 791 2055 in
808 2003 916 2056 senatu
929 2012 978 2056 me
993 2013 1104 2057 nomen

70 2079 248 2143 consularis
274 2079 427 2140 candidati
446 2080 625 2140 delaturum.
658 2079 756 2140 Iratus
776 2077 890 2139 dixisti.
926 2079 1106 2154 Numquam,

70 2165 186 2240 inquit,
207 2161 332 2237 sapiens
353 2161 502 2230 irascitur.
530 2164 571 2224 At
591 2162 737 2239 temporis
759 2178 862 2223 eausa.
893 2162 1039 2239 lmprobi‚
1059 2163 1103 2223 in-

72 2248 149 2325 quit,
162 2245 293 2308 hominis
310 2255 357 2308 est
373 2246 533 2308 mendacio
549 2248 669 2308 fallere:
691 2254 807 2308 mutare
823 2247 1001 2309 sententiam
1016 2257 1105 2322 turpe

72 2340 135 2393 est=
154 2329 275 2391 exorari
294 2330 405 2403 scelus,
423 2329 561 2392 misereri
576 2329 733 2406 flagitium.
770 2328 820 2391 63.
834 2329 936 2391 Nostri
947 2339 1047 2393 autem
1059 2332 1102 2392 illi

73 2450 111 2461 -
130 2415 249 2475 fatebor
265 2413 360 2487 enim,
382 2413 471 2487 (lato,
493 2431 543 2474 me
558 2430 683 2489 quoque
703 2414 732 2473 io
750 2414 957 2475 adolescentia
970 2415 1105 2476 dilllsum

70 2496 195 2573 ingenio
213 2500 281 2557 meo
304 2497 464 2570 quaesisse
483 2497 656 2557 adiumenta
676 2495 833 2557 doctrinae
852 2532 903 2571 -,
920 2496 1039 2569 ¹nostri,
1059 2496 1104 2555 in·

73 2596 176 2658 quam,
192 2579 236 2640 illi
246 2578 399 2640 aPlatone
414 2580 444 2639 et
453 2580 624 2651 Aristotele,
639 2579 787 2641 moderati
797 2579 937 2641 homiues
949 2586 980 2639 et
991 2587 1106 2653 tempe-

71 2663 146 2739 rati,
171 2664 256 2724 aiunt
274 2662 357 2737 apud
380 2661 550 2736 sapientem
570 2664 672 2723 valere
693 2662 857 2738 aliquando
881 2661 1022 2738 gratiam=
1048 2658 1105 2719 viri

71 2748 147 2809 boni
158 2763 229 2808 esse
241 2744 393 2805 miserem
408 2744 550 2806 distincta
564 2761 676 2819 genera
688 2762 760 2807 esse
771 2745 951 2806 delictorum
963 2751 993 2803 et
1003 2741 1104 2819 dispa-

71 2847 125 2892 res
152 2845 285 2906 poenas=
317 2843 389 2888 esse
417 2829 500 2902 apud
527 2827 679 2888 hominem
707 2836 896 2890 constantem
924 2825 1106 2900 ignoscendi

72 2917 191 2974 locum÷
206 2913 307 2987 ipsum
323 2909 492 2985 sapientem
507 2926 601 2986 saepe
615 2910 731 2987 aliquid
744 2910 863 2986 opinari
879 2911 963 2986 quod
973 2908 1104 2971 nesciat:

71 2995 165 3056 irasci
181 3011 241 3056 non
263 3010 443 3068 numquam:
464 2993 585 3055 exorari
602 2994 740 3054 eumdem
761 3003 791 3054 et
807 2993 937 3068 placem
960 2994 1043 3070 quod
1059 2993 1104 3053 di-

70 3078 161 3152 xerit,
180 3078 340 3151 interdum,
356 3078 382 3137 si
397 3078 438 3138 ita
453 3076 565 3138 rectius
582 3076 629 3151 sit,
645 3084 777 3136 mutare:
799 3078 838 3157 de
853 3079 1001 3138 sententia
1015 3078 1104 3137 dece-

70 3164 149 3223 dere
169 3159 348 3236 aliquando=
374 3176 481 3222 omnes
505 3159 630 3220 virtutes
651 3157 859 3221 mediocritate
880 3161 1011 3236 quadam
1032 3174 1104 3220 esse

72 3245 256 3305 moderatas.
297 3242 401 3303 XXXI.
414 3242 466 3305 64.
487 3244 552 3303 Hos
574 3242 612 3302 ed
626 3243 790 3317 magistros
808 3243 835 3303 si
853 3261 913 3319 qua
928 3252 959 3305 te
974 3246 1103 3310 lurtum,

73 3326 164 3399 Cato,
186 3340 254 3386 cum
273 3324 332 3401 ista
353 3335 459 3389 natura
476 3326 650 3398 detulisset,
669 3342 730 3386 non
747 3333 779 3386 tu
799 3324 921 3402 quidem
937 3326 985 3385 vir
997 3320 1104 3383 melior

73 3425 164 3470 esses
179 3424 237 3469 neo
252 3409 359 3470 tortior
370 3424 430 3470 nec
442 3409 658 3484 temperantior
672 3424 729 3472 nee
740 3408 848 3473 iustior
859 3444 901 3460 ·-
911 3422 1012 3487 neque
1022 3404 1103 3469 euim
