2340 3788
310 210 391 271 cAP.
411 218 542 273 23—26.
563 216 589 278 S·
602 221 732 278 ot-ll.
986 207 1028 273 10

52 377 96 421 ue
112 361 281 434 dedecore,
302 360 360 421 nisi
374 369 520 435 prorupta
533 361 675 434 audacia,
696 340 757 423 nisi
776 372 857 424 tanta
874 363 1026 426 temeritas

52 459 119 503 non
142 444 250 516 prooal
270 442 431 503 abhorreat
453 444 492 502 ab
514 443 642 502 insania.
673 444 809 507 Accedat
830 447 889 508 huo
903 454 1024 521 oportet
1052 471 1055 475 ·

52 536 107 586 um
122 524 274 599 parentis,
295 524 571 586 animadversionis
582 533 725 600 paternae
738 536 847 602 metus,
868 527 957 589 amici
970 529 1024 588 im·
1047 559 1050 565 ·

52 607 107 682 tbi,
129 607 214 666 servi
227 607 357 680 conscii,
378 617 498 682 tempus
516 607 672 680 idoneum,
691 608 776 669 loeus
791 621 959 686 opportune
974 626 1023 671 ea·

52 706 73 750 :s
92 689 134 749 ad
155 704 223 749 eam
237 706 316 749 rem:
340 707 437 765 paene
452 689 566 763 dicam,
580 705 740 765 respersas
756 707 862 752 manus
877 694 1024 768 sanguine

52 787 130 832 arno
149 772 266 832 iudices
282 773 404 833 videant
422 781 560 847 oportet,
574 775 600 833 si
614 781 730 834 tantum
747 772 879 847 lacinus,
893 775 1021 837 tamim·

52 870 104 928 ue,
125 862 188 916 tam
202 856 344 915 acerbum
359 854 499 915 credituri
517 865 595 916 sunt.
637 855 687 917 69.
711 855 809 928 Quare
822 855 881 915 hoc
896 873 957 931 quo
969 858 1023 918 mi-

52 953 60 997 t
75 945 125 997 est
140 937 301 1012 credibile,
321 938 380 998 nisi
396 938 578 1013 ostenditur,
594 954 631 999 eo
644 938 741 1012 magis
756 946 817 1012 est,
831 936 858 998 si
872 938 1022 999 convinci·

57 1063 64 1093 ,
82 1019 309 1082 vindicandum.
330 1020 422 1080 XXV.
436 1022 540 1096 ltaque
556 1018 649 1096 quum
662 1019 762 1085 multis
777 1037 817 1081 ex
830 1021 921 1081 rebus
938 1020 1023 1081 iutel—
1071 1084 1073 1093 Α

52 1124 56 1161 ι
65 1109 169 1178 potest
181 1101 312 1163 maiores
326 1111 447 1164 nostros
460 1119 522 1165 non
541 1105 632 1164 modo
649 1104 741 1165 armis
756 1107 826 1179 plus
845 1120 935 1179 quam
955 1119 1023 1163 oae-

52 1200 83 1245 as
95 1184 255 1259 nationes,
275 1186 484 1247 verumetiam
502 1186 629 1248 consilio
644 1186 854 1262 sapientiaque
874 1184 1023 1261 potuisse,

52 1282 117 1328 nex
133 1267 193 1327 hae
209 1283 243 1328 re
253 1269 458 1344 velmaxime,
475 1270 558 1345 quod
571 1270 601 1328 in
616 1269 725 1344 impios
740 1268 893 1343 singulare
908 1268 1022 1344 suppli·

52 1366 83 1415 ttt
93 1349 285 1412 invenerunt
310 1352 375 1426 Qua
388 1351 419 1412 in
433 1369 467 1413 re
481 1361 625 1428 quantum
642 1352 802 1427 prudentia
820 1351 1024 1426 praestiterint

52 1432 127 1509 ,qni
143 1434 228 1507 apud
247 1444 384 1496 caeteros
399 1435 615 1511 sapientissimi
632 1435 727 1496 luisse
744 1434 899 1505 dicuntur,
922 1433 1021 1493 oonsi-

52 1522 113 1576 um
157 1512 208 1578 70.
234 1516 468 1581 Prudentissima
492 1517 599 1578 oivitas
619 1517 864 1588 Atheniensium,
890 1517 963 1576 dum
985 1531 1023 1574 ea

52 1612 100 1657 um
119 1598 218 1674 potita
238 1609 298 1672 est,
328 1599 424 1661 luisse
443 1602 578 1661 traditur.
615 1599 688 1660 Eius
708 1615 801 1674 porro
822 1597 950 1660 civitatis
974 1614 1022 1657 sa·

52 1679 221 1742 piissimum
242 1681 386 1742 Solonem
406 1682 509 1744 dieunt
522 1684 635 1755 luisse,
657 1698 740 1754 eum,
764 1681 816 1757 qni
832 1684 932 1755 leges,
956 1680 1020 1755 qui·

52 1761 165 1825 tlrodie
180 1779 304 1839 quoque
319 1772 455 1835 utuntur,
472 1764 637 1839 scripserit.
670 1765 701 1826 Is
717 1780 809 1838 quum
822 1765 1020 1838 interrogare-

52 1860 120 1907 ’eur
134 1846 254 1906 nullum
273 1844 456 1920 supplitium
477 1844 685 1906 constituisset
695 1845 726 1905 iu
741 1863 825 1918 eum,
849 1845 903 1919 qui
913 1861 1020 1920 paren-

52 1935 237 1991 arscessat
263 1927 422 2002 respondit
441 1944 476 1988 se
496 1928 527 1986 id
546 1927 695 1986 neminem
718 1928 866 1987 iacturum
886 1935 1021 2003 putasse.

52 2008 161 2085 menter
184 2010 301 2075 lesisse
315 2007 438 2084 dieitur,
459 2026 553 2085 quum
573 2011 612 2070 de
626 2025 665 2070 eo
680 2009 754 2068 nihil
769 2010 915 2083 sanxerit,
938 2010 1021 2087 quod
1089 2058 1092 2063 .

52 2108 87 2154 ea
99 2092 298 2155 commissum
312 2108 374 2152 non
390 2101 467 2166 erat,
482 2110 521 2153 ne
535 2109 597 2154 non
610 2100 671 2153 tam
685 2092 848 2188 prohibere
864 2108 953 2168 quarn
967 2093 1018 2153 ad·

52 2164 305 2239 nerstidereuu
340 2175 456 2249 Quanto
477 2178 608 2251 maiores
630 2175 727 2237 nostri
748 2175 954 2250 sapientiust
968 2174 1019 2250 qui

52 2257 311 2332 rmintelligerent
333 2257 406 2317 nilril
426 2275 497 2320 esse
520 2268 581 2320 tam
602 2267 755 2333 sanetum,
776 2259 859 2334 quod
881 2276 942 2322 nou
965 2258 1018 2319 ali-

52 2342 119 2403 ndo
135 2339 266 2401 violaret
280 2340 422 2416 audacia,
439 2341 646 2423 supplicium'
639 2359 670 2402 m
685 2341 852 2416 parricidas
866 2341 1019 2418 singulare

52 2423 264 2501 agitaverunt,
282 2431 330 2494 ut,
350 2439 429 2498 quos
445 2432 552 2484 natura
564 2424 634 2499 ipsa
646 2424 776 2485 retinere
790 2423 828 2485 in'
839 2425 942 2485 olfieio
957 2441 1018 2483 non

52 2507 162 2578 meet,
182 2504 385 2580 magnitudine
405 2521 523 2580 poenae
543 2507 726 2568 amalefioio
748 2515 1018 2569 summoverentur.

52 2589 74 2653 ti
86 2590 252 2650 voluerunt
261 2589 292 2648 in
304 2590 423 2648 oirlsutn
433 2586 522 2648 vivos
534 2596 624 2665 atque
634 2590 664 2649 in
676 2590 787 2650 llum'en
800 2587 899 2649 deiioi.
913 2587 1018 2646 XXVI.

61 2670 89 2734 0
104 2671 291 2746 singularem
304 2669 499 2745 sapientiam,
513 2669 643 2731 iudices!
665 2673 770 2734 Nonne
785 2671 927 2730 videntur
939 2667 1018 2727 huno

52 2756 150 2817 tinem
171 2771 211 2815 ex
230 2770 330 2813 rerum
351 2761 457 2814 natura
477 2752 638 2814 sustulisse
659 2764 689 2814 et
709 2753 876 2828 eripuisse,
904 2749 952 2809 oui
972 2766 1018 2809 re-

52 2848 84 2903 te
99 2839 236 2910 eaelum,
260 2839 373 2911 solem,
392 2851 504 2911 aquam
517 2842 688 2910 terramque
702 2831 882 2903 ademerint,
898 2841 945 2909 ut,
967 2834 1017 2929 qui

52 2940 59 2984 1
74 2929 236 2993 necasset,
248 2919 352 2981 unde
344 2936 412 3016 ipse
426 2936 466 2978 na
466 2926 515 2979 tus
526 2927 622 2990 esset,
637 2924 754 2977 careret
767 2915 805 2975 iis
818 2915 909 2976 rebus
924 2917 1016 2977 omni-

55 3020 130 3080 ,ex
156 3002 266 3079 quibus
282 3002 382 3064 omnia
403 3012 474 3062 nata
489 3016 560 3060 esse
573 2999 677 3060 dieunt
678 3006 734 3058 nrt
744 2984 928 3060 Noluerunt
944 3001 1016 3060 ieris

52 3104 106 3149 sus
121 3085 271 3158 obiicere,
288 3102 327 3145 ne
340 3085 447 3146 bestiis
465 3098 603 3159 quoque,
620 3097 698 3157 quae
712 3089 823 3141 tantum
837 3084 946 3144 scelus
948 3083 1016 3143 atti-

52 3179 125 3242 ant,
150 3167 377 3229 immanioribus
398 3176 563 3228 uteremur:
593 3181 652 3226 non
674 3164 718 3224 sio
738 3165 866 3226 nudos
858 3183 888 3225 ιιι
904 3166 1016 3226 flumen

53 3268 143 3326 aere,
158 3269 212 3325 ne,
235 3270 327 3327 quum
343 3251 433 3311 delati
448 3257 552 3310 essent
540 3249 595 3310 tin
609 3264 705 3319 mare,
725 3248 824 3323 ipsum
839 3250 1017 3323 polluerent,

52 3343 207 3407 eaetera,
233 3351 311 3411 quae
328 3335 439 3396 violata
460 3342 543 3407 sunt,
565 3330 682 3407 expiari
701 3341 856 3406 putantur.
886 3329 1017 3401 denique

52 3422 67 3479 l
86 3428 149 3480 tarn
166 3418 225 3478 vile
245 3433 345 3493 neque
360 3425 418 3477 tam
436 3418 559 3491 vulgare
575 3424 621 3477 est
636 3414 721 3477 euius
737 3431 793 3494 par
794 3413 1027 3559 1ι1ἳιξ111ιιιιε»
1044 3515 1046 3518 Ι
