<?xml version="1.0" encoding="UTF-8"?>
<!DOCTYPE html PUBLIC "-//W3C//DTD XHTML 1.0 Transitional//EN"
    "http://www.w3.org/TR/xhtml1/DTD/xhtml1-transitional.dtd">
<html xmlns="http://www.w3.org/1999/xhtml" xml:lang="en" lang="en">
 <head>
  <title>
</title>
<meta http-equiv="Content-Type" content="text/html;charset=utf-8" />
  <meta name='ocr-system' content='tesseract 3.04.00' />
  <meta name='ocr-capabilities' content='ocr_page ocr_carea ocr_par ocr_line ocrx_word'/>
</head>
<body>
  <div class='ocr_page' id='page_1' title='image "./orationesselect01cicegoog/orationesselect01cicegoog_0363.png"; bbox 0 0 2340 3788; ppageno 0'>
   <div class='ocr_carea' id='block_1_1' title="bbox 96 140 1134 419">
    <p class='ocr_par' dir='ltr' id='par_1_1' title="bbox 96 140 1134 419">
     <span class='ocr_line' id='line_1_1' title="bbox 96 140 857 295; baseline -0.007 -35"><span class='ocrx_word' id='word_1_1' title='bbox 96 154 161 295; x_wconf 72' lang='lat' dir='ltr'>tm</span> <span class='ocrx_word' id='word_1_2' title='bbox 367 192 443 256; x_wconf 83' lang='lat' dir='ltr'>rao</span> <span class='ocrx_word' id='word_1_3' title='bbox 457 140 857 255; x_wconf 68' lang='lat' dir='ltr'>en.Jrsnrcroonsr10.</span> 
     </span>
     <span class='ocr_line' id='line_1_2' title="bbox 96 316 1134 419; baseline 0 -8"><span class='ocrx_word' id='word_1_4' title='bbox 96 338 217 411; x_wconf 77' lang='grc' dir='ltr'>Ἰιιιιιιιιι.</span> <span class='ocrx_word' id='word_1_5' title='bbox 238 316 296 409; x_wconf 77' lang='lat'>85.¹</span> <span class='ocrx_word' id='word_1_6' title='bbox 305 341 500 405; x_wconf 77' lang='lat' dir='ltr'>Admonuisti</span> <span class='ocrx_word' id='word_1_7' title='bbox 516 341 616 417; x_wconf 73' lang='lat' dir='ltr'>etiarm·</span> <span class='ocrx_word' id='word_1_8' title='bbox 631 342 716 419; x_wconf 85' lang='lat' dir='ltr'>quod</span> <span class='ocrx_word' id='word_1_9' title='bbox 728 341 863 404; x_wconf 77' lang='lat' dir='ltr'>increta</span> <span class='ocrx_word' id='word_1_10' title='bbox 877 334 999 419; x_wconf 73' lang='lat' dir='ltr'>luisses,</span> <span class='ocrx_word' id='word_1_11' title='bbox 1015 345 1134 411; x_wconf 85' lang='lat' dir='ltr'>dictum</span> 
     </span>
    </p>
   </div>
   <div class='ocr_carea' id='block_1_2' title="bbox 84 424 1135 3499">
    <p class='ocr_par' dir='ltr' id='par_1_2' title="bbox 96 424 1135 920">
     <span class='ocr_line' id='line_1_3' title="bbox 97 424 1134 506; baseline 0.001 -15"><span class='ocrx_word' id='word_1_12' title='bbox 97 428 224 506; x_wconf 75' lang='lat' dir='ltr'>nequod</span> <span class='ocrx_word' id='word_1_13' title='bbox 243 427 275 489; x_wconf 92' lang='lat' dir='ltr'>in</span> <span class='ocrx_word' id='word_1_14' title='bbox 289 425 465 503; x_wconf 84' lang='lat' dir='ltr'>petitionem</span> <span class='ocrx_word' id='word_1_15' title='bbox 488 434 569 489; x_wconf 84' lang='lat' dir='ltr'>tuom</span> <span class='ocrx_word' id='word_1_16' title='bbox 583 424 644 487; x_wconf 79' lang='lat' dir='ltr'>di&#39;cl</span> <span class='ocrx_word' id='word_1_17' title='bbox 656 424 810 501; x_wconf 75' lang='lat' dir='ltr'>potuissec</span> <span class='ocrx_word' id='word_1_18' title='bbox 830 442 879 487; x_wconf 92' lang='lat' dir='ltr'>me</span> <span class='ocrx_word' id='word_1_19' title='bbox 898 427 930 486; x_wconf 93' lang='lat' dir='ltr'>id</span> <span class='ocrx_word' id='word_1_20' title='bbox 943 429 1134 503; x_wconf 80' lang='lat' dir='ltr'>perdidisse.</span> 
     </span>
     <span class='ocr_line' id='line_1_4' title="bbox 96 507 1134 587; baseline 0.003 -14"><span class='ocrx_word' id='word_1_21' title='bbox 96 512 173 583; x_wconf 77' lang='lat' dir='ltr'>liter</span> <span class='ocrx_word' id='word_1_22' title='bbox 183 510 275 586; x_wconf 71' lang='lat' dir='ltr'>igitur</span> <span class='ocrx_word' id='word_1_23' title='bbox 290 517 426 570; x_wconf 86' lang='lat' dir='ltr'>nostrum</span> <span class='ocrx_word' id='word_1_24' title='bbox 439 516 488 571; x_wconf 86' lang='lat' dir='ltr'>est</span> <span class='ocrx_word' id='word_1_25' title='bbox 502 507 642 585; x_wconf 75' lang='lat' dir='ltr'><strong>cupidior</strong></span> <span class='ocrx_word' id='word_1_26' title='bbox 655 507 749 569; x_wconf 86' lang='lat' dir='ltr'>dictit</span> <span class='ocrx_word' id='word_1_27' title='bbox 758 521 879 584; x_wconf 76' lang='lat' dir='ltr'>egone,</span> <span class='ocrx_word' id='word_1_28' title='bbox 896 509 949 587; x_wconf 87' lang='lat' dir='ltr'>qui</span> <span class='ocrx_word' id='word_1_29' title='bbox 967 512 1055 586; x_wconf 85' lang='lat' dir='ltr'>quod</span> <span class='ocrx_word' id='word_1_30' title='bbox 1072 512 1134 576; x_wconf 91' lang='lat' dir='ltr'>dici</span> 
     </span>
     <span class='ocr_line' id='line_1_5' title="bbox 96 589 1134 671; baseline 0.003 -15"><span class='ocrx_word' id='word_1_31' title='bbox 96 592 196 671; x_wconf 85' lang='lat' dir='ltr'>potuit</span> <span class='ocrx_word' id='word_1_32' title='bbox 214 609 277 655; x_wconf 85' lang='lat' dir='ltr'>ron</span> <span class='ocrx_word' id='word_1_33' title='bbox 296 591 441 667; x_wconf 75' lang='lat' dir='ltr'>dlxemm,</span> <span class='ocrx_word' id='word_1_34' title='bbox 462 606 504 659; x_wconf 84' lang='lat' dir='ltr'>an</span> <span class='ocrx_word' id='word_1_35' title='bbox 516 599 564 666; x_wconf 94' lang='lat' dir='ltr'>tu,</span> <span class='ocrx_word' id='word_1_36' title='bbox 582 589 635 667; x_wconf 90' lang='lat' dir='ltr'>qui</span> <span class='ocrx_word' id='word_1_37' title='bbox 653 591 832 667; x_wconf 82' lang='lat' dir='ltr'>etium-ipse</span> <span class='ocrx_word' id='word_1_38' title='bbox 847 591 879 653; x_wconf 89' lang='grc' dir='ltr'>ιιι</span> <span class='ocrx_word' id='word_1_39' title='bbox 893 600 923 653; x_wconf 90' lang='lat' dir='ltr'>te</span> <span class='ocrx_word' id='word_1_40' title='bbox 935 591 1079 656; x_wconf 81' lang='lat' dir='ltr'>dixerisr</span> <span class='ocrx_word' id='word_1_41' title='bbox 1090 596 1134 659; x_wconf 74' lang='grc' dir='ltr'>ἰι</span> 
     </span>
     <span class='ocr_line' id='line_1_6' title="bbox 97 671 1135 752; baseline 0.004 -13"><span class='ocrx_word' id='word_1_42' title='bbox 97 677 203 739; x_wconf 72' lang='lat' dir='ltr'>niobes</span> <span class='ocrx_word' id='word_1_43' title='bbox 215 676 256 737; x_wconf 94' lang='lat' dir='ltr'>de</span> <span class='ocrx_word' id='word_1_44' title='bbox 271 675 330 739; x_wconf 89' lang='lat' dir='ltr'>tuis</span> <span class='ocrx_word' id='word_1_45' title='bbox 341 675 437 737; x_wconf 86' lang='lat' dir='ltr'>rebus</span> <span class='ocrx_word' id='word_1_46' title='bbox 449 673 547 751; x_wconf 75' lang='lat' dir='ltr'>gestis</span> <span class='ocrx_word' id='word_1_47' title='bbox 560 671 790 735; x_wconf 85' lang='lat' dir='ltr'>nullaslltteras</span> <span class='ocrx_word' id='word_1_48' title='bbox 804 673 942 748; x_wconf 81' lang='lat' dir='ltr'>irrisisse,¹</span> <span class='ocrx_word' id='word_1_49' title='bbox 952 677 1040 752; x_wconf 86' lang='lat' dir='ltr'>quod</span> <span class='ocrx_word' id='word_1_50' title='bbox 1057 679 1135 742; x_wconf 85' lang='lat' dir='ltr'>mihi</span> 
     </span>
     <span class='ocr_line' id='line_1_7' title="bbox 96 754 1134 835; baseline 0.003 -15"><span class='ocrx_word' id='word_1_51' title='bbox 96 772 192 833; x_wconf 82' lang='lat' dir='ltr'>meae,</span> <span class='ocrx_word' id='word_1_52' title='bbox 208 774 286 835; x_wconf 87' lang='lat' dir='ltr'>quas</span> <span class='ocrx_word' id='word_1_53' title='bbox 298 756 340 818; x_wconf 87' lang='lat' dir='ltr'>ed</span> <span class='ocrx_word' id='word_1_54' title='bbox 353 755 486 833; x_wconf 70' lang='lat' dir='ltr'>ellonem</span> <span class='ocrx_word' id='word_1_55' title='bbox 501 754 664 831; x_wconf 85' lang='lat' dir='ltr'>misissem,</span> <span class='ocrx_word' id='word_1_56' title='bbox 680 755 860 819; x_wconf 71' lang='lat' dir='ltr'><strong>obruissent.</strong></span> <span class='ocrx_word' id='word_1_57' title='bbox 882 756 964 832; x_wconf 83' lang='lat' dir='ltr'>Ques</span> <span class='ocrx_word' id='word_1_58' title='bbox 979 773 1041 834; x_wconf 76' lang='lat' dir='ltr'>ego</span> <span class='ocrx_word' id='word_1_59' title='bbox 1058 761 1134 823; x_wconf 83' lang='lat' dir='ltr'>mibi</span> 
     </span>
     <span class='ocr_line' id='line_1_8' title="bbox 97 836 1132 920; baseline 0 -15"><span class='ocrx_word' id='word_1_60' title='bbox 97 841 237 905; x_wconf 89' lang='lat' dir='ltr'>eblulsse</span> <span class='ocrx_word' id='word_1_61' title='bbox 249 839 474 916; x_wconf 73' lang='lat' dir='ltr'>non-intelligo,</span> <span class='ocrx_word' id='word_1_62' title='bbox 488 838 536 901; x_wconf 90' lang='lat' dir='ltr'>rei</span> <span class='ocrx_word' id='word_1_63' title='bbox 548 836 691 914; x_wconf 83' lang='lat' dir='ltr'>publicae</span> <span class='ocrx_word' id='word_1_64' title='bbox 702 838 795 900; x_wconf 74' lang='lat' dir='ltr'>uideo</span> <span class='ocrx_word' id='word_1_65' title='bbox 809 840 960 916; x_wconf 76' lang='lat' dir='ltr'>prodesse</span> <span class='ocrx_word' id='word_1_66' title='bbox 973 841 1132 920; x_wconf 88' lang='lat' dir='ltr'>potuisse.</span> 
     </span>
    </p>

    <p class='ocr_par' dir='ltr' id='par_1_3' title="bbox 90 920 1134 3217">
     <span class='ocr_line' id='line_1_9' title="bbox 156 920 1134 1001; baseline 0.004 -16"><span class='ocrx_word' id='word_1_67' title='bbox 156 923 276 985; x_wconf 76' lang='lat' dir='ltr'><strong>XXXV·</strong></span> <span class='ocrx_word' id='word_1_68' title='bbox 288 920 420 987; x_wconf 55' lang='grc' dir='ltr'>διέθει</span> <span class='ocrx_word' id='word_1_69' title='bbox 434 930 506 985; x_wconf 88' lang='lat' dir='ltr'>sunt</span> <span class='ocrx_word' id='word_1_70' title='bbox 516 921 593 983; x_wconf 86' lang='lat' dir='ltr'>boec</span> <span class='ocrx_word' id='word_1_71' title='bbox 606 921 737 997; x_wconf 83' lang='lat' dir='ltr'>leviore,</span> <span class='ocrx_word' id='word_1_72' title='bbox 752 921 805 984; x_wconf 87' lang='lat' dir='ltr'>ille</span> <span class='ocrx_word' id='word_1_73' title='bbox 824 938 896 984; x_wconf 85' lang='lat' dir='ltr'>vero</span> <span class='ocrx_word' id='word_1_74' title='bbox 913 923 1022 998; x_wconf 79' lang='lat' dir='ltr'>gravia</span> <span class='ocrx_word' id='word_1_75' title='bbox 1034 935 1134 1001; x_wconf 84' lang='lat' dir='ltr'>atque</span> 
     </span>
     <span class='ocr_line' id='line_1_10' title="bbox 95 1005 1133 1083; baseline 0.005 -17"><span class='ocrx_word' id='word_1_76' title='bbox 95 1022 221 1083; x_wconf 70' lang='lat' dir='ltr'>meges,</span> <span class='ocrx_word' id='word_1_77' title='bbox 243 1007 327 1082; x_wconf 86' lang='lat' dir='ltr'>quod</span> <span class='ocrx_word' id='word_1_78' title='bbox 340 1020 441 1067; x_wconf 89' lang='lat' dir='ltr'>meum</span> <span class='ocrx_word' id='word_1_79' title='bbox 455 1005 645 1078; x_wconf 89' lang='lat' dir='ltr'>discessum,</span> <span class='ocrx_word' id='word_1_80' title='bbox 657 1020 748 1082; x_wconf 84' lang='lat' dir='ltr'>quem</span> <span class='ocrx_word' id='word_1_81' title='bbox 764 1020 860 1082; x_wconf 80' lang='lat' dir='ltr'>saepe</span> <span class='ocrx_word' id='word_1_82' title='bbox 873 1005 1023 1082; x_wconf 70' lang='lat' dir='ltr'>defluas,</span> <span class='ocrx_word' id='word_1_83' title='bbox 1047 1024 1133 1071; x_wconf 90' lang='lat' dir='ltr'>nunc</span> 
     </span>
     <span class='ocr_line' id='line_1_11' title="bbox 97 1084 1132 1167; baseline 0.004 -17"><span class='ocrx_word' id='word_1_84' title='bbox 97 1090 186 1167; x_wconf 76' lang='lat' dir='ltr'>qussi</span> <span class='ocrx_word' id='word_1_85' title='bbox 204 1088 431 1164; x_wconf 82' lang='lat' dir='ltr'>reprehendere</span> <span class='ocrx_word' id='word_1_86' title='bbox 452 1096 484 1150; x_wconf 94' lang='lat' dir='ltr'>et</span> <span class='ocrx_word' id='word_1_87' title='bbox 502 1088 715 1149; x_wconf 77' lang='lat' dir='ltr'>subaccusare</span> <span class='ocrx_word' id='word_1_88' title='bbox 731 1087 864 1150; x_wconf 85' lang='lat' dir='ltr'>voluisti.</span> <span class='ocrx_word' id='word_1_89' title='bbox 912 1084 1025 1150; x_wconf 83' lang='lat' dir='ltr'>Dixisti</span> <span class='ocrx_word' id='word_1_90' title='bbox 1047 1093 1132 1154; x_wconf 90' lang='lat' dir='ltr'>euim</span> 
     </span>
     <span class='ocr_line' id='line_1_12' title="bbox 95 1168 1133 1247; baseline -0.001 -12"><span class='ocrx_word' id='word_1_91' title='bbox 95 1188 159 1235; x_wconf 88' lang='lat' dir='ltr'>uon</span> <span class='ocrx_word' id='word_1_92' title='bbox 174 1169 320 1234; x_wconf 84' lang='lat' dir='ltr'>auxilium</span> <span class='ocrx_word' id='word_1_93' title='bbox 334 1169 417 1247; x_wconf 88' lang='lat' dir='ltr'>mihi,</span> <span class='ocrx_word' id='word_1_94' title='bbox 434 1170 491 1231; x_wconf 88' lang='lat' dir='ltr'>sed</span> <span class='ocrx_word' id='word_1_95' title='bbox 504 1186 553 1231; x_wconf 86' lang='lat' dir='ltr'>me</span> <span class='ocrx_word' id='word_1_96' title='bbox 567 1168 679 1232; x_wconf 78' lang='lat' dir='ltr'>auxilio</span> <span class='ocrx_word' id='word_1_97' title='bbox 694 1169 840 1232; x_wconf 82' lang='lat' dir='ltr'>demisse.</span> <span class='ocrx_word' id='word_1_98' title='bbox 861 1171 927 1246; x_wconf 79' lang='lat' dir='ltr'>Ego</span> <span class='ocrx_word' id='word_1_99' title='bbox 938 1186 1015 1233; x_wconf 86' lang='lat' dir='ltr'>vero</span> <span class='ocrx_word' id='word_1_100' title='bbox 1030 1172 1133 1236; x_wconf 74' lang='lat' dir='ltr'>fateor</span> 
     </span>
     <span class='ocr_line' id='line_1_13' title="bbox 96 1251 1133 1335; baseline 0.001 -18"><span class='ocrx_word' id='word_1_101' title='bbox 96 1266 156 1330; x_wconf 77' lang='lat' dir='ltr'>ms,</span> <span class='ocrx_word' id='word_1_102' title='bbox 169 1254 254 1331; x_wconf 79' lang='lat' dir='ltr'>quod</span> <span class='ocrx_word' id='word_1_103' title='bbox 271 1251 399 1315; x_wconf 80' lang='lat' dir='ltr'>uiderim</span> <span class='ocrx_word' id='word_1_104' title='bbox 412 1252 485 1312; x_wconf 81' lang='lat' dir='ltr'>nubi</span> <span class='ocrx_word' id='word_1_105' title='bbox 500 1252 643 1315; x_wconf 86' lang='lat' dir='ltr'>auxilium</span> <span class='ocrx_word' id='word_1_106' title='bbox 658 1269 720 1314; x_wconf 87' lang='lat' dir='ltr'>non</span> <span class='ocrx_word' id='word_1_107' title='bbox 734 1253 856 1329; x_wconf 85' lang='lat' dir='ltr'>deesse,</span> <span class='ocrx_word' id='word_1_108' title='bbox 869 1253 985 1315; x_wconf 89' lang='lat' dir='ltr'>idcirce</span> <span class='ocrx_word' id='word_1_109' title='bbox 1000 1255 1077 1335; x_wconf 88' lang='lat' dir='ltr'>[me]</span> <span class='ocrx_word' id='word_1_110' title='bbox 1088 1256 1133 1318; x_wconf 89' lang='lat' dir='ltr'>illi</span> 
     </span>
     <span class='ocr_line' id='line_1_14' title="bbox 96 1334 1132 1415; baseline 0.002 -16"><span class='ocrx_word' id='word_1_111' title='bbox 96 1336 210 1399; x_wconf 69' lang='lat' dir='ltr'>auxilio</span> <span class='ocrx_word' id='word_1_112' title='bbox 223 1334 413 1415; x_wconf 75' lang='lat' dir='ltr'>pepercisse.</span> <span class='ocrx_word' id='word_1_113' title='bbox 455 1334 513 1408; x_wconf 79' lang='lat' dir='ltr'>Qui</span> <span class='ocrx_word' id='word_1_114' title='bbox 528 1334 608 1395; x_wconf 87' lang='lat' dir='ltr'>enim</span> <span class='ocrx_word' id='word_1_115' title='bbox 622 1343 736 1411; x_wconf 85' lang='lat' dir='ltr'>status,</span> <span class='ocrx_word' id='word_1_116' title='bbox 752 1338 836 1412; x_wconf 85' lang='lat' dir='ltr'>quod</span> <span class='ocrx_word' id='word_1_117' title='bbox 849 1337 1029 1412; x_wconf 88' lang='lat' dir='ltr'>discrimen,</span> <span class='ocrx_word' id='word_1_118' title='bbox 1049 1356 1132 1415; x_wconf 86' lang='lat' dir='ltr'>quse</span> 
     </span>
     <span class='ocr_line' id='line_1_15' title="bbox 96 1416 1131 1494; baseline 0.002 -12"><span class='ocrx_word' id='word_1_119' title='bbox 96 1417 214 1482; x_wconf 82' lang='lat' dir='ltr'>luerit</span> <span class='ocrx_word' id='word_1_120' title='bbox 204 1435 236 1479; x_wconf 85' lang='grc' dir='ltr'>ιιι</span> <span class='ocrx_word' id='word_1_121' title='bbox 255 1434 291 1478; x_wconf 91' lang='lat' dir='ltr'>re</span> <span class='ocrx_word' id='word_1_122' title='bbox 310 1417 433 1494; x_wconf 89' lang='lat' dir='ltr'>publico</span> <span class='ocrx_word' id='word_1_123' title='bbox 455 1425 622 1493; x_wconf 81' lang='lat' dir='ltr'>tempestus</span> <span class='ocrx_word' id='word_1_124' title='bbox 640 1417 692 1480; x_wconf 87' lang='lat' dir='ltr'>ille</span> <span class='ocrx_word' id='word_1_125' title='bbox 712 1418 781 1494; x_wconf 89' lang='lat' dir='ltr'>quis</span> <span class='ocrx_word' id='word_1_126' title='bbox 795 1419 914 1480; x_wconf 71' lang='lat' dir='ltr'>nescite</span> <span class='ocrx_word' id='word_1_127' title='bbox 934 1416 1131 1485; x_wconf 71' lang='lat' dir='ltr'>liibbnicius</span> 
     </span>
     <span class='ocr_line' id='line_1_16' title="bbox 96 1498 1132 1567; baseline 0.004 -4"><span class='ocrx_word' id='word_1_128' title='bbox 96 1514 146 1563; x_wconf 83' lang='lat' dir='ltr'>tue</span> <span class='ocrx_word' id='word_1_129' title='bbox 160 1506 259 1562; x_wconf 89' lang='lat' dir='ltr'>terror</span> <span class='ocrx_word' id='word_1_130' title='bbox 278 1506 317 1560; x_wconf 83' lang='lat' dir='ltr'>cri</span> <span class='ocrx_word' id='word_1_131' title='bbox 334 1498 506 1562; x_wconf 82' lang='lat' dir='ltr'>consularis</span> <span class='ocrx_word' id='word_1_132' title='bbox 527 1501 612 1563; x_wconf 87' lang='lat' dir='ltr'>luror</span> <span class='ocrx_word' id='word_1_133' title='bbox 632 1499 747 1563; x_wconf 78' lang='grc' dir='ltr'>ιιιονιιι</span> <span class='ocrx_word' id='word_1_134' title='bbox 766 1503 928 1563; x_wconf 85' lang='lat' dir='ltr'>Decertare</span> <span class='ocrx_word' id='word_1_135' title='bbox 948 1500 1025 1563; x_wconf 78' lang='lat' dir='ltr'>aiibi</span> <span class='ocrx_word' id='word_1_136' title='bbox 1047 1505 1132 1567; x_wconf 88' lang='lat' dir='ltr'>lerro</span> 
     </span>
     <span class='ocr_line' id='line_1_17' title="bbox 95 1580 1132 1669; baseline 0.006 -24"><span class='ocrx_word' id='word_1_137' title='bbox 95 1592 238 1658; x_wconf 73' lang='lat' dir='ltr'>magnum</span> <span class='ocrx_word' id='word_1_138' title='bbox 250 1581 307 1645; x_wconf 88' lang='lat' dir='ltr'>luit</span> <span class='ocrx_word' id='word_1_139' title='bbox 320 1598 390 1644; x_wconf 88' lang='lat' dir='ltr'>cum</span> <span class='ocrx_word' id='word_1_140' title='bbox 402 1580 539 1659; x_wconf 90' lang='lat' dir='ltr'>reliquiis</span> <span class='ocrx_word' id='word_1_141' title='bbox 553 1597 674 1656; x_wconf 83' lang='lat' dir='ltr'>eonnn,</span> <span class='ocrx_word' id='word_1_142' title='bbox 696 1600 776 1661; x_wconf 85' lang='lat' dir='ltr'>quos</span> <span class='ocrx_word' id='word_1_143' title='bbox 795 1600 868 1669; x_wconf 79' lang='lat' dir='ltr'>ogo</span> <span class='ocrx_word' id='word_1_144' title='bbox 870 1584 1017 1646; x_wconf 88' lang='lat' dir='ltr'>ilorentes</span> <span class='ocrx_word' id='word_1_145' title='bbox 1034 1595 1132 1664; x_wconf 85' lang='lat' dir='ltr'>atquo</span> 
     </span>
     <span class='ocr_line' id='line_1_18' title="bbox 95 1659 1131 1744; baseline 0.005 -15"><span class='ocrx_word' id='word_1_146' title='bbox 95 1666 231 1742; x_wconf 74' lang='lat' dir='ltr'>integros</span> <span class='ocrx_word' id='word_1_147' title='bbox 245 1664 313 1727; x_wconf 89' lang='lat' dir='ltr'>sine</span> <span class='ocrx_word' id='word_1_148' title='bbox 328 1667 410 1727; x_wconf 89' lang='lat' dir='ltr'>lerro</span> <span class='ocrx_word' id='word_1_149' title='bbox 419 1664 578 1727; x_wconf 86' lang='lat' dir='ltr'>vieemmt</span> <span class='ocrx_word' id='word_1_150' title='bbox 594 1666 743 1729; x_wconf 83' lang='lat' dir='ltr'>consules</span> <span class='ocrx_word' id='word_1_151' title='bbox 756 1673 828 1744; x_wconf 91' lang='lat' dir='ltr'>post</span> <span class='ocrx_word' id='word_1_152' title='bbox 841 1659 998 1730; x_wconf 86' lang='lat' dir='ltr'>hominum</span> <span class='ocrx_word' id='word_1_153' title='bbox 1011 1684 1131 1734; x_wconf 84' lang='lat' dir='ltr'>memo·</span> 
     </span>
     <span class='ocr_line' id='line_1_19' title="bbox 93 1746 1129 1828; baseline 0.004 -17"><span class='ocrx_word' id='word_1_154' title='bbox 93 1748 171 1811; x_wconf 82' lang='lat' dir='ltr'>riom</span> <span class='ocrx_word' id='word_1_155' title='bbox 184 1746 345 1811; x_wconf 76' lang='lat' dir='ltr'>taeterrimi</span> <span class='ocrx_word' id='word_1_156' title='bbox 361 1757 453 1825; x_wconf 86' lang='lat' dir='ltr'>etque</span> <span class='ocrx_word' id='word_1_157' title='bbox 468 1747 652 1825; x_wconf 83' lang='lat' dir='ltr'>turpissimi,</span> <span class='ocrx_word' id='word_1_158' title='bbox 676 1748 756 1811; x_wconf 91' lang='lat' dir='ltr'>sicut</span> <span class='ocrx_word' id='word_1_159' title='bbox 771 1757 802 1812; x_wconf 88' lang='lat' dir='ltr'>et</span> <span class='ocrx_word' id='word_1_160' title='bbox 819 1749 871 1812; x_wconf 88' lang='lat' dir='ltr'>illo</span> <span class='ocrx_word' id='word_1_161' title='bbox 885 1749 1039 1828; x_wconf 85' lang='lat' dir='ltr'>principis</span> <span class='ocrx_word' id='word_1_162' title='bbox 1054 1761 1088 1815; x_wconf 93' lang='lat' dir='ltr'>et</span> <span class='ocrx_word' id='word_1_163' title='bbox 1100 1753 1129 1814; x_wconf 88' lang='lat' dir='ltr'>bi</span> 
     </span>
     <span class='ocr_line' id='line_1_20' title="bbox 95 1831 1134 1908; baseline 0.007 -13"><span class='ocrx_word' id='word_1_164' title='bbox 95 1840 235 1895; x_wconf 78' lang='lat' dir='ltr'>recentes</span> <span class='ocrx_word' id='word_1_165' title='bbox 250 1846 359 1893; x_wconf 87' lang='lat' dir='ltr'>rerum.</span> <span class='ocrx_word' id='word_1_166' title='bbox 374 1832 474 1892; x_wconf 86' lang='lat' dir='ltr'>exitus</span> <span class='ocrx_word' id='word_1_167' title='bbox 490 1831 695 1908; x_wconf 81' lang='lat' dir='ltr'>declararunt,</span> <span class='ocrx_word' id='word_1_168' title='bbox 716 1848 847 1908; x_wconf 88' lang='lat' dir='ltr'>quorum</span> <span class='ocrx_word' id='word_1_169' title='bbox 866 1835 943 1894; x_wconf 88' lang='lat' dir='ltr'>alter</span> <span class='ocrx_word' id='word_1_170' title='bbox 955 1834 1134 1902; x_wconf 79' lang='lat' dir='ltr'>exereitum</span> 
     </span>
     <span class='ocr_line' id='line_1_21' title="bbox 94 1913 1129 1994; baseline 0.006 -19"><span class='ocrx_word' id='word_1_171' title='bbox 94 1913 241 1991; x_wconf 82' lang='lat' dir='ltr'>perdidit,</span> <span class='ocrx_word' id='word_1_172' title='bbox 253 1916 330 1976; x_wconf 86' lang='lat' dir='ltr'>alter</span> <span class='ocrx_word' id='word_1_173' title='bbox 341 1913 494 1990; x_wconf 83' lang='lat' dir='ltr'>uendidit,</span> <span class='ocrx_word' id='word_1_174' title='bbox 516 1913 626 1990; x_wconf 86' lang='lat' dir='ltr'>emptis</span> <span class='ocrx_word' id='word_1_175' title='bbox 640 1914 806 1991; x_wconf 85' lang='lat' dir='ltr'>provinciis</span> <span class='ocrx_word' id='word_1_176' title='bbox 823 1932 841 1977; x_wconf 99' lang='lat' dir='ltr'>a</span> <span class='ocrx_word' id='word_1_177' title='bbox 855 1924 972 1992; x_wconf 84' lang='lat' dir='ltr'>senatu,</span> <span class='ocrx_word' id='word_1_178' title='bbox 985 1927 1006 1982; x_wconf 79' lang='lat' dir='ltr'>b</span> <span class='ocrx_word' id='word_1_179' title='bbox 1018 1934 1059 1978; x_wconf 92' lang='lat' dir='ltr'>re</span> <span class='ocrx_word' id='word_1_180' title='bbox 1073 1935 1129 1994; x_wconf 92' lang='lat' dir='ltr'>pu·</span> 
     </span>
     <span class='ocr_line' id='line_1_22' title="bbox 93 1995 1128 2076; baseline 0.004 -18"><span class='ocrx_word' id='word_1_181' title='bbox 93 1998 188 2073; x_wconf 88' lang='lat' dir='ltr'>blica,</span> <span class='ocrx_word' id='word_1_182' title='bbox 203 2014 221 2057; x_wconf 86' lang='lat' dir='ltr'>a</span> <span class='ocrx_word' id='word_1_183' title='bbox 235 1995 325 2058; x_wconf 89' lang='lat' dir='ltr'>bonis</span> <span class='ocrx_word' id='word_1_184' title='bbox 340 1995 479 2059; x_wconf 89' lang='lat' dir='ltr'>omnibus</span> <span class='ocrx_word' id='word_1_185' title='bbox 493 1998 680 2058; x_wconf 83' lang='lat' dir='ltr'>deiecerant=</span> <span class='ocrx_word' id='word_1_186' title='bbox 703 1996 756 2073; x_wconf 88' lang='lat' dir='ltr'>qui</span> <span class='ocrx_word' id='word_1_187' title='bbox 774 1999 924 2072; x_wconf 87' lang='lat' dir='ltr'>exercitu,</span> <span class='ocrx_word' id='word_1_188' title='bbox 946 1998 999 2075; x_wconf 88' lang='lat' dir='ltr'>qui</span> <span class='ocrx_word' id='word_1_189' title='bbox 1021 2003 1128 2076; x_wconf 86' lang='lat' dir='ltr'>armis,</span> 
     </span>
     <span class='ocr_line' id='line_1_23' title="bbox 96 2079 1128 2156; baseline 0.003 -14"><span class='ocrx_word' id='word_1_190' title='bbox 96 2079 149 2156; x_wconf 81' lang='lat' dir='ltr'>qui</span> <span class='ocrx_word' id='word_1_191' title='bbox 163 2080 273 2156; x_wconf 88' lang='lat' dir='ltr'>opibus</span> <span class='ocrx_word' id='word_1_192' title='bbox 287 2081 447 2155; x_wconf 90' lang='lat' dir='ltr'>plurimum</span> <span class='ocrx_word' id='word_1_193' title='bbox 461 2088 614 2155; x_wconf 83' lang='lat' dir='ltr'>poterent,</span> <span class='ocrx_word' id='word_1_194' title='bbox 634 2095 727 2156; x_wconf 87' lang='lat' dir='ltr'>quum</span> <span class='ocrx_word' id='word_1_195' title='bbox 742 2080 815 2156; x_wconf 89' lang='lat' dir='ltr'>quid</span> <span class='ocrx_word' id='word_1_196' title='bbox 830 2088 976 2144; x_wconf 74' lang='lat' dir='ltr'>sentirent</span> <span class='ocrx_word' id='word_1_197' title='bbox 990 2085 1128 2145; x_wconf 88' lang='lat' dir='ltr'>nescire-</span> 
     </span>
     <span class='ocr_line' id='line_1_24' title="bbox 93 2162 1126 2239; baseline 0.002 -15"><span class='ocrx_word' id='word_1_198' title='bbox 93 2170 151 2236; x_wconf 84' lang='lat' dir='ltr'>tur,</span> <span class='ocrx_word' id='word_1_199' title='bbox 165 2162 281 2222; x_wconf 90' lang='lat' dir='ltr'>lurialls</span> <span class='ocrx_word' id='word_1_200' title='bbox 295 2162 346 2222; x_wconf 88' lang='lat' dir='ltr'>illo</span> <span class='ocrx_word' id='word_1_201' title='bbox 358 2178 430 2232; x_wconf 87' lang='lat' dir='ltr'>vox,</span> <span class='ocrx_word' id='word_1_202' title='bbox 449 2163 572 2223; x_wconf 75' lang='lat' dir='ltr'>nefariis</span> <span class='ocrx_word' id='word_1_203' title='bbox 587 2163 709 2239; x_wconf 89' lang='lat' dir='ltr'>stupris,</span> <span class='ocrx_word' id='word_1_204' title='bbox 725 2163 876 2239; x_wconf 84' lang='lat' dir='ltr'>religiosis</span> <span class='ocrx_word' id='word_1_205' title='bbox 891 2164 1038 2226; x_wconf 88' lang='lat' dir='ltr'>alteribus</span> <span class='ocrx_word' id='word_1_206' title='bbox 1052 2168 1126 2228; x_wconf 77' lang='lat' dir='ltr'>eil&#39;e</span> 
     </span>
     <span class='ocr_line' id='line_1_25' title="bbox 95 2242 1127 2345; baseline 0.008 -42"><span class='ocrx_word' id='word_1_207' title='bbox 95 2242 217 2317; x_wconf 81' lang='lat' dir='ltr'>minate,</span> <span class='ocrx_word' id='word_1_208' title='bbox 232 2259 336 2305; x_wconf 89' lang='lat' dir='ltr'>secum</span> <span class='ocrx_word' id='word_1_209' title='bbox 354 2254 384 2307; x_wconf 91' lang='lat' dir='ltr'>et</span> <span class='ocrx_word' id='word_1_210' title='bbox 397 2245 468 2306; x_wconf 91' lang='lat' dir='ltr'>illos</span> <span class='ocrx_word' id='word_1_211' title='bbox 488 2252 519 2306; x_wconf 91' lang='lat' dir='ltr'>et</span> <span class='ocrx_word' id='word_1_212' title='bbox 533 2247 675 2319; x_wconf 85' lang='lat' dir='ltr'>cpnsules</span> <span class='ocrx_word' id='word_1_213' title='bbox 691 2246 792 2306; x_wconf 85' lang='lat' dir='ltr'>lucere</span> <span class='ocrx_word' id='word_1_214' title='bbox 803 2247 1001 2308; x_wconf 80' lang='lat' dir='ltr'>acerbissime</span> <span class='ocrx_word' id='word_1_215' title='bbox 1014 2264 1127 2345; x_wconf 83' lang='lat' dir='ltr'>perso·</span> 
     </span>
     <span class='ocr_line' id='line_1_26' title="bbox 95 2324 1127 2404; baseline 0.006 -17"><span class='ocrx_word' id='word_1_216' title='bbox 95 2325 201 2387; x_wconf 73' lang='lat' dir='ltr'>nobutr</span> <span class='ocrx_word' id='word_1_217' title='bbox 222 2324 347 2401; x_wconf 63' lang='lat' dir='ltr'>egentes</span> <span class='ocrx_word' id='word_1_218' title='bbox 370 2327 401 2389; x_wconf 90' lang='lat' dir='ltr'>in</span> <span class='ocrx_word' id='word_1_219' title='bbox 421 2329 608 2404; x_wconf 88' lang='lat' dir='ltr'>locupletes,</span> <span class='ocrx_word' id='word_1_220' title='bbox 627 2326 758 2403; x_wconf 85' lang='lat' dir='ltr'>perditi</span> <span class='ocrx_word' id='word_1_221' title='bbox 750 2344 779 2388; x_wconf 93' lang='grc' dir='ltr'>ιιι</span> <span class='ocrx_word' id='word_1_222' title='bbox 795 2330 909 2402; x_wconf 91' lang='lat' dir='ltr'>bonos,</span> <span class='ocrx_word' id='word_1_223' title='bbox 923 2329 1031 2390; x_wconf 76' lang='lat' dir='ltr'>servi&#39;</span> <span class='ocrx_word' id='word_1_224' title='bbox 1022 2348 1056 2392; x_wconf 93' lang='grc' dir='ltr'>ιιι</span> <span class='ocrx_word' id='word_1_225' title='bbox 1072 2333 1127 2393; x_wconf 90' lang='lat' dir='ltr'>do·</span> 
     </span>
     <span class='ocr_line' id='line_1_27' title="bbox 93 2407 1127 2511; baseline 0.005 -41"><span class='ocrx_word' id='word_1_226' title='bbox 93 2409 193 2470; x_wconf 87' lang='lat' dir='ltr'>minos</span> <span class='ocrx_word' id='word_1_227' title='bbox 212 2410 413 2472; x_wconf 85' lang='lat' dir='ltr'>armabantur</span> <span class='ocrx_word' id='word_1_228' title='bbox 456 2407 507 2473; x_wconf 86' lang='grc'>87.</span> <span class='ocrx_word' id='word_1_229' title='bbox 529 2412 571 2472; x_wconf 87' lang='lat' dir='ltr'>At</span> <span class='ocrx_word' id='word_1_230' title='bbox 590 2419 655 2472; x_wconf 89' lang='lat' dir='ltr'>erat</span> <span class='ocrx_word' id='word_1_231' title='bbox 675 2426 793 2472; x_wconf 90' lang='lat' dir='ltr'>mecum</span> <span class='ocrx_word' id='word_1_232' title='bbox 809 2421 932 2474; x_wconf 87' lang='lat' dir='ltr'>senatus</span> <span class='ocrx_word' id='word_1_233' title='bbox 948 2420 980 2473; x_wconf 85' lang='lat' dir='ltr'>et</span> <span class='ocrx_word' id='word_1_234' title='bbox 998 2414 1127 2511; x_wconf 82' lang='lat' dir='ltr'>quidem</span> 
     </span>
     <span class='ocr_line' id='line_1_28' title="bbox 93 2486 1127 2570; baseline 0.006 -17"><span class='ocrx_word' id='word_1_235' title='bbox 93 2498 182 2553; x_wconf 82' lang='lat' dir='ltr'>reste</span> <span class='ocrx_word' id='word_1_236' title='bbox 200 2499 336 2553; x_wconf 82' lang='lat' dir='ltr'>mutetu-</span> <span class='ocrx_word' id='word_1_237' title='bbox 349 2495 432 2570; x_wconf 91' lang='lat' dir='ltr'>quod</span> <span class='ocrx_word' id='word_1_238' title='bbox 455 2510 511 2568; x_wconf 91' lang='lat' dir='ltr'>pro</span> <span class='ocrx_word' id='word_1_239' title='bbox 533 2509 581 2553; x_wconf 91' lang='lat' dir='ltr'>me</span> <span class='ocrx_word' id='word_1_240' title='bbox 602 2510 663 2556; x_wconf 90' lang='lat' dir='ltr'>uno</span> <span class='ocrx_word' id='word_1_241' title='bbox 683 2486 923 2570; x_wconf 78' lang='lat' dir='ltr'>posthiminum</span> <span class='ocrx_word' id='word_1_242' title='bbox 943 2497 1127 2559; x_wconf 82' lang='lat' dir='ltr'>memorium</span> 
     </span>
     <span class='ocr_line' id='line_1_29' title="bbox 93 2573 1129 2654; baseline 0.002 -14"><span class='ocrx_word' id='word_1_243' title='bbox 93 2574 216 2651; x_wconf 80' lang='lat' dir='ltr'>publico</span> <span class='ocrx_word' id='word_1_244' title='bbox 228 2573 355 2637; x_wconf 79' lang='lat' dir='ltr'>consilio</span> <span class='ocrx_word' id='word_1_245' title='bbox 367 2582 543 2652; x_wconf 87' lang='lat' dir='ltr'>susceptum</span> <span class='ocrx_word' id='word_1_246' title='bbox 554 2585 610 2638; x_wconf 86' lang='lat' dir='ltr'>est</span> <span class='ocrx_word' id='word_1_247' title='bbox 633 2575 694 2637; x_wconf 91' lang='lat' dir='ltr'>Sed</span> <span class='ocrx_word' id='word_1_248' title='bbox 704 2579 867 2638; x_wconf 88' lang='lat' dir='ltr'>recordare</span> <span class='ocrx_word' id='word_1_249' title='bbox 875 2595 927 2654; x_wconf 83' lang='lat' dir='ltr'>qut</span> <span class='ocrx_word' id='word_1_250' title='bbox 937 2586 1001 2639; x_wconf 90' lang='lat' dir='ltr'>tum</span> <span class='ocrx_word' id='word_1_251' title='bbox 1013 2579 1129 2642; x_wconf 82' lang='lat' dir='ltr'>inerint</span> 
     </span>
     <span class='ocr_line' id='line_1_30' title="bbox 93 2657 1127 2735; baseline 0.003 -15"><span class='ocrx_word' id='word_1_252' title='bbox 93 2659 252 2720; x_wconf 89' lang='lat' dir='ltr'>consulum</span> <span class='ocrx_word' id='word_1_253' title='bbox 269 2657 389 2720; x_wconf 90' lang='lat' dir='ltr'>nomine</span> <span class='ocrx_word' id='word_1_254' title='bbox 402 2660 517 2732; x_wconf 88' lang='lat' dir='ltr'>hostes,</span> <span class='ocrx_word' id='word_1_255' title='bbox 535 2659 587 2735; x_wconf 90' lang='lat' dir='ltr'>qui</span> <span class='ocrx_word' id='word_1_256' title='bbox 602 2658 682 2721; x_wconf 89' lang='lat' dir='ltr'>soli</span> <span class='ocrx_word' id='word_1_257' title='bbox 673 2676 704 2719; x_wconf 89' lang='grc' dir='ltr'>ιιι</span> <span class='ocrx_word' id='word_1_258' title='bbox 720 2659 779 2720; x_wconf 90' lang='lat' dir='ltr'>hac</span> <span class='ocrx_word' id='word_1_259' title='bbox 792 2661 868 2721; x_wconf 87' lang='lat' dir='ltr'>urbe</span> <span class='ocrx_word' id='word_1_260' title='bbox 882 2667 1024 2721; x_wconf 88' lang='lat' dir='ltr'>senatum</span> <span class='ocrx_word' id='word_1_261' title='bbox 1037 2678 1127 2723; x_wconf 87' lang='lat' dir='ltr'>sena</span> 
     </span>
     <span class='ocr_line' id='line_1_31' title="bbox 92 2739 1127 2820; baseline 0.003 -16"><span class='ocrx_word' id='word_1_262' title='bbox 92 2739 136 2804; x_wconf 89' lang='lat' dir='ltr'>tui</span> <span class='ocrx_word' id='word_1_263' title='bbox 156 2758 265 2817; x_wconf 87' lang='lat' dir='ltr'>parere</span> <span class='ocrx_word' id='word_1_264' title='bbox 284 2757 346 2802; x_wconf 88' lang='lat' dir='ltr'>nou</span> <span class='ocrx_word' id='word_1_265' title='bbox 367 2741 485 2815; x_wconf 87' lang='lat' dir='ltr'>sierint,</span> <span class='ocrx_word' id='word_1_266' title='bbox 505 2741 669 2819; x_wconf 89' lang='lat' dir='ltr'>edictoque</span> <span class='ocrx_word' id='word_1_267' title='bbox 689 2759 746 2805; x_wconf 91' lang='lat' dir='ltr'>suo</span> <span class='ocrx_word' id='word_1_268' title='bbox 765 2759 827 2803; x_wconf 90' lang='lat' dir='ltr'>non</span> <span class='ocrx_word' id='word_1_269' title='bbox 842 2746 962 2804; x_wconf 88' lang='lat' dir='ltr'>luctum</span> <span class='ocrx_word' id='word_1_270' title='bbox 982 2744 1127 2820; x_wconf 90' lang='lat' dir='ltr'>patribus</span> 
     </span>
     <span class='ocr_line' id='line_1_32' title="bbox 93 2823 1129 2900; baseline 0.005 -15"><span class='ocrx_word' id='word_1_271' title='bbox 93 2823 292 2900; x_wconf 86' lang='lat' dir='ltr'>conscriptis,</span> <span class='ocrx_word' id='word_1_272' title='bbox 314 2824 371 2884; x_wconf 90' lang='lat' dir='ltr'>sed</span> <span class='ocrx_word' id='word_1_273' title='bbox 391 2823 504 2885; x_wconf 89' lang='lat' dir='ltr'>indicia</span> <span class='ocrx_word' id='word_1_274' title='bbox 518 2826 617 2886; x_wconf 91' lang='lat' dir='ltr'>luctus</span> <span class='ocrx_word' id='word_1_275' title='bbox 639 2824 816 2887; x_wconf 82' lang='lat' dir='ltr'>ademerint</span> <span class='ocrx_word' id='word_1_276' title='bbox 858 2828 900 2886; x_wconf 78' lang='lat' dir='ltr'>At</span> <span class='ocrx_word' id='word_1_277' title='bbox 919 2833 985 2886; x_wconf 89' lang='lat' dir='ltr'>erat</span> <span class='ocrx_word' id='word_1_278' title='bbox 1002 2842 1129 2890; x_wconf 89' lang='lat' dir='ltr'>mecum</span> 
     </span>
     <span class='ocr_line' id='line_1_33' title="bbox 93 2906 1130 2984; baseline 0.007 -17"><span class='ocrx_word' id='word_1_279' title='bbox 93 2913 220 2968; x_wconf 88' lang='lat' dir='ltr'>cunctus</span> <span class='ocrx_word' id='word_1_280' title='bbox 232 2913 376 2983; x_wconf 83' lang='lat' dir='ltr'>equester</span> <span class='ocrx_word' id='word_1_281' title='bbox 386 2907 477 2968; x_wconf 88' lang='lat' dir='ltr'>ordo=</span> <span class='ocrx_word' id='word_1_282' title='bbox 493 2923 584 2983; x_wconf 89' lang='lat' dir='ltr'>quem</span> <span class='ocrx_word' id='word_1_283' title='bbox 603 2907 726 2984; x_wconf 88' lang='lat' dir='ltr'>quidem</span> <span class='ocrx_word' id='word_1_284' title='bbox 741 2906 771 2967; x_wconf 90' lang='grc' dir='ltr'>ιιι</span> <span class='ocrx_word' id='word_1_285' title='bbox 786 2906 979 2970; x_wconf 91' lang='lat' dir='ltr'>contionibus</span> <span class='ocrx_word' id='word_1_286' title='bbox 994 2911 1130 2974; x_wconf 75' lang='lat' dir='ltr'>saltator</span> 
     </span>
     <span class='ocr_line' id='line_1_34' title="bbox 90 2988 1127 3066; baseline 0.006 -19"><span class='ocrx_word' id='word_1_287' title='bbox 90 2988 141 3048; x_wconf 90' lang='lat' dir='ltr'>ille</span> <span class='ocrx_word' id='word_1_288' title='bbox 162 2989 306 3051; x_wconf 81' lang='lat' dir='ltr'>catilinae</span> <span class='ocrx_word' id='word_1_289' title='bbox 328 2992 437 3051; x_wconf 89' lang='lat' dir='ltr'>consul</span> <span class='ocrx_word' id='word_1_290' title='bbox 457 2990 689 3066; x_wconf 89' lang='lat' dir='ltr'>proscriptionis</span> <span class='ocrx_word' id='word_1_291' title='bbox 716 2990 949 3052; x_wconf 88' lang='lat' dir='ltr'>denunciatione</span> <span class='ocrx_word' id='word_1_292' title='bbox 977 2993 1127 3053; x_wconf 78' lang='lat' dir='ltr'>terrebat</span> 
     </span>
     <span class='ocr_line' id='line_1_35' title="bbox 90 3070 1128 3149; baseline 0.007 -20"><span class='ocrx_word' id='word_1_293' title='bbox 90 3070 133 3130; x_wconf 78' lang='lat' dir='ltr'>At</span> <span class='ocrx_word' id='word_1_294' title='bbox 146 3071 302 3133; x_wconf 82' lang='lat' dir='ltr'>toteltnlio</span> <span class='ocrx_word' id='word_1_295' title='bbox 325 3081 524 3135; x_wconf 88' lang='lat' dir='ltr'>convenerat·</span> <span class='ocrx_word' id='word_1_296' title='bbox 547 3072 596 3135; x_wconf 91' lang='lat' dir='ltr'>cui</span> <span class='ocrx_word' id='word_1_297' title='bbox 614 3074 737 3149; x_wconf 89' lang='lat' dir='ltr'>quidem</span> <span class='ocrx_word' id='word_1_298' title='bbox 749 3073 821 3134; x_wconf 91' lang='lat' dir='ltr'>belli</span> <span class='ocrx_word' id='word_1_299' title='bbox 834 3072 968 3135; x_wconf 90' lang='lat' dir='ltr'>intestini</span> <span class='ocrx_word' id='word_1_300' title='bbox 982 3081 1015 3135; x_wconf 86' lang='lat' dir='ltr'>et</span> <span class='ocrx_word' id='word_1_301' title='bbox 1032 3075 1128 3137; x_wconf 87' lang='lat' dir='ltr'>vesti·</span> 
     </span>
     <span class='ocr_line' id='line_1_36' title="bbox 91 3150 481 3217; baseline 0.003 -3"><span class='ocrx_word' id='word_1_302' title='bbox 91 3150 161 3214; x_wconf 87' lang='lat' dir='ltr'>tulis</span> <span class='ocrx_word' id='word_1_303' title='bbox 173 3162 272 3215; x_wconf 86' lang='lat' dir='ltr'>metus</span> <span class='ocrx_word' id='word_1_304' title='bbox 287 3154 481 3217; x_wconf 83' lang='lat' dir='ltr'>inferebatur.</span> 
     </span>
    </p>

    <p class='ocr_par' dir='ltr' id='par_1_4' title="bbox 84 3234 1130 3482">
     <span class='ocr_line' id='line_1_37' title="bbox 153 3234 1130 3315; baseline 0.007 -20"><span class='ocrx_word' id='word_1_305' title='bbox 153 3234 285 3301; x_wconf 85' lang='lat' dir='ltr'>XXXVI.</span> <span class='ocrx_word' id='word_1_306' title='bbox 300 3237 392 3299; x_wconf 83' lang='lat' dir='ltr'>Hisce</span> <span class='ocrx_word' id='word_1_307' title='bbox 407 3255 466 3315; x_wconf 78' lang='lat' dir='ltr'>ogo</span> <span class='ocrx_word' id='word_1_308' title='bbox 483 3237 604 3300; x_wconf 88' lang='lat' dir='ltr'>auxiliis</span> <span class='ocrx_word' id='word_1_309' title='bbox 620 3239 811 3300; x_wconf 78' lang='lat' dir='ltr'>studentibus</span> <span class='ocrx_word' id='word_1_310' title='bbox 824 3246 917 3315; x_wconf 82' lang='lat' dir='ltr'>atque</span> <span class='ocrx_word' id='word_1_311' title='bbox 930 3237 1069 3301; x_wconf 81' lang='lat' dir='ltr'>incitetis</span> <span class='ocrx_word' id='word_1_312' title='bbox 1083 3239 1130 3302; x_wconf 92' lang='lat' dir='ltr'>uti</span> 
     </span>
     <span class='ocr_line' id='line_1_38' title="bbox 89 3310 1129 3397; baseline 0.006 -19"><span class='ocrx_word' id='word_1_313' title='bbox 89 3334 155 3391; x_wconf 89' lang='lat' dir='ltr'>me,</span> <span class='ocrx_word' id='word_1_314' title='bbox 167 3317 356 3391; x_wconf 88' lang='lat' dir='ltr'>Laterensis,</span> <span class='ocrx_word' id='word_1_315' title='bbox 377 3321 516 3396; x_wconf 89' lang='lat' dir='ltr'>potuisse</span> <span class='ocrx_word' id='word_1_316' title='bbox 536 3322 699 3394; x_wconf 82' lang='lat' dir='ltr'>confiteor,</span> <span class='ocrx_word' id='word_1_317' title='bbox 724 3310 780 3381; x_wconf 88' lang='lat' dir='ltr'>sed</span> <span class='ocrx_word' id='word_1_318' title='bbox 794 3328 859 3381; x_wconf 90' lang='lat' dir='ltr'>erat</span> <span class='ocrx_word' id='word_1_319' title='bbox 873 3337 933 3381; x_wconf 89' lang='lat' dir='ltr'>non</span> <span class='ocrx_word' id='word_1_320' title='bbox 955 3321 1041 3397; x_wconf 88' lang='lat' dir='ltr'>iure,</span> <span class='ocrx_word' id='word_1_321' title='bbox 1063 3340 1129 3384; x_wconf 91' lang='lat' dir='ltr'>non</span> 
     </span>
     <span class='ocr_line' id='line_1_39' title="bbox 84 3400 1130 3499; baseline 0.008 -38"><span class='ocrx_word' id='word_1_322' title='bbox 84 3400 218 3477; x_wconf 66' lang='lat' dir='ltr'>legibus,</span> <span class='ocrx_word' id='word_1_323' title='bbox 234 3414 297 3499; x_wconf 87' lang='lat' dir='ltr'>nen</span> <span class='ocrx_word' id='word_1_324' title='bbox 312 3401 514 3479; x_wconf 83' lang='lat' dir='ltr'>discepundo</span> <span class='ocrx_word' id='word_1_325' title='bbox 530 3403 761 3465; x_wconf 77' lang='grc' dir='ltr'>ιιοιιιιιιιιιιιπιι</span> <span class='ocrx_word' id='word_1_326' title='bbox 782 3419 852 3464; x_wconf 86' lang='lat' dir='ltr'>nem</span> <span class='ocrx_word' id='word_1_327' title='bbox 865 3404 1019 3478; x_wconf 86' lang='lat' dir='ltr'>prolecto,</span> <span class='ocrx_word' id='word_1_328' title='bbox 1035 3420 1130 3482; x_wconf 81' lang='lat' dir='ltr'>pree·</span> 
     </span>
    </p>
   </div>
   <div class='ocr_carea' id='block_1_3' title="bbox 0 0 1174 3788">
    <p class='ocr_par' dir='ltr' id='par_1_5' title="bbox 0 0 1174 3788">
     <span class='ocr_line' id='line_1_40' title="bbox 0 0 1174 3788; baseline 0 1"><span class='ocrx_word' id='word_1_329' title='bbox 0 0 1174 3788; x_wconf 95' lang='lat' dir='ltr'> </span> 
     </span>
    </p>
   </div>
  </div>
 </body>
</html>
