2340 3788
363 158 445 221 cue.
461 167 595 224 as-au.
617 166 644 248 s.
658 169 790 226 ar-ca.
1030 165 1092 233 ιιι

59 310 173 372 audeat
192 307 294 370 dicere
308 307 399 370 ullius
414 306 444 369 in
461 308 565 370 Sicilia
584 319 781 383 quaesturam
798 320 850 374 aut
864 314 1025 378 clariorem
1040 325 1093 381 aut

60 392 222 468 gratiorem
243 390 349 452 luisse.
383 392 465 452 Vere
482 391 656 454 mehercule
669 393 729 453 hoc
744 393 860 455 dicam=
874 397 924 459 *sic
945 409 1008 462 tum
1028 399 1094 463 exi·

60 475 233 546 stimabam,
251 473 325 535 nihil
338 473 477 536 homines
497 474 580 536 aliud
594 477 711 537 Romae
724 476 783 537 nisi
799 477 839 537 de
849 489 1014 553 quaestura
1026 500 1095 544 mea

59 556 155 634 loqui.
196 555 348 618 Frumenti
365 557 396 617 in
411 574 529 619 summa
543 557 667 620 caritate
683 560 847 620 maximum
868 579 1024 625 numerum
1039 566 1093 626 mi-

60 657 177 701 seram:
198 640 445 716 negociatoribus
460 640 571 715 comis,
586 641 806 703 mercatoribus
820 642 938 718 iustus,
949 647 1094 723 mancipi-

59 726 118 785 bus
136 723 286 798 liberalis,
301 722 395 784 sociis
410 723 582 797 abstinens,
605 724 745 793 omnibus
768 740 851 786 eram
866 726 952 788 visus
966 728 995 787 in
1013 731 1094 791 omni

60 806 163 869 officio
179 806 446 882 diligentissimus:
462 806 625 882 excogitati
641 807 765 883 quidam
780 816 867 869 erant
879 825 899 868 a
913 807 1025 872 Siculis
1039 810 1093 874 ho-

58 906 150 952 nores
171 889 202 950 in
223 906 272 950 me
291 888 429 950 inauditi.
478 887 653 966 65.1taqne
674 891 731 950 hac
753 907 811 966 spe
834 892 1037 965 decedebam,
1062 903 1095 957 ιιι

58 973 131 1033 mihi
146 975 294 1047 populum
304 974 475 1033 Romanum
492 974 570 1032 ultro
586 967 688 1033 om'nia
701 973 871 1035 delaturum
885 982 1033 1050 putarem.
1054 978 1096 1037 Αι

59 1073 117 1131 ego
133 1071 226 1130 quum
241 1070 318 1116 casu
332 1055 441 1116 diebus
461 1055 499 1115 iis
515 1054 630 1116 itineris
646 1054 778 1117 faciendi
794 1073 889 1118 causa
907 1059 1061 1118 decedens
1076 1075 1095 1119 e

59 1137 219 1214 provincia
240 1137 385 1199 Puteolos
407 1140 485 1199 forte
509 1138 680 1212 venissem,
701 1141 930 1215 quamplurimi
948 1140 1095 1204 etlaulie
1162 1179 1168 1191 ι

61 1222 130 1282 simi
144 1221 175 1280 ln
190 1219 227 1280 iis
242 1220 320 1282 locis
336 1222 436 1282 solent
449 1215 530 1295 e'sse,
545 1220 667 1282 concidi
680 1237 787 1296 paene,
803 1221 930 1296 iudices,
948 1240 1041 1299 quum
1055 1239 1096 1285 ex

60 1319 108 1364 me
122 1302 245 1379 quidam
257 1303 431 1379 quaesisset
441 1320 503 1380 quo
516 1302 566 1364 die
578 1305 676 1365 Roma
686 1303 821 1367 exissem
835 1312 866 1367 et
877 1307 1095 1382 numquidnam

60 1393 145 1447 esset
155 1386 236 1446 novi.
250 1386 304 1446 Cui
320 1403 387 1447 curn
401 1388 643 1463 respondissem,
658 1403 737 1448 mea
751 1387 909 1462 provincia
927 1390 1093 1451 decedere:

58 1469 156 1529 Etiam
171 1469 351 1543 mehercule,
369 1469 475 1546 inquit,
490 1479 524 1532 ut
537 1468 655 1545 opinor,
673 1487 713 1531 ex
726 1470 840 1532 Africa.
882 1472 1001 1532 xxvll.
1016 1472 1094 1534 Huic

59 1568 117 1626 ego
142 1552 202 1612 ium
222 1554 418 1615 stomachans
438 1552 612 1615 fastidiose:
641 1554 736 1632 Immo
758 1568 798 1613 ex
818 1552 936 1627 Sicilia,
958 1553 1093 1632 inquam.

59 1636 133 1695 Tum
146 1635 277 1710 quidam,
293 1637 381 1712 quasi
394 1636 447 1710 qui
460 1635 561 1696 ornnia
573 1634 679 1696 sciret=
702 1633 801 1709 uuida
814 1645 846 1697 tu
857 1636 970 1708 nescis,
987 1637 1094 1714 inquit,

58 1718 141 1778 hunc
157 1726 351 1792 quaestorem
366 1717 531 1795 Syracusis
548 1716 666 1778 luisset
686 1717 765 1792 Quid
781 1721 895 1780 multat
915 1719 1016 1780 destiti
1030 1728 1093 1781 stn-

58 1800 194 1859 machari
209 1810 239 1860 el
252 1817 301 1860 me
315 1817 409 1861 uuum
424 1798 515 1859 exiis
530 1797 597 1868 ieci,
615 1800 668 1873 qui
682 1800 722 1860 ad
737 1815 834 1873 aquas
850 1801 1017 1862 venissent.

102 1948 105 1953 ,
122 1882 172 1943 66.
186 1880 249 1942 Sed
266 1898 304 1942 ea
317 1898 377 1954 res,
392 1880 521 1954 iudices,
536 1879 618 1940 baud
633 1880 698 1941 scio
715 1898 754 1940 an
765 1883 836 1956 plus
850 1881 923 1942 mihi
937 1881 1094 1957 profuerit,

60 1981 153 2042 quam
169 1966 195 2025 si
212 1963 285 2024 mihi
298 1973 362 2025 tum
375 1972 480 2026 essent
494 1978 600 2023 omnes
615 1963 763 2038 gratulati.
785 1964 859 2025 Nam
877 1971 1094 2040 posteaquam

59 2047 145 2110 sensi
171 2047 278 2122 populi
301 2046 431 2109 Romani
450 2063 541 2107 aures
560 2046 750 2120 hebetiores,
773 2049 880 2125 oculos
902 2055 1001 2109 autem
1022 2063 1095 2109 essa

60 2147 148 2192 acres
163 2140 255 2207 atque
270 2138 394 2204 acutos,
410 2128 511 2192 destiti
527 2128 602 2205 quid
617 2130 656 2190 de
670 2146 718 2191 me
732 2128 865 2192 audituri
878 2137 983 2192 essent
996 2128 1093 2192 homi·

59 2230 116 2275 nes
133 2212 281 2289 cogitare:
298 2214 357 2275 leci
371 2222 403 2275 ut
416 2221 526 2288 postea
540 2211 652 2275 cotidie
663 2220 857 2289 praesentem
872 2229 921 2275 me
936 2212 1091 2279 viderent:

58 2296 194 2358 habitavi
208 2300 239 2356 in
256 2297 369 2372 oculis,
388 2295 489 2373 pressi
500 2298 613 2358 iorum:
636 2295 787 2358 neminem
801 2313 821 2357 a
837 2313 1008 2373 congressu
1020 2313 1090 2359 meo

60 2397 163 2456 neque
184 2380 293 2441 ianitor
313 2395 400 2441 meus
423 2395 525 2455 neque
545 2395 672 2441 somnus
687 2378 858 2442 absterruit.
899 2380 1019 2456 Ecquid
1032 2396 1091 2455 ego

60 2463 160 2524 dicam
184 2465 223 2524 de
249 2462 407 2538 occupatis
428 2462 504 2523 meis
522 2463 725 2539 temporibus,
754 2463 803 2524 cui
823 2464 913 2524 luerit
931 2479 970 2523 ne
987 2461 1092 2523 ocium

62 2545 185 2622 quidem
195 2563 339 2623 umquam
350 2546 508 2607 ociosum?
534 2547 610 2608 Nam
622 2558 699 2622 quas
711 2555 745 2608 tu
756 2562 984 2619 commemoras,
997 2543 1092 2616 Cassi,

59 2630 162 2704 legere
176 2639 208 2690 te
219 2632 319 2692 solere
331 2629 495 2710 orationes,
517 2646 612 2704 quum
626 2629 751 2691 ociosus
769 2630 828 2705 sis,
841 2629 897 2690 has
910 2644 967 2703 ego
980 2625 1092 2702 scripsi

58 2711 140 2772 ludis
157 2720 187 2774 et
204 2712 297 2786 feriis,
310 2730 349 2774 ne
364 2713 638 2788 omninoumquam
652 2729 753 2775 essem
768 2712 902 2774 ociosus.
919 2708 1036 2775 Etenim
1049 2709 1092 2771 Μ.

60 2794 183 2856 Catonis
199 2795 289 2870 illud,
315 2797 401 2872 quod
421 2795 452 2856 in
473 2794 624 2872 principio
648 2795 772 2872 scripsit
787 2795 940 2871 Originum
957 2808 1090 2866 suarum,

60 2893 184 2952 semper
202 2879 397 2955 magnificum
415 2888 445 2940 ct
460 2881 651 2954 praeclarum
667 2878 781 2956 putavi,
794 2883 945 2942 clarorum
960 2878 1091 2939 arnum

59 2966 148 3036 atqua
163 2977 337 3037 mcpaontm
351 2979 410 3024 oon
419 2965 516 3025 minus
525 2965 584 3024 ocii
592 2979 681 3038 quom
693 2966 809 3039 manati
816 2966 960 3024 rationem
969 2966 1092 3024 certare

57 3050 201 3120 oportere.
219 3046 282 3117 ‚Ita
293 3045 320 3106 si
334 3041 426 3120 quam
442 3045 540 3106 habeo
555 3045 685 3121 laudem,
700 3063 779 3122 quae
794 3053 907 3121 quantu
920 3042 961 3117 sit
973 3043 1089 3116 nescio,

57 3136 146 3204 parta
158 3127 274 3190 Romae
290 3138 353 3204 est,
369 3128 508 3205 quaesita
526 3127 557 3187 in
572 3129 655 3190 loro:
677 3145 807 3205 meaque
824 3112 943 3204 privatb
963 3124 1092 3188 consilia

57 3210 173 3287 publici
194 3228 318 3288 quoque
333 3228 426 3275 casus
441 3210 729 3287 comprobaverunt,
750 3219 784 3277 ιιι
797 3210 887 3274 etiam
904 3226 1023 3272 summa
1036 3222 1091 3269 res

58 3295 182 3370 publica
194 3294 266 3356 mibi
283 3294 365 3356 domi
385 3293 475 3356 luerit
494 3295 628 3369 gerenda
651 3303 683 3356 et
701 3295 775 3356 urbs
789 3294 819 3356 iu
834 3295 908 3355 urbe
924 3289 1091 3355 servando.

58 3375 110 3441 67.
128 3379 244 3439 Eadem
258 3376 362 3454 igitur,
380 3377 482 3454 Caesi,
497 3376 548 3440 via
561 3376 675 3439 munita
688 3377 845 3441 Laterensi
858 3374 1017 3516 ⁰⁸{1idm
1032 3370 1091 3433 vir-

130 3473 185 3516 crc.
203 3471 294 3516 oaar.
