2340 3788
355 172 734 248 caru-acrasi.
999 173 1062 245 sor

25 324 132 393 fideti,
157 339 219 382 non
234 320 374 383 credidit:
390 322 428 382 de
441 320 548 394 armis,
570 322 610 382 de
625 323 716 396 icrro,
730 323 769 381 dc
783 321 902 385 insidiis
920 327 1020 386 celare
1035 334 1064 389 te

29 404 152 465 notuit?
174 402 222 464 19.
235 407 276 464 At
296 421 385 478 quarn
403 404 514 463 festive
534 402 646 463 crimen
662 403 846 477 contexiturt
875 407 938 467 Tua
959 415 1003 483 te,
1019 409 1063 469 in·

31 488 108 561 quit,
124 488 246 560 eadem,
270 503 347 561 qaae
367 502 478 561 saepe,
494 487 614 546 fortuna
631 485 779 546 servavit:
795 487 944 560 negavisti
957 497 1018 551 tum
1032 501 1060 552 te

25 568 186 642 inspicere
207 569 295 628 velle.
338 570 403 627 Vll.
428 568 504 641 Quid
526 575 654 643 posteat
676 586 715 628 an
735 567 895 629 Deiotarus
916 585 991 644 rex,
1011 575 1062 634 ilio

24 661 170 725 tempore
186 669 247 712 non
263 652 398 726 perfecta
412 668 455 724 re,
472 652 614 710 continuo
631 650 745 712 dimisit
759 650 1062 715 exercitaminibus

25 741 99 793 erat
113 735 189 794 atius
204 734 368 795 insidiandi
382 735 490 793 locust
509 734 551 792 At
564 735 672 794 eodem
687 743 733 809 tc,
749 751 841 808 quum
857 733 1063 810 coenavisses,
1087 752 1091 761 ’

22 816 197 876 rediturum
213 817 344 889 dixeras,
359 816 462 889 itaque
482 815 588 875 iecisti.
624 817 839 877 Horamuaam
855 817 1063 879 auiduaseo=
1131 858 1137 869 ,

23 902 103 959 dem
114 901 182 961 loco
196 907 340 971 armatos,
354 905 387 958 ut
397 897 537 959 coltocati
552 899 677 970 fuerant,
693 898 823 959 retinere
835 915 977 974 magnum
990 899 1065 961 initi

24 983 131 1055 Quum
146 983 176 1041 in
192 980 333 1042 convivio
349 981 474 1041 comiter
488 989 520 1041 et
533 981 666 1041 iucunde
690 981 819 1053 fuisses,
838 989 901 1043 tum
920 980 1064 1056 illusisti,

17 1073 64 1125 ut
81 1066 213 1124 dixeras.
250 1063 315 1136 Quo
330 1063 360 1122 in
376 1063 445 1123 ioco
461 1062 634 1123 Deiotarum
648 1065 739 1125 talem
752 1071 868 1137 ergata
883 1063 1063 1139 cognovisti,

23 1146 134 1221 quatis
147 1163 203 1205 rex
213 1147 333 1205 Attalus
348 1144 378 1205 in
393 1145 425 1205 P.
434 1145 611 1206 Africanum
626 1145 688 1218 tuit,
705 1145 754 1207 cui
764 1145 1065 1220 magnificentissima

22 1231 129 1298 dona,
152 1236 184 1289 ut
206 1227 351 1302 scriptum
368 1227 515 1311 legimuS,
535 1230 695 1302 usquead
717 1230 907 1290 Numantiam
926 1228 1007 1290 misit
1025 1245 1064 1289 ex

17 1311 124 1384 Asia,
150 1328 230 1385 quae
249 1311 411 1371 Africanus
433 1309 621 1384 inspectante
643 1311 779 1391 exercitu
797 1313 926 1386 accepit.
977 1313 1063 1386 Quod

20 1411 126 1469 quum
150 1410 297 1467 praesens
311 1393 473 1455 Deiotarus
494 1395 578 1468 regio
598 1402 631 1454 et
648 1394 748 1454 animo
771 1404 801 1457 et
824 1411 907 1455 more
930 1395 1063 1467 iecisset,

17 1475 107 1538 tuin
124 1476 295 1537 cubiculum
312 1475 490 1537 discessisti
533 1477 584 1539 20.
605 1476 756 1553 Obsecro,
772 1478 896 1551 Caesar,
911 1486 1016 1553 repete
1030 1478 1064 1536 il-

16 1561 91 1621 lius
109 1559 253 1641 temporis
268 1559 454 1633 memoriam,
469 1575 551 1633 pone
561 1568 632 1618 ante
643 1562 750 1621 oculos
761 1560 844 1621 ilium
856 1559 944 1633 diem,
963 1562 1062 1627 vultus

15 1643 185 1703 hominum
198 1651 228 1703 te
244 1641 422 1702 intuentium
441 1649 533 1715 atque
548 1641 758 1703 admirantium
773 1644 944 1703 recordare.
986 1645 1064 1703 Num

19 1741 112 1801 quae
127 1724 312 1797 trepidarint
325 1740 396 1784 num
413 1720 465 1795 qui
477 1724 643 1782 tumultuat
656 1740 728 1783 num
740 1725 813 1798 quid
823 1724 885 1790 nisi
899 1725 1062 1796 moderate,

17 1807 93 1868 nisi
110 1805 226 1878 quiete,
248 1805 307 1863 nisi
328 1821 368 1864 ex
388 1803 519 1863 hominis
540 1804 713 1876 gravissimi
725 1814 757 1865 et
773 1804 958 1864 sanctissimi
971 1804 1063 1864 disci·

19 1889 138 1967 plina?
158 1886 236 1959 Quid
254 1886 344 1960 igitur
364 1901 476 1945 causae
490 1886 657 1960 excogitari
673 1893 774 1960 potest
789 1902 842 1947 cur
858 1895 888 1948 tc
903 1888 996 1947 lotum
1010 1903 1063 1946 vo·

14 1968 130 2040 luerit,
147 1975 308 2028 coenatum
323 1966 452 2028 notuerit
468 1967 631 2029 occideret
656 1967 706 2030 21.
718 1971 751 2028 Iu
767 1976 938 2044 posterum,
955 1968 1061 2042 inquit,

17 2056 113 2117 diem
128 2051 256 2126 distulit,
274 2060 321 2125 ut,
343 2067 435 2126 quum
455 2050 486 2110 in
506 2053 661 2113 castellum
675 2052 820 2115 Luceium
836 2059 955 2113 ventum
971 2061 1063 2123 esset,

16 2137 73 2201 ibi
91 2136 221 2208 cogitata
237 2133 407 2209 perficeret
442 2134 511 2195 Non
525 2133 614 2195 video
632 2152 757 2197 causam
774 2133 834 2196 loci
848 2132 992 2208 mutandi,
1007 2133 1061 2193 sed

21 2233 132 2284 tamen
150 2226 219 2278 acu
232 2234 283 2278 res
300 2215 463 2278 criminose
475 2225 535 2281 est.
570 2217 675 2291 Quum,
690 2217 796 2294 inquit,
812 2233 934 2279 vomere
949 2224 979 2277 te
992 2224 1065 2290 post

24 2317 161 2366 coenam
177 2303 255 2360 veile
270 2300 420 2374 dixisses,
441 2301 472 2361 in
485 2301 628 2362 balneum
642 2310 671 2362 te
688 2301 801 2363 ducere
815 2309 995 2376 coeperunt:
1022 2298 1065 2358 ibi

24 2385 114 2448 enim
139 2391 224 2444 erant
242 2383 383 2443 insidiae.
425 2384 466 2443 At
486 2391 514 2444 te
536 2384 643 2445 eadem
665 2393 717 2445 tua
736 2386 855 2445 tortum
867 2384 1012 2447 servavit:
1033 2379 1065 2440 in

25 2467 174 2532 cubiculo
187 2467 276 2526 maim
291 2464 404 2526 dixisti.
425 2467 462 2526 Di
476 2474 506 2526 te
517 2466 669 2540 perduint,
685 2466 811 2541 fugitive
823 2476 830 2525 t
844 2466 886 2526 ita
899 2482 961 2525 non
971 2463 1063 2523 modo

24 2567 165 2622 nequam
177 2557 207 2610 ct
219 2550 384 2622 improbus,
398 2549 458 2608 sed
474 2549 574 2610 fatuus
586 2557 617 2611 et
627 2566 732 2611 amens
749 2565 792 2608 es.
809 2548 905 2621 uuida
915 2548 966 2607 ilie
977 2545 1066 2621 signa

24 2637 129 2696 aenea
143 2632 174 2692 in
191 2630 309 2693 insidiis
328 2641 481 2706 posucrat,
497 2648 604 2706 quaec
617 2632 727 2693 balneo
740 2629 771 2692 in
782 2630 954 2691 cubiculum
968 2636 1064 2688 trans·

25 2719 78 2778 ire
95 2731 154 2772 non
172 2721 324 2790 possenti
345 2715 448 2775 Habes
471 2713 800 2776 criminainsidiarume
812 2712 883 2773 nihil
896 2710 976 2772 enim
990 2707 1066 2769 dixit

26 2795 175 2871 amplius.
205 2799 337 2872 Horum,
350 2796 456 2873 inquit,
472 2813 553 2857 eram
564 2799 721 2859 conscius.
766 2795 843 2869 Quid
860 2801 942 2856 turni
958 2795 1002 2854 lta
1015 2791 1066 2851 iile

27 2884 164 2943 demens
177 2888 255 2954 erat,
273 2887 307 2941 ut
321 2896 404 2953 eum,
421 2896 512 2954 quem
528 2881 684 2942 conscium
699 2878 772 2940 tanti
789 2878 916 2938 sceleris
930 2876 1063 2947 haberet,

27 2983 51 3025 a
72 2977 107 3022 se
123 2961 303 3025 dimitteret?
315 2964 441 3025 Romam
457 2962 546 3023 etiarn
563 2963 701 3038 mitteret,
714 2960 767 3023 ubi
782 2970 812 3021 et
824 2959 1065 3021 inimicissimum

28 3045 127 3108 sciret
148 3061 219 3107 esse
239 3055 382 3121 nepotem
396 3062 484 3107 suum
500 3054 531 3107 et
545 3046 576 3106 c.
590 3046 766 3117 Caesarem,
789 3042 837 3103 cui
852 3041 976 3113 iecisset
991 3038 1064 3103 insi-

27 3129 125 3192 diast
145 3129 323 3205 praesertim
344 3145 437 3204 quum
452 3127 479 3187 is
498 3145 577 3190 unus
592 3137 677 3191 assat
692 3127 745 3203 qui
760 3133 869 3201 posset
883 3126 922 3187 de
937 3126 1065 3187 absente

26 3229 68 3274 se
84 3210 242 3272 indicaret
261 3210 311 3273 22.
328 3213 366 3273 m
378 3212 485 3272 iratres
500 3228 602 3286 meos,
616 3209 722 3286 inquit,
739 3209 824 3284 quod
838 3216 925 3270 erant
938 3203 1065 3277 conscii,

26 3296 63 3359 in
87 3294 207 3354 vincula
227 3294 365 3356 coniecit.
411 3294 507 3368 Duum
528 3295 617 3370 igitur
640 3311 695 3356 eos
711 3290 945 3439 vinciragbquos
960 3303 1063 3353 seeum

85 3391 140 3433 crc.
161 3391 251 3435 oaxr.
453 3398 457 3403 ·
