2340 3788
372 193 453 252 cnr.
470 201 600 255 n-ra
626 199 652 258 t.
669 200 800 257 ar-sa
1035 196 1098 263 309

70 363 150 423 quos
165 343 277 405 videtis
292 352 378 405 veste
395 351 532 405 mutata?
546 342 640 418 Atqui
656 344 733 403 haec
748 354 817 404 sunt
831 330 952 422 iudicia,
969 349 1096 424 iudices,

70 430 167 491 solida
190 437 220 488 et
241 444 400 503 expressa,
418 429 495 488 haec
515 427 604 501 signa
617 426 776 502 probitatis
792 444 852 488 non
867 431 968 492 fucata
982 434 1098 496 forensi

69 513 182 588 specie,
201 512 257 572 sed
271 511 564 572 domesticis'inusta
578 510 658 571 notis
673 510 818 570 veritatis.
859 511 968 574 Facilis
986 527 1033 579 est
1046 517 1098 580 illa

69 595 239 657 occursatio
257 605 287 657 et
300 594 444 655 blanditia
458 595 632 670 popularis=
656 594 817 669 aspicitur,
832 612 894 656 non
908 604 1096 662 attrectatur:

68 682 174 754 procul
192 688 335 755 apparet,
351 695 413 738 non
429 679 593 750 excutitur,
614 693 677 737 non
697 678 728 736 in
744 694 852 739 manus
868 680 1003 741 sumitur.
1046 683 1097 745 30.

68 763 211 823 Omnibus
226 763 316 838 igitur
326 763 419 827 rebus
435 770 572 822 ornatum
589 760 756 833 hominem,
779 777 839 835 qua
862 766 1014 838 externis,
1037 772 1106 840 qua'

66 844 251 922 domesticis,
265 864 327 907 non
340 845 430 906 nullis
446 847 539 906 rebus
547 844 721 905 inferiorem
733 861 823 919 quarn
837 854 877 921 te,
894 850 1014 922 generis
1026 849 1095 910 dieo

65 940 95 992 et
119 929 260 1003 nominis,
289 929 479 1005 superiorem
498 927 588 1000 aliis,
613 927 813 1004 municipum,
835 930 1019 1006 vicinorum,
1047 949 1098 993 so-

65 1015 206 1074 cietatum
222 1013 334 1091 studio,
344 1029 481 1073 meorum
494 1008 664 1087 temporum
681 1013 842 1088 memoria,
857 1031 961 1088 parem
978 1015 1097 1091 virtute,

64 1097 243 1172 integritate,
260 1096 411 1157 modestia
424 1094 553 1155 aedilem
568 1097 679 1155 lactum
693 1112 765 1156 esse
781 1095 921 1158 miraris?

126 1182 214 1239 Hunc
232 1188 266 1240 ιιι
280 1179 360 1241 vitae
382 1180 576 1254 splendorem
599 1178 727 1239 maculis
746 1180 887 1256 aspergis
908 1180 997 1241 istis?
1018 1183 1096 1243 lacis

63 1263 228 1347 adulteria,
251 1279 329 1338 quae
350 1275 515 1324 nemonon
533 1262 624 1323 modo
641 1261 850 1337 nomine,=sed
865 1281 904 1324 ne
919 1264 1096 1341 suspicione

63 1347 186 1422 quidem
198 1347 299 1421 possit
308 1362 485 1421 agnoscere.
506 1344 682 1406 Bimaritum
697 1348 844 1422 appellas,
859 1356 893 1408 ut
903 1349 998 1409 verba
1007 1349 1097 1410 etiam

61 1431 171 1504 fingas,
188 1447 247 1490 non
261 1432 359 1492 solum
372 1429 505 1490 crimina.
527 1431 655 1490 Ductnm
670 1446 742 1490 esse
755 1430 793 1490 ab
809 1447 846 1492 eo
861 1430 892 1491 in
907 1432 1097 1507 provinciam

62 1514 194 1588 aliquem
207 1514 284 1574 dicis
295 1513 428 1575 libidinis
441 1530 545 1585 causa,
562 1515 645 1588 quod
656 1531 718 1574 non
733 1513 845 1575 crimen
857 1523 912 1586 est,
931 1517 987 1576 sed
998 1515 1096 1592 impu·

62 1597 156 1657 nilum
168 1599 198 1656 in
209 1599 368 1659 maledicto
381 1597 583 1657 mendacium.
606 1598 734 1672 Raptam
745 1613 816 1657 esse
828 1599 995 1658 mimulam=
1012 1600 1096 1675 quod

62 1680 172 1741 dicitur
187 1681 298 1740 Atinae
318 1683 430 1740 laetum
453 1681 644 1740 aiuventute
664 1688 768 1739 vetere
785 1681 917 1753 quodam
932 1681 963 1739 in
979 1684 1096 1742 scaeni-

61 1779 116 1823 cos
132 1763 197 1821 iure
212 1763 405 1838 maximeque
421 1762 588 1836 oppidano.
632 1759 682 1820 31.
704 1760 727 1820 0
743 1761 979 1822 adolescentiam
996 1766 1097 1824 tradu-

61 1855 140 1906 ctam
155 1847 322 1918 eleganter!
341 1845 390 1904 cui
404 1844 526 1918 quidem
542 1859 633 1917 quum
645 1843 730 1918 quod
743 1844 860 1904 licuerit
872 1844 1039 1920 obiiciatur,
1053 1855 1096 1906 ta-

60 1946 131 1989 men
146 1927 178 1987 id
192 1927 294 2003 ipsum
309 1928 418 1987 laisum
431 1925 609 2002 reperiatur.
620 1926 808 1987 —Emissus
820 1925 914 2002 aliqui
929 1942 947 1986 e
963 1934 1095 1988 carcerc.
1130 1937 1138 1955 ¹

62 2049 105 2060 —
118 2012 155 2071 Et
164 2010 287 2085 quidem
303 2010 435 2073 emissus
450 2026 505 2085 per
519 2009 919 2086 imprudentiamemissus,
935 2020 968 2070 ιιι
983 2026 1096 2086 cogno-

60 2095 132 2166 stis,
152 2093 318 2171 necessarii
332 2093 464 2154 hominis
476 2094 641 2170 optimique
656 2092 862 2155 adolescentis
876 2102 1000 2169 rogatua
1016 2095 1096 2156 idem

59 2187 171 2254 postea
192 2177 418 2253 praemandatis
439 2175 616 2254 requisitus.
659 2179 761 2253 Atque
781 2177 859 2238 haec
881 2193 939 2238 nec
960 2179 1022 2239 ulla
1038 2180 1096 2239 alia

61 2270 132 2323 sunt
148 2260 286 2322 coniecta
301 2261 462 2322 maledicta
475 2260 509 2320 >in
527 2262 594 2323 eius
610 2260 717 2335 vitam,
732 2263 772 2322 de
786 2261 873 2323 cuius
891 2278 948 2323 vos
962 2263 1095 2337 pudore,

58 2344 216 2420 religione,
233 2343 403 2420 integritate
414 2344 567 2406 dubitetis.
588 2346 665 2406 lllll.
686 2345 774 2405 Pater
784 2362 867 2420 vero,
885 2344 990 2421 inquit,
1005 2344 1096 2408 etiarn

60 2429 172 2488 obesse
188 2427 250 2488 filio
267 2429 366 2490 debet.
400 2427 423 2487 0
439 2444 546 2491 vocem
561 2430 666 2490 duram
684 2437 777 2506 atque
791 2430 946 2506 indignam
960 2439 1012 2491 tua
1023 2445 1094 2504 pro·

59 2512 168 2584 bitate,
185 2511 374 2572 Laterensis!
396 2511 483 2573 Pater
497 2520 530 2573 ut
544 2512 574 2573 in
590 2513 702 2573 iudicio
716 2512 841 2587 capitia,
855 2522 943 2588 pater
953 2523 986 2573 ιιι
1003 2512 1033 2571 in
1050 2511 1094 2571 di·

60 2594 224 2655 micatione
240 2595 444 2666 fortunarum,
461 2605 549 2670 pater
568 2605 602 2656 ιιι
615 2597 698 2673 apud
712 2597 788 2658 tales
802 2596 887 2658 viros
904 2597 1017 2658 obesse
1031 2592 1095 2653 filio

60 2678 192 2738 debeata
212 2677 265 2753 qni
286 2678 312 2738 si
333 2687 418 2738 esset
440 2679 651 2755 turpissimus,
675 2679 702 2740 si
724 2679 974 2751 sordidissimus,
995 2687 1096 2739 tamen

58 2762 128 2834 ipso
145 2761 266 2823 nomine
282 2762 380 2838 patrio
396 2762 512 2823 valeret
532 2764 616 2839 apud
636 2766 801 2826 clementes
821 2763 941 2824 iudices
960 2769 991 2823 et
1004 2762 1112 2821 mise'

58 2844 213 2904 noardes:
229 2846 354 2918 valeret,
368 2844 502 2921 inquam,
518 2847 668 2907 communi
681 2863 775 2909 sensu
786 2848 921 2908 onmium
937 2854 967 2906 et
981 2842 1093 2906 dulcis·

60 2926 138 2986 sima
164 2931 426 2990 connncndatione
440 2939 576 2991 naturae.
625 2929 676 2992 32.
692 2931 755 2993 Sed
774 2947 868 3006 quum
885 2929 924 2991 sit
939 2929 992 2990 Cn.
1006 2927 1093 2989 Plan·

59 3011 126 3070 cius
151 3010 178 3069 is
199 3027 295 3086 eques
312 3014 486 3086 Romanus,
505 3029 543 3073 ea
562 3013 692 3089 primum
706 3022 857 3076 vetustate
872 3013 1025 3091 equestris
1038 3026 1092 3073 nc·

56 3092 165 3164 minis,
181 3103 215 3155 ut
228 3104 334 3171 pater,
347 3106 382 3157 ut
397 3114 484 3171 avus,
498 3106 531 3158 ιιι
545 3097 677 3160 maiores
691 3099 758 3159 eius
774 3114 881 3159 omnes
900 3095 1017 3172 equites
1031 3092 1092 3155 Ro-

57 3177 139 3237 mani
160 3177 288 3252 luerint,
304 3196 455 3241 summum
480 3180 511 3240 in
528 3183 721 3256 praefectura
735 3178 952 3242 florentissima
965 3178 1093 3255 gradum

56 3261 210 3322 tenuerint
219 3270 250 3321 et
266 3262 420 3338 dignitatis
431 3273 462 3325 et
471 3265 600 3340 gratiae:
617 3265 729 3326 deinde
745 3275 779 3326 ιιι
795 3264 864 3341 ipse
878 3264 907 3323 in
920 3260 1091 3337 legionibus

55 3345 87 3404 P.
102 3342 204 3404 Crassi
215 3342 408 3419 imperatoris
423 3346 501 3408 inter
513 3348 724 3410 ornatissimos
737 3348 887 3420 homines,
902 3345 1021 3423 equites
1031 3344 1092 3427 lto·

55 3442 182 3501 manos,
205 3443 324 3490 summo
345 3431 511 3506 splendore
532 3432 633 3493 luerit=
661 3440 694 3493 ut
713 3440 824 3507 postea
842 3429 997 3508 princeps.
1015 3426 1093 3487 inter
