2340 3788
6 203 9 207 ’
100 202 165 268 2³2
342 203 416 264 PRO
430 203 580 274 Ancilla
589 201 712 262 POETA
726 201 877 264 osello.
958 204 961 209 ’

100 371 161 416 uon
183 350 296 412 inlltior
317 351 509 413 mediocriter
528 367 605 427 esse,
618 360 787 424 versatum,
808 358 859 412 aut
879 349 905 410 si
924 350 1055 418 huiusce
1077 354 1126 416 rei

99 435 174 496 ratio
190 435 292 510 aliqua
304 434 342 494 ab
362 433 541 508 optimarum
560 431 668 494 artium
689 434 797 494 studiis
814 449 850 493 ac
867 433 1030 509 disciplina
1050 453 1124 511 pro·

99 520 193 588 lecta,
211 534 230 576 a
247 533 307 593 qua
322 531 381 592 ego
397 518 510 577 nullum
531 516 677 577 confiteor
693 515 800 576 aetatis
819 532 905 576 meae
927 524 1048 591 tempus
1069 519 1123 578 ab·

98 599 264 673 horruisse,
278 615 381 660 earum
394 615 494 661 rerum
509 598 640 661 omnium
656 600 703 659 vel
716 598 747 657 iu
762 597 867 673 primis
880 597 929 657 hic
940 601 976 658 Α.
987 599 1126 662 Licinius

99 685 228 744 lructum
246 699 265 742 a
284 698 332 743 me
352 691 490 758 repetere
510 697 608 757 prope
630 697 688 742 suo
710 682 774 740 iure
794 681 893 741 debet.
923 681 998 740 Nam
1019 684 1125 756 quoad

99 763 275 841 longissime
303 772 405 841 potest
428 781 515 826 mens
541 780 609 824 mea
632 761 786 838 respicere
812 764 942 837 spatium
967 763 1125 838 praeteriti

99 840 244 923 temporis
258 856 288 908 ct
302 845 449 923 pueritiae
464 846 640 908 memoriam
652 845 807 906 recordari
820 845 967 917 ultimam,
983 843 1056 906 inde
1070 864 1124 907 us-

100 947 160 1005 que
172 934 315 1005 repetens
329 929 410 989 hunc
428 929 516 990 video
530 927 602 989 mihi
615 927 783 1004 principem
800 935 830 988 et
843 928 883 987 ad
894 926 1125 1003 suscipiendam

99 1023 130 1075 et
151 1014 190 1072 ad
208 1012 437 1088 ingrediendam
459 1011 606 1074 rationem
631 1011 738 1073 horum
760 1010 927 1071 studiorum
956 1010 1123 1072 exstitisse.

99 1094 227 1169 Quodsi
243 1096 318 1155 haec
340 1111 416 1168 vox,
436 1094 527 1156 huius
546 1095 665 1156 hortatu
679 1091 914 1169 praeceptisque
933 1094 1124 1154 conformata

98 1195 158 1240 uon
176 1176 266 1239 nullis
284 1176 448 1251 aliquando
469 1178 558 1239 saluti
581 1177 649 1250 suit,
681 1192 781 1251 aquo
809 1173 841 1234 id
862 1174 1036 1249 accepimus
1058 1192 1121 1250 quo

99 1259 226 1320 caeteris
241 1258 380 1334 opitulari
402 1267 433 1321 et
452 1258 530 1320 alios
549 1274 673 1324 servare
689 1273 868 1332 possemus,
890 1257 961 1318 huic
982 1259 1121 1331 prolecto

100 1339 172 1416 ipsi,
187 1348 336 1416 quantum
349 1348 396 1402 est
409 1340 498 1403 situm
514 1342 545 1401 in
565 1341 668 1414 nobis,
687 1350 821 1416 elopem
841 1348 872 1401 et
892 1341 1020 1401 salutem
1041 1341 1122 1400 ferre

99 1421 257 1485 debenus.
281 1424 313 1493 2.
332 1422 379 1483 Ac
394 1439 432 1483 ne
453 1423 522 1498 quis
537 1422 658 1486 anobis
673 1423 733 1485 hoc
754 1423 796 1484 ita
815 1421 875 1483 dici
894 1424 971 1484 lortc
987 1421 1119 1494 miretur,

100 1506 182 1580 quod
197 1506 256 1567 alia
281 1506 430 1584 quaedam
452 1507 483 1567 iu
503 1506 562 1569 hoc
582 1508 710 1568 sacrdtas
731 1505 771 1567 sit
790 1505 902 1581 ingenii
922 1521 1024 1582 neque
1043 1506 1121 1566 haec

98 1585 219 1647 dicendi
231 1590 309 1671 ratio
325 1593 378 1650 aul
394 1587 569 1663 disciplina,
590 1606 628 1649 ne
647 1607 705 1650 nos
722 1587 843 1665 quidem
858 1586 928 1648 huic
949 1587 1003 1649 uni
1018 1587 1121 1650 studio

98 1667 220 1743 penitus
234 1682 377 1745 umquam
397 1671 489 1734 dediti
509 1671 628 1732 luimus.
656 1671 774 1732 Etenim
794 1688 900 1732 omues
920 1679 1017 1744 artes,
1039 1687 1120 1746 quae

98 1751 139 1812 ad
151 1752 365 1828 humanitatem
379 1754 541 1828 pertinent,
558 1755 670 1816 habent
681 1755 834 1830 quoddam
845 1770 1003 1814 commune
1014 1752 1133 1812 vincu-,

96 1837 159 1896 lum
174 1843 204 1896 et
221 1835 309 1911 quasi
326 1836 507 1910 cognatione
522 1839 652 1913 quadam
666 1837 744 1898 inter
761 1854 795 1898 se
810 1836 1009 1898 continentur.
1036 1837 1072 1896 ll.
1087 1835 1117 1896 3.

98 1916 160 1979 Sed
173 1935 212 1978 ne
232 1918 281 1979 cui
301 1927 435 1981 vestrum
448 1920 554 1982 mirum
574 1937 645 1982 esse
664 1920 803 1982 videatur
822 1918 920 1979 mein
940 1917 1120 1995 quaestione

96 1999 228 2076 legitima
242 2000 316 2062 etin
331 2002 443 2063 iudicio
458 2004 595 2079 publico,
620 2020 712 2078 quum
732 2019 782 2063 res
803 2010 907 2076 agatur
928 2003 1011 2078 apud
1033 2018 1120 2077 prae-

63 2139 69 2155 ,
96 2090 191 2144 torem
205 2083 311 2158 populi
324 2086 465 2158 Romani,
481 2086 676 2146 lectissimum
694 2085 805 2158 virum,
820 2093 850 2145 et
863 2085 945 2159 apud
960 2084 1120 2145 severissi-

97 2180 163 2224 mos
178 2164 310 2236 iudices,
327 2175 407 2227 tanto
424 2178 575 2229 conventu
588 2167 741 2228 hominurn
756 2183 792 2228 ac
807 2169 990 2242 frequentia,
1006 2168 1065 2227 hoc
1076 2165 1120 2226 uti

97 2246 344 2320 generedicendi
366 2251 449 2324 quod
464 2268 523 2310 non
541 2252 631 2311 modo
653 2268 672 2311 a
690 2250 909 2311 consuetudine
928 2249 1118 2320 iudiciorum,

98 2344 200 2389 rerum
216 2329 304 2389 etiam
323 2349 342 2390 a
358 2333 473 2394 forensi
489 2333 823 2406 sermoneabhorreat,
845 2350 960 2408 quaeso
982 2350 1001 2393 a
1017 2330 1118 2404 vobis,

96 2417 130 2471 ut
141 2410 172 2471 in
186 2412 244 2472 hac
258 2428 350 2474 causa
365 2414 436 2475 mihi
451 2415 528 2476 detis
543 2416 620 2476 hanc
634 2416 762 2490 veniam,
778 2417 1034 2476 accommodatam
1047 2415 1120 2474 huic

96 2509 166 2568 reo,
179 2494 284 2567 vobis,
304 2513 392 2570 quern
412 2499 593 2558 admodum
616 2515 722 2574 spero,
739 2516 800 2559 non
821 2500 994 2570 molestam,
1016 2505 1120 2558 utute

95 2592 151 2651 pro
167 2594 285 2638 summo
305 2582 396 2653 poeta
415 2589 506 2655 atque
522 2580 724 2641 eruditissimo
739 2581 859 2641 homine
875 2581 1039 2653 dicentem,
1059 2579 1120 2639 hoc

96 2675 248 2721 concursu
261 2660 414 2722 hominum
426 2662 723 2738 litteratissimorum,
739 2663 796 2723 hac
809 2672 910 2724 vestra
925 2661 1119 2734 humanitate,

95 2741 154 2803 hoc
169 2742 301 2818 denique
315 2753 455 2819 praetore
467 2754 626 2806 exercente
636 2746 779 2808 iudicium
793 2745 946 2822 patiamini
956 2747 995 2805 de
1009 2743 1118 2805 studiis

1 2883 6 2889 .
95 2825 286 2887 humanitatis
297 2843 333 2886 sc
344 2828 506 2888 litterarum
518 2829 619 2903 paullo
634 2830 718 2903 loqui
731 2829 854 2889 liberius
869 2837 898 2889 et
911 2829 942 2889 in
957 2825 1118 2889 eiusmodi

95 2922 241 2980 persona,
259 2926 337 2984 quac
355 2918 478 2985 propter
493 2910 593 2971 ocium
607 2927 643 2971 ac
660 2912 792 2973 studium
807 2911 928 2971 minime
945 2911 978 2983 in
996 2907 1119 2970 iudiciis

96 2987 299 3066 periculisque
313 3001 437 3054 tractata
454 3001 514 3068 est,
534 2994 577 3054 uti
598 3011 695 3070 prope
714 3011 796 3056 novo
819 2997 951 3070 quodam
974 3000 1005 3053 et
1023 2991 1119 3052 inusi-

95 3077 156 3131 tato
172 3087 282 3145 genere
300 3074 429 3137 dicendi.
459 3077 489 3137 4.
505 3077 593 3150 Quod
608 3076 634 3136 si
651 3076 722 3137 rnilri
736 3095 755 3137 a
768 3077 857 3138 vobis
872 3076 962 3137 tribui
976 3072 1119 3137 concedi-

96 3167 156 3227 que
179 3154 320 3229 sentiam‚
342 3159 496 3234 perficiam
520 3159 658 3235 prolecto
683 3169 716 3221 ut
736 3161 816 3221 hunc
833 3162 870 3222 A.
884 3159 1032 3220 Licinium
1057 3175 1119 3218 non

94 3235 185 3295 modo
201 3251 263 3294 uon
278 3242 512 3315 segregandum,
535 3258 626 3317 quum
647 3242 685 3302 sit
706 3242 795 3314 civis,
813 3258 832 3301 e
851 3258 975 3302 nurnero
998 3239 1121 3312 civium,

93 3317 302 3381 verumetiam
318 3321 344 3384 si
358 3339 419 3385 non
435 3332 534 3400 essct,
547 3323 659 3400 putetis
674 3324 886 3386 asciscendum
901 3323 1008 3385 luisse.
1036 3374 1039 3379 ,
