2340 3788
95 218 161 295 ιιι
245 188 345 285 inm
358 214 1026 331 mmumuoaarmrmnmrrmra·
1110 242 1112 247 -

98 378 153 457 nui
164 373 413 447 in-Dolebellrm,
429 386 469 433 aa
484 366 646 445 impurior,
662 366 814 443 qmprtre
825 364 991 441 audiente,
1007 374 1048 429 au
1058 382 1116 429 eru·
1168 362 1170 400 ι

97 459 211 531 delier,
225 456 279 535 qui
292 456 324 517 in
337 456 418 517 ιιιιιιι
433 451 652 517 miseram-tam
663 458 791 539 spureo,
801 456 871 511 tam
887 460 985 527 empne
996 451 1119 515 meeber

96 540 228 607 mlx.
243 538 315 605 100.
327 532 831 609 sedadebironmpbamdeamm.
853 531 940 606 Quae
951 540 1008 595 tua
1019 534 1119 597 mitae

98 624 216 703 nullior
227 625 308 687 aete
316 619 397 691 euim
410 615 557 695 caesarie,
568 614 654 693 pecie
668 630 765 677 eausa
774 614 958 692 eonssrnmte
971 622 1122 683 suetoso

97 716 188 771 neme
199 722 279 783 quae
291 703 415 781 quidem
425 701 539 763 anser
547 698 674 776 enimet
684 712 805 772 nonen
815 699 1123 775 nuaeegissefflese

34 786 39 797 “
97 784 476 853 remdixissetrlntonius.
489 782 1124 863 Undeietapmmpumtnuoaeamrepm

99 874 256 937 loruoturl
276 869 312 933 Si
322 877 394 933 suut
407 869 493 943 laiso,
506 881 561 927 eur
571 864 759 941 pmbaulmi
768 863 804 927 ai
815 878 900 937 vere,
911 880 970 927 eur
981 872 1127 929 venenum

98 956 142 1019 m
159 954 206 1019 aie
220 955 377 1031 placuerat
389 958 424 1014 ut
436 966 477 1013 ex
488 946 636 1011 Kalendis
649 945 744 1009 Iuniis
757 946 798 1009 de
811 944 958 1009 caesoris
972 951 1127 1033 aelleeum

100 1036 231 1103 oonsilio
246 1032 500 1113 προσαιτοῦσι·
514 1030 604 1106 Quod
617 1028 979 1113 briteoueiliuml-quem
991 1048 1127 1109 umquem

99 1110 910 1194 advocastllquesKelendas-luaiassuapeolestiten
921 1128 1000 1189 eas,
1011 1116 1128 1191 alnum

99 1210 133 1267 le
152 1203 322 1281 ommate
336 1209 549 1263 veteranorum
559 1196 691 1263 coloniis
706 1194 852 1273 senatum
863 1195 960 1257 armis
974 1196 1130 1261 retmisur

112 1326 116 1331 -
163 1285 194 1347 0.
207 1287 395 1362 praeclaram
414 1283 496 1357 illem
514 1280 777 1356 permuseliouem
799 1286 881 1341 mem
901 1293 1021 1343 mense
1039 1279 1131 1357 Aprili

101 1376 194 1445 etque
206 1367 302 1440 blais,
322 1373 402 1436 tum,
428 1379 523 1439 quum
542 1361 633 1423 etiam
653 1362 789 1438 capuam
808 1360 963 1439 coloniam
975 1364 1131 1431 ‚deuouere

16 1498 27 1521 ,
102 1456 232 1513 donatus
251 1456 302 1509 eet
322 1447 416 1523 Quem
433 1446 611 1507 admodum
625 1445 709 1509 illine
722 1445 834 1507 abieris
847 1445 898 1505 rel
914 1446 1131 1522 potiuspaeoe

100 1548 164 1615 mou
190 1529 304 1593 abieris
330 1529 454 1591 seimus
497 1524 568 1591 101.
596 1524 652 1591 Cui
671 1534 705 1591 tu
723 1528 792 1591 urbi
811 1526 976 1589 minitaris.
1017 1528 1131 1591 Utinam

102 1628 229 1685 uouere,
250 1611 463 1687 utaliquando
484 1609 561 1673 illud
577 1624 676 1687 poene
688 1612 830 1679 tolloturl
854 1612 893 1673 At
916 1628 1013 1688 quam
1025 1612 1131 1678 robiis

22 1698 25 1733 ²
55 1742 58 1749 >
102 1706 152 1759 eet
170 1706 223 1759 tua
241 1695 293 1759 illa
307 1694 527 1772 peregrinatio!
539 1692 628 1769 ,Quid
641 1693 841 1770 prandiorum
854 1702 1040 1771 apparatus,
1061 1692 1132 1771 nuid

101 1778 250 1843 lurionem
268 1778 462 1841 vinolentiam
487 1785 569 1839 tuom
585 1777 767 1853 proferamr
791 1778 856 1839 Tua
874 1777 937 1841 iate
956 1776 1130 1858 detrimento

103 1871 189 1925 suot:
211 1860 263 1923 illa
276 1868 399 1924 nostra,
417 1862 535 1935 Agrum
547 1860 749 1941 campanum,
769 1858 823 1937 qui
837 1876 934 1935 quum
946 1862 990 1923 de
1003 1860 1129 1947 reatina·

102 1943 184 2007 libus
199 1944 402 2018 eximebatur,
415 1949 449 2003 ut
462 1941 605 2005 militibus
620 1943 757 2016 daretur,
766 1950 873 2005 -tamen
883 1942 986 2020 infligi
996 1959 1146 2020 ramum.

14 2052 25 2059 ·
102 2027 148 2089 rei
174 2029 316 2103 publicae
340 2029 449 2087 vulnus
478 2027 675 2100 putabamus,
701 2025 794 2091 hune,
807 2035 840 2088 tu
863 2027 1129 2103 eompransoribus

103 2113 163 2173 luis
181 2118 211 2172 et
225 2108 429 2171 collusoribus
444 2107 614 2169 dividebas.
635 2109 745 2171 Mimos
760 2109 829 2171 dieo
845 2117 874 2170 et
887 2111 1016 2186 mimas,
1034 2120 1129 2188 patres

103 2194 285 2268 conscripti,
309 2194 339 2251 in
364 2208 438 2267 agro
457 2192 610 2266 campano
638 2192 815 2253 collocatos.
843 2191 922 2267 Quid
942 2191 1008 2256 iam
1030 2209 1129 2270 querar

103 2275 143 2335 de
175 2291 248 2348 agro
277 2274 446 2336 Leontino?
481 2275 625 2348 quoniam
652 2270 774 2350 quidem
795 2275 853 2338 hae
885 2277 1047 2350 quondam
1072 2293 1129 2337 are·

102 2356 203 2418 dones
225 2357 378 2432 campana
399 2365 429 2418 et
450 2356 599 2418 Leontina
618 2356 648 2417 in
673 2356 780 2433 populi
799 2359 928 2419 Romani
953 2358 1127 2434 patrimonio

103 2440 213 2515 grandi
233 2441 338 2501 lenore
361 2449 392 2500 et
411 2441 585 2502 fructuosae
607 2441 790 2502 ferebamur.
833 2440 956 2502 Medico
977 2443 1039 2505 tria
1058 2442 1128 2504 milia

103 2523 257 2598 iugerum=
281 2522 370 2599 quid,
386 2522 417 2605 'si
437 2531 467 2584 te
487 2531 648 2584 sanasset?
667 2521 873 2596 rhetoriduo,
896 2524 989 2600 quid,
1011 2526 1040 2589 si
1052 2526 1126 2589 ledi·

31 2600 38 2611 '
104 2615 218 2668 sertum
239 2607 340 2667 faeere
359 2605 532 2680 potuissem
552 2606 614 2667 Sed
634 2607 675 2667 ad
695 2607 751 2669 iter
765 2607 942 2683 Italiamque
962 2610 1126 2671 redeamus.

103 2686 164 2749 XL.
194 2688 265 2752 102.
285 2688 446 2750 Deduxisti
466 2688 617 2751 coloniam
641 2688 821 2766 casilinum,
849 2706 910 2765 quo
932 2690 1050 2754 Caesar
1068 2699 1127 2752 ante

105 2770 284 2833 deduxerat.
318 2771 504 2833 consuluisti
518 2788 567 2834 me
582 2789 636 2847 per
650 2771 764 2834 litteras
781 2775 821 2834 de
835 2773 941 2850 Capua
954 2780 989 2836 tu
1005 2775 1126 2852 quidam,

105 2854 162 2914 sed
182 2854 263 2915 idem
283 2855 322 2916 de
337 2855 469 2917 Casilino
486 2855 733 2931 respondissem:
746 2856 925 2932 possesne,
946 2859 1001 2919 ubi
1018 2857 1126 2921 colonia

105 2945 202 3010 esset,
226 2954 264 3000 eo
284 2939 437 3001 coloniam
455 2955 566 3025 novam
585 2939 660 3001 iure„
674 2941 836 3003 deducere
877 2940 998 3016 Negavi
1017 2941 1051 3002 in
1070 2954 1125 3001 eam

105 3019 271 3096 coloniam,
294 3038 372 3097 quae
394 3029 477 3083 esset
491 3022 649 3098 auspicato
666 3023 811 3099 deducta,
834 3023 906 3085 dum
920 3033 1008 3088 esset
1021 3025 1124 3086 ineolu-

104 3097 178 3175 mis‚
203 3103 353 3165 coloniam
374 3121 486 3166 novam
505 3102 571 3167 iure
590 3106 716 3167 deducis
748 3109 876 3168 colonos
897 3123 999 3169 novos
1025 3102 1126 3171 ascribi

104 3199 201 3259 posse
211 3187 366 3263 rescripsi.
381 3189 425 3248 Tu
437 3195 536 3250 autem
547 3187 710 3251 insolentia
719 3192 816 3253 elatus
830 3189 918 3253 omni‘
926 3191 1125 3267 auspiciorum

81 3265 170 3327 ‘iure
191 3268 309 3330 turbato
324 3271 487 3332 casilinum
508 3273 658 3333 colonium
678 3274 848 3348 deduxisti,
869 3291 931 3351 quo
947 3283 1015 3337 eret
1028 3272 1125 3352 pausis
1163 3278 1166 3285 ’

105 3347 193 3409 aunis
208 3360 277 3412 ante
293 3352 441 3428 deducta,
455 3363 487 3414 ut
501 3354 643 3417 vexillum
658 3357 795 3430 tolleres,
811 3366 845 3418 ιιι
860 3365 994 3419 aratrum
1010 3359 1125 3420 eircum-

106 3427 251 3492 dueeres=
289 3433 376 3497 ouius
408 3436 531 3512 quidem
565 3454 690 3500 vomere
724 3446 844 3515 portam
880 3439 1006 3518 cepnae
1035 3452 1126 3519 posue
