2332 3772
359 178 780 246 cnP.1o-1r.s.aa-aa
861 198 864 203 ’
1025 179 1089 246 4⁰5

64 328 193 390 civitatis
205 329 235 387 in
247 328 390 389 iudicitun
400 331 506 404 populi
518 337 661 389 vocasset
671 327 839 402 Scaurique
851 346 956 392 servus
968 333 1007 391 ad
1020 348 1089 394 eum

64 413 143 475 clam,
163 413 284 471 domum
307 413 440 472 venisset
461 420 491 472 et
507 410 631 470 crimina
649 413 680 470 in
701 411 853 470 dominum
876 413 1041 475 delaturum
1054 432 1088 476 se

63 510 135 553 esse
153 494 294 568 dixisset,
316 494 465 569 prehendi
486 494 639 553 hominem
659 492 747 553 iussit
761 494 800 552 ad
815 493 1022 570 Scaurumque
1034 499 1087 559 de-

63 576 145 635 duci.
162 648 165 653 Ι
187 576 267 635 Vide
288 578 362 651 quid
382 576 553 636 intersit-
580 577 638 635 etsi
654 575 758 648 inique
769 577 922 635 castorem
939 593 1006 637 cum
1027 581 1087 640 Do·

62 659 426 733 mitiocomparo=-scd
432 666 532 718 tamen
540 657 590 717 ille
597 657 718 717 inimico
734 673 855 718 servum
869 658 993 732 remisit,
1007 667 1037 719 tu
1049 663 1086 721 ab

62 757 124 799 avo
138 737 303 800 abduxisti:
325 741 376 800 ille
394 740 601 814 incorruptum
618 739 724 802 audire
738 741 849 814 noluit,
862 749 894 800 tu
909 741 1086 815 corrupisti:

61 822 115 881 illc
129 823 296 882 adiutorem
314 839 437 882 servum
452 830 558 882 contra
574 822 728 882 dominum
741 822 925 897 repudiavit,
946 831 978 881 tu
999 823 1088 883 ctiam

62 913 273 965 accusatorem
296 903 469 964 adhibuisti.
510 905 560 965 32.
586 908 626 964 At
646 906 740 964 semel
762 906 819 963 iste
833 913 881 964 est
896 911 1087 978 corruptusa

61 988 162 1047 vobis.
204 987 326 1057 Nonne,
349 1002 440 1060 quum
462 995 545 1047 esset
568 987 735 1060 productus
750 994 779 1045 el
796 1003 889 1060 quum
902 995 999 1046 tecum
1014 986 1086 1047 luis—

62 1078 121 1141 set,
142 1069 253 1142 relugit
267 1070 306 1127 ad
323 1069 459 1142 legatost
472 1085 574 1128 nonne
588 1069 628 1127 ad
644 1067 723 1128 huuc
739 1069 791 1127 Cn.
805 1068 966 1128 Domitium
987 1069 1088 1129 venit‘l

61 1167 166 1210 nonne
181 1150 322 1210 audiente
342 1151 401 1211 hoc
422 1149 486 1210 Ser.
500 1149 651 1226 Sulpicio,
673 1153 839 1210 clarissimo
856 1151 935 1221 viro,
960 1151 1088 1225 quitum

61 1249 140 1293 casu
161 1233 242 1306 apud
256 1232 416 1294 Domitium
436 1235 591 1305 coenabat,
614 1241 644 1293 et
665 1233 723 1293 hoc
743 1235 775 1292 T.
790 1234 952 1309 Torquate,
973 1233 1087 1307 optimo

26 1328 32 1339 ⁸
60 1317 267 1386 adolescente,
285 1331 320 1375 se
333 1333 352 1374 a
366 1323 395 1376 te
407 1325 589 1391 corruptum,
604 1315 662 1376 tuis
674 1316 833 1391 promissis
845 1317 875 1376 iu
887 1317 1022 1376 fraudem
1033 1315 1087 1375 im·

60 1398 184 1472 pulsum
200 1413 270 1458 esse
286 1400 448 1460 consessus
464 1406 534 1458 est?
552 1400 615 1458 XII.
627 1400 710 1472 Quae
721 1407 768 1460 cst
782 1401 840 1459 ista
854 1408 913 1459 tam
926 1399 1088 1473 impotens,

61 1490 124 1540 tam
140 1479 284 1554 crudelis,
299 1490 359 1542 tam
375 1481 571 1541 immoderata
589 1481 814 1543 inhumanitas?
832 1482 947 1544 Idcirco
963 1484 993 1540 in
1008 1482 1087 1542 hanc

60 1562 169 1622 urbem
183 1562 308 1637 venisti,
327 1572 359 1625 ut
379 1564 468 1625 huius
489 1564 573 1623 urbis
594 1563 661 1624 iura
675 1572 705 1624 et
721 1565 862 1638 exempla
876 1580 1086 1638 corrumperes

62 1644 292 1720 domesticaque
312 1646 494 1706 inmanitate
516 1653 639 1705 nostrae
659 1644 787 1705 civitatis
809 1645 1021 1705 humanitatem
1042 1648 1085 1704 in·

63 1727 229 1802 quinarest
377 1762 380 1768 ·

125 1807 176 1869 33.
186 1812 227 1868 At
238 1824 330 1902 quam
342 1815 429 1867 acute
445 1806 572 1865 collecta
588 1804 726 1865 criminat
741 1807 918 1880 Blesamius,
933 1805 1088 1880 inquit,—

61 1892 129 1952 eius
152 1891 231 1949 enlm
251 1890 386 1961 nomine,
410 1886 515 1961 optimi
532 1884 586 1946 viri
607 1902 664 1947 nec
678 1887 731 1946 tibi
745 1887 854 1961 ignoti,
875 1888 1089 1948 maledicebat

60 1974 177 2036 tioi-
198 1971 237 2030 ad
250 1986 353 2045 regem
367 1970 498 2030 scribere
514 1969 662 2030 solebatt
649 1970 730 2030 tein
751 1969 866 2029 mv1dta
878 1985 962 2041 esse
985 1977 1086 2044 tyran-

61 2071 136 2116 num
156 2046 334 2124 existimari,
358 2060 456 2113 statua
474 2047 551 2112 inter
569 2067 659 2126 reges
681 2051 781 2127 posita
801 2051 918 2113 animos
935 2050 1088 2113 hominum

60 2135 409 2208 vehementenoffensos,
429 2134 532 2209 plaudi
541 2134 596 2195 ubl
608 2151 668 2195 non
684 2138 793 2197 solere.
815 2135 922 2195 Nonne
935 2133 1085 2209 intelligia,

63 2222 192 2291 Caesar,
214 2234 254 2277 ex
276 2218 398 2280 urbanis
421 2218 638 2279 malevolorum
660 2219 858 2279 sermunculis
873 2217 949 2277 haec
966 2216 1027 2276 ab
1020 2217 1088 2278 rstis

62 2318 135 2364 esse
147 2302 294 2362 collactat
307 2301 475 2362 Blesamius
489 2309 648 2377 tyrannum
659 2300 820 2360 Caesarem
831 2300 998 2361 scriberet?
1011 2300 1087 2360 Mul-

63 2396 165 2447 torum
179 2384 259 2444 enim
274 2385 373 2460 capita
389 2383 499 2444 civium
515 2383 642 2454 viderat,
656 2385 766 2443 multos
779 2382 866 2445 iussu
881 2382 1019 2444 caesaris
1035 2397 1087 2441 ve·

62 2477 168 2541 xatus,
191 2468 382 2539 verberatos,
402 2474 543 2537 necatos,
566 2467 673 2526 multas
691 2464 828 2526 adflictus
848 2474 878 2526 et
893 2480 1017 2525 eversas
1034 2465 1088 2523 do-

62 2565 146 2622 mos,
162 2550 285 2611 armatis
299 2549 441 2610 militibus
452 2549 594 2608 relertum
607 2549 714 2608 lorum.
758 2548 841 2620 Quae
861 2562 982 2621 semper
1001 2545 1032 2603 in
1047 2545 1088 2604 ci-

62 2631 117 2691 vili
132 2631 256 2694 victoria
270 2631 432 2704 sensimus,
446 2647 483 2690 ea
499 2638 529 2690 te
543 2629 657 2691 victore
671 2646 732 2690 non
746 2629 888 2690 vidimus.
929 2626 980 2689 34.
997 2627 1089 2686 Solus

63 2731 116 2784 es,
130 2713 266 2788 inquam,
291 2715 322 2774 C.
337 2713 463 2786 Caesar,
482 2712 568 2773 cuius
585 2711 616 2771 in
630 2711 757 2773 victorio
771 2711 913 2774 ceciderit
926 2725 1014 2770 nemo
1030 2707 1090 2767 nisi

63 2803 207 2856 armatus.
250 2797 288 2858 Et
311 2813 401 2873 quem
415 2811 472 2856 nos
491 2793 591 2867 liberi,
613 2795 645 2855 in
659 2811 776 2855 summa
790 2793 896 2869 populi
909 2790 1039 2853 Romani
1053 2789 1088 2849 li·

63 2881 182 2939 bertato
196 2878 274 2953 nati,
294 2897 356 2939 non
373 2878 464 2940 modo
478 2893 540 2937 non
554 2885 729 2954 tyrannum,
751 2877 809 2938 sed
825 2874 1090 2936 clementissimum

61 2958 95 3021 in
110 2960 238 3022 victoria
250 2962 399 3039 ducimus,
413 2963 439 3020 is
453 2958 617 3035 Blesamio,
631 2959 684 3035 qui
694 2958 769 3021 vivit
779 2959 809 3018 in
822 2974 927 3034 regno,
943 2966 1089 3034 tyrannus

62 3042 160 3104 videri
175 3051 297 3119 potestt
314 3045 390 3104 Nam
409 3043 448 3103 de
462 3048 561 3102 statua
575 3043 644 3116 quis
659 3041 807 3118 queritur,
826 3059 887 3102 una
903 3039 1091 3117 praesertim,

64 3142 160 3200 quum
179 3135 239 3186 tam
261 3129 370 3189 multas
389 3124 511 3185 videam
530 3124 633 3183 Valde.
646 3124 725 3185 enin
741 3122 938 3199 invidendum
956 3132 1003 3183 cst
1024 3120 1090 3182 eius

64 3207 183 3281 statuis,
202 3208 288 3270 cuius
305 3209 437 3285 tropaeis
453 3224 514 3267 non
531 3205 710 3269 invidemus.
752 3208 828 3268 Nam
851 3207 878 3270 si
891 3210 978 3268 locus
995 3205 1092 3265 adlcrt

61 3289 224 3364 invidiam,
244 3293 345 3353 nullus
364 3299 412 3365 cst
430 3291 471 3350 ad
486 3297 613 3350 statuam
629 3289 751 3365 quidem
765 3289 871 3352 rostris
886 3289 1004 3352 clarior.
1047 3287 1092 3346 De

60 3375 175 3450 plausu
198 3379 297 3433 autem
316 3373 391 3450 quid
411 3371 637 3447 respondeant
664 3374 715 3450 qui
737 3388 794 3434 noc
817 3372 1008 3437 desideratus
1028 3386 1091 3430 um·
