2340 3788
112 157 174 222 128
368 162 415 220 tlt
431 162 465 219 L.
481 160 690 219 CATILINAM
705 158 846 220 ORATIO
861 161 883 217 Ι.

114 316 196 388 Quae
209 319 281 372 nota
295 309 480 371 domesticae
495 308 688 384 turpitudinis
698 326 760 369 non
775 309 876 371 inusta
893 308 975 370 vitae
985 317 1058 371 tuae
1071 320 1142 373 3311

114 397 201 470 Quod
216 393 398 470 privatarum
415 410 515 453 rerum
531 393 666 453 dedecus
680 409 741 452 non
757 392 861 455 haeret
877 390 1043 453 infamiae?
1063 411 1145 471 quae

114 479 206 538 libido
221 478 260 537 ab
276 475 381 550 333113,
398 476 481 551 quod
494 477 610 536 lacinus
626 492 644 533 3
658 475 798 536 manibus
811 491 956 550 umquam
970 474 1042 553 tuis,
1059 479 1143 551 quod

114 560 259 634 flagitium
275 577 293 618 3
307 567 370 620 1313
388 574 518 634 corpore
532 557 627 618 313111
671 557 772 618 Cultu
788 558 1036 632 adolescentulo,
1053 576 1142 636 quem

115 645 353 718 corruptelarum
368 642 519 702 illecebris
536 641 697 712 irretisses,
716 657 778 700 non
788 648 841 700 aut
855 641 895 700 ad
908 639 1073 703 audaciam
1083 643 1142 703 133-

113 743 179 786 rum
195 734 246 786 aut
259 726 300 785 ad
313 725 467 785 libidinem
485 726 582 784 lacem
595 723 785 798 praetulisti?
809 720 858 784 14.
874 723 953 797 Quid
965 732 1067 785 verot
1087 742 1142 786 nu·

115 826 170 884 per
186 826 277 884 quum
290 816 387 869 morte
401 807 570 882 superioris
583 805 689 867 uxoris
713 805 802 866 novis
818 806 932 880 nuptiis
949 808 1076 868 domum
1090 824 1142 869 va-

115 893 316 965 cuelecisses,
340 906 441 950 nonne
462 890 551 950 etiam
569 890 627 948 allo
645 887 814 949 incredibili
828 890 945 949 scalere
960 890 1022 950 hoc
1039 892 1141 953 scelus

116 974 296 1037 cumulasti?
308 974 391 1048 quod
406 989 462 1047 ego
478 971 681 1047 praetermitto
696 980 726 1032 et
740 971 829 1032 lacile
839 971 938 1046 patior
949 972 1043 1047 sileri,
1058 975 1141 1035 3313

114 1059 171 1119 hac
193 1057 312 1119 civitate
333 1055 406 1116 tanti
427 1055 570 1116 facinoris
591 1054 760 1115 immanitas
776 1063 828 1115 aut
843 1056 1067 1121 exstitissetaut
1080 1073 1142 1118 uon

114 1141 266 1201 vindicata
280 1154 351 1198 esse
365 1137 512 1198 videatur.
535 1137 741 1199 Praetermitto
759 1137 862 1198 ruinas
874 1138 1063 1199 fortunarum
1076 1148 1142 1201 tua-

114 1241 189 1295 rum,
209 1238 286 1301 quos
300 1221 598 1297 omnes‘impeudere
612 1220 665 1282 tibi
676 1219 824 1296 proximis
835 1220 940 1281 idibus
955 1221 1087 1282 33311333
1102 1224 1142 1283 ad

114 1307 166 1365 1113
180 1304 288 1377 venio,
318 1321 397 1380 quae
414 1321 473 1364 non
490 1306 528 1364 ad
546 1304 692 1380 privatam
710 1299 904 1379 ignominiam
918 1303 1062 1365 vitiorum
1074 1315 1142 1368 tuo-

114 1386 268 1461 3333333
284 1387 323 1445 ad
339 1387 536 1448 domesticam
551 1397 631 1448 tuam
643 1388 849 1448 difficultatem
864 1401 900 1446 ac
915 1388 1142 1463 turpitudinem,

116 1471 172 1531 sed
193 1471 233 1530 ad
255 1486 401 1530 summam
423 1487 486 1531 rem
509 1471 661 1546 publicam
680 1479 771 1545 atque
791 1471 831 1530 ad
848 1470 984 1531 omnium
1003 1479 1142 1535 noenum

117 1553 207 1613 vitam
223 1555 412 1629 salutemque
427 1556 585 1629 pertinent.
609 1553 657 1615 15.
678 1554 820 1615 Potestne
836 1551 891 1614 tibi
906 1553 985 1615 baec
999 1555 1066 1628 lux,
1085 1555 1142 1617 ca·

115 1636 212 1710 tilina,
237 1646 289 1697 aut
309 1636 399 1697 huius
416 1638 491 1697 caeli
510 1637 635 1713 spiritus
655 1653 725 1696 esse
747 1636 914 1709 iucundus,
944 1655 1039 1711 quum
1059 1637 1141 1699 scias

114 1721 221 1790 horum
233 1736 304 1781 3333
316 1721 464 1781 neminem
476 1721 528 1796 qui
541 1719 1141 1803 3133313113331113113133133133133133

114 1804 229 1879 Lepido
246 1812 276 1864 31
287 1804 371 1864 Τ3113
386 1805 562 1869 consulibus
576 1805 698 1865 stetisse
713 1805 743 1862 in
756 1801 877 1863 comitio
896 1818 966 1863 cum
980 1805 1062 1865 telot
1077 1820 1140 1864 mo-

114 1904 187 1948 num
201 1888 360 1948 consulum
375 1896 405 1948 et
419 1888 589 1965 principum
605 1887 733 1949 civitatis
753 1884 1030 1949 interficiendorum
1045 1903 1141 1948 causa

114 1971 294 2046 paravisset
307 1971 416 2032 sceleri
430 1989 466 2031 33
484 1973 577 2033 furori
591 1982 643 2033 tuo
658 1988 719 2032 non
734 1979 864 2032 mentem
884 1969 1018 2044 aliquam
1037 1978 1090 2031 aut
1106 1970 1140 2031 ti-

114 2070 228 2114 morem
243 2063 341 2127 tuum,
372 2056 426 2115 sed
447 2057 598 2117 fortunam
614 2055 721 2130 populi
737 2056 866 2115 Romani
886 2052 1066 2118 obstitisset
1094 2056 1139 2118 Ac

114 2137 173 2195 iarn
187 2135 239 2195 illa
253 2138 357 2198 omitto
371 2172 413 2182 -
430 2139 625 2213 nequeenim
639 2147 709 2198 sunt
722 2146 774 2198 aut
788 2139 920 2200 obscura
930 2148 982 2201 aut
993 2157 1055 2201 non
1065 2143 1138 2202 mul-

114 2227 144 2277 ta
166 2221 328 2279 commissa
341 2255 384 2266 -
400 2223 540 2296 quotiens
561 2231 593 2282 tu
613 2238 662 2281 me
678 2221 882 2296 designatum,
907 2224 1050 2297 quotiens
1068 2240 1137 2285 con-

116 2301 213 2360 sulem
228 2300 398 2364 interficere
415 2313 542 2365 conatus
558 2313 610 2365 331
646 2312 721 2379 quot
745 2321 802 2379 ego
831 2314 900 2366 tuas
922 2306 1084 2381 petitiones
1100 2309 1138 2366 ita

116 2381 277 2454 coniectas,
293 2394 325 2445 ut
339 2387 426 2447 vitari
440 2404 535 2462 posse
550 2403 610 2447 non
625 2389 813 2459 viderentur,
829 2405 925 2463 parva
940 2390 1072 2464 quadarn
1086 2390 1136 2449 de-

115 2465 276 2528 clinatione
290 2477 328 2539 et,
344 2479 376 2529 ut
391 2469 482 2542 aiunt,
500 2486 629 2546 corpore
644 2471 752 2546 effugit
780 2471 857 2543 Nihil
873 2473 1070 2548 adsequeris,
1086 2489 1135 2531 33-

116 2565 175 2624 que
190 2557 289 2610 tamen
302 2553 405 2612 conari
419 2569 455 2612 ac
470 2555 547 2613 velle
561 2554 694 2615 desistis.
721 2553 770 2615 16.
787 2555 932 2627 Quotiens
948 2555 1135 2616 1111133333-

114 2640 192 2693 torta
212 2640 260 2692 est
278 2634 414 2694 13133133
434 2637 473 2697 de
493 2637 645 2697 manibus!
688 2636 829 2712 quotiens
850 2637 965 2699 excidit
986 2655 1063 2700 casu
1084 2637 1135 2698 ali·

116 2732 176 2791 quo
193 2724 223 2777 et
237 2718 343 2792 elapsa
357 2727 418 2778 est!
452 2736 531 2794 quae
554 2720 675 2795 quidem
698 2720 808 2795 quibus
835 2722 892 2781 abs
909 2721 1076 2787 1313111313
1090 2738 1135 2781 sa·

115 2800 174 2859 cris
189 2816 226 2860 33
242 2801 353 2862 devota
368 2800 407 2861 sit
427 2803 547 2876 nescio,
574 2805 657 2877 quod
671 2820 738 2863 eam
754 2819 884 2864 necesse
906 2812 998 2880 putas
1020 2804 1134 2865 esseio

115 2885 249 2943 consulis
265 2901 394 2959 corpore
408 2885 551 2960 defigere.
589 2888 653 2945 Vll.
668 2887 752 2946 Nunc
766 2903 839 2946 vero
856 2904 935 2962 quae
949 2895 1002 2948 tua
1016 2896 1065 2948 cst
1080 2887 1136 2947 ista

114 2963 195 3023 vitat
212 2967 262 3027 Sic
279 2970 358 3028 enlm
374 2969 434 3028 iam
448 2976 546 3029 tecum
560 2971 753 3044 loquar,·n0n
766 2978 799 3030 ut
813 2970 883 3030 odio
896 2979 1053 3045 pennotus
1068 2985 1136 3031 3333

116 3043 227 3118 videar,
245 3068 305 3124 quo
320 3053 429 3125 debeo,
445 3053 500 3113 sed
512 3062 544 3112 ut
558 3053 773 3125 misericordia,
790 3070 869 3128 quae
884 3053 937 3114 tibi
947 3055 1032 3114 nulla
1046 3054 1135 3114 debe·

114 3135 170 3187 tur.
205 3131 323 3194 Venisti
339 3137 440 3209 paullo
458 3145 528 3196 ante
544 3135 573 3194 in
589 3146 735 3197 senatum.
784 3136 857 3208 Quis
880 3145 909 3197 te
923 3153 963 3196 ex
983 3137 1042 3196 bac
1056 3144 1137 3197 tanta

115 3212 297 3287 frequentia,
313 3226 356 3278 tot
372 3235 411 3278 ex
422 3218 482 3278 tuis
496 3217 602 3277 amieis
614 3235 650 3278 33
660 3219 841 3279 necessariis
854 3219 1018 3280 salutavit?
1036 3219 1070 3281 Si
1079 3220 1137 3279 hoc

113 3302 185 3370 post
204 3293 357 3358 hominum
378 3301 551 3361 memoriam
577 3301 700 3376 contigit
719 3302 846 3375 nemini,
873 3302 958 3363 vocis
973 3311 1136 3379 exspectas

114 3380 333 3453 contumeliam,
364 3401 457 3457 quum
473 3384 516 3444 sis
531 3384 712 3459 gravissimo
729 3385 840 3446 iudicio
855 3384 1067 3447 taciturnitatis
1081 3402 1137 3463 op·
