2340 3788
38 251 43 261 =
98 192 168 281 'aaa
378 212 454 277 rao
470 210 704 274 sermnem
720 208 873 272 ortano.
963 268 970 277 .

104 366 244 431 eiusdem
263 360 496 443 tribuniplebis
518 360 709 451 cauponibus
729 368 856 439 propter
870 346 1077 425 eamdem'rei
1092 378 1142 441 pu

103 450 205 513 blieae
218 464 344 510 causam
358 462 454 524 saepe
467 454 611 518 vexatus,
634 440 708 505 nibil
728 445 859 520 amplias
873 441 945 509 dico
968 443 1035 505 nisi
1054 444 1143 509 meh

53 586 56 601 ,
105 529 239 594 Siciliam
253 531 358 591 venire
379 526 487 592 nebus
528 527 607 603 Quid
622 526 743 588 dinami
762 527 793 588 c.
807 524 1027 613 Vergilia-*tali
1044 525 1144 591 oivict

102 614 186 689 viro,
207 611 452 691 benevolentiam
468 609 501 672 ln
518 626 583 686 me,
602 608 776 671 memoriam
796 607 1003 672 communium
1026 617 1143 688 tempo

103 712 187 772 rum,
201 696 362 773 pietatem,
375 694 607 768 humanitatem,
619 693 711 753 iidem
725 690 994 766 doluissetiirhil,
1011 693 1144 771 iudices,

104 786 153 843 est
165 794 287 841 comma
308 778 380 853 sed,
401 792 493 855 quam
505 774 716 853 tempestatem
729 791 788 837 nos
802 773 964 837 vobiscum
977 790 1049 837 non
1063 778 1143 839 tulis

105 878 220 938 semus,
233 861 457 923 metuitnteam
469 860 539 937 ipse
553 862 661 935 posset
675 858 786 934 opibus
800 856 865 918 suis
881 857 1053 919 sustinere.
1073 859 1144 921 ibn

105 942 235 1007 consilio
254 950 382 1022 repente
402 950 517 1006 nuato
538 942 596 1005 iter
609 957 629 1003 a
642 941 763 1003 Vibone
776 939 1081 1021 Brundisinmtcrra
1093 958 1142 1020 pe

78 1035 168 1123 ²tete
187 1025 340 1090 contendi.
381 1026 456 1089 liam
479 1026 646 1087 maritimos
660 1026 775 1086 aursus
795 1022 1019 1101 praecludebat
1034 1024 1142 1087 hiemis

23 1152 31 1163 ,
101 1110 295 1186 magnitudo.-

121 1222 124 1227 ·
163 1191 239 1252 nt
251 1184 417 1266 monum
434 1192 535 1252 omnia
548 1190 599 1252 illa
613 1186 788 1265 municipia,
802 1203 882 1265 quae
895 1196 968 1250 sunt
983 1204 1004 1250 a
1020 1188 1142 1253 Vibone

102 1272 309 1347 Brundisium,
321 1273 352 1334 in
369 1274 519 1351 iidemea,
531 1272 659 1348 ludices,
673 1278 785 1348 essent,
802 1268 941 1332 itermilti
952 1276 1058 1334 tutum
1069 1274 1141 1335 mul

28 1400 33 1405 -
103 1354 364 1419 tls'mhritantibus
377 1370 488 1439 magno
509 1363 650 1419 numano
670 1363 753 1417 metn
772 1355 999 1431 praestiterunt
1034 1356 1141 1419 'Bruu-

10 1488 18 1495 .
102 1438 214 1501 dislnm
228 1437 298 1498 vani
309 1439 362 1499 -vel
374 1436 477 1513 potius
491 1438 532 1499 ad
542 1438 664 1501 moenia
676 1436 806 1500 accessi.
827 1437 940 1501 Urbem
954 1446 1057 1519 unam
1070 1438 1139 1503 mihi

104 1518 321 1599 ‘amicissimam
335 1520 502 1595 dechnavl,
522 1522 607 1597 'qaae
623 1536 658 1582 se
673 1520 844 1596 velpotins
856 1518 1000 1581 exscindi
1018 1518 1141 1599 quomo

104 1614 161 1666 auo
182 1603 347 1679 complexa
367 1600 670 1680 ut'eripereniacile
691 1611 856 1679 pateretur.
904 1604 1140 1685 lnbortosma

16 1684 21 1693 “
102 1684 143 1747 bl.
156 1684 263 1749 Laeuii
274 1684 376 1747 Flacci
392 1686 520 1749 conata
540 1685 592 1749 ersi
612 1702 707 1764 quum
721 1685 820 1747 omnis
833 1693 948 1760 metus,
960 1688 1138 1762 'publicatio

101 1768 269 1845 bonorum,
285 1766 441 1845 exsilium,
456 1784 540 1831 mors
553 1776 794 1847 proponeretur,
807 1768 884 1830 baec
898 1770 1040 1845 perpeti,
1051 1773 1081 1833 si
1092 1770 1138 1832 a'c·

103 1852 247 1926 ciderent,
264 1851 369 1913 maluit
383 1869 474 1929 quarn
489 1853 658 1931 custodiam
668 1853 728 1914 mei
739 1851 848 1928 capitis
860 1850 1023 1913 dimittere.
1044 1854 1138 1916 liuius

102 1948 161 2010 ego
172 1932 206 1997 'et
215 1934 351 2012 parentis
361 1933 439 2010 eius,
453 1936 681 2012 prudentissimi
695 1943 786 2011 atque
803 1934 907 2011 optimi
923 1933 1022 2011 senis,
1038 1945 1073 1999 et
1086 1937 1137 1996 ira

100 2018 156 2079 t'rls
176 2027 206 2080 et
218 2018 378 2094 utriusque
393 2018 523 2080 illiorum
543 2019 683 2080 manibus
697 2018 728 2078 iu
750 2017 822 2079 navi
841 2024 904 2079 tuta
924 2034 961 2078 aa
975 2018 1067 2080 fideli
1082 2021 1138 2081 eol·

103 2103 221 2163 locatus
243 2116 410 2176 corumque
430 2117 539 2176 preces
559 2110 590 2162 et
607 2109 679 2163 vola
693 2100 738 2162 *de
757 2117 827 2163 meo
846 2099 946 2162 reditu
966 2102 1139 2174 exaudiens

104 2181 340 2260 Dyrrhachium,
362 2185 447 2259 quod
468 2192 533 2246 erat
546 2183 577 2246 in
591 2185 653 2244 ilde
666 2199 748 2258 mea,
769 2193 874 2260 petere
889 2185 1048 2249 contendi.
1092 2181 1139 2246 w.

92 2266 171 2345 'Quo
192 2280 284 2340 quum
298 2267 468 2340 venissem,
490 2267 638 2343 cognovi,
657 2267 688 2329 id
705 2269 789 2353 quod
804 2267 975 2341 audieram,
994 2269 1139 2330 refertam

103 2360 176 2407 esee
201 2345 358 2407 Graeciam
379 2351 682 2411 sceleratissimorum
701 2349 856 2412 hominum
883 2365 920 2410 ao
940 2349 1139 2424 notariorum,

103 2445 234 2506 quorum
249 2429 375 2505 impium
389 2432 501 2493 lenum
514 2431 663 2507 ignesque
674 2432 938 2508 pestileros'meus
956 2432 1011 2493 ille
1028 2449 1139 2496 consu·

100 2514 180 2575 latus
201 2530 219 2574 e
240 2512 380 2575 manibus
395 2522 580 2576 extorserat=
597 2517 733 2590 quiante
750 2532 840 2590 quam
857 2517 895 2576 de
909 2531 978 2576 meo
1002 2516 1139 2578 adventu

100 2595 207 2657 audire
218 2596 399 2672 potuissent,
414 2616 507 2674 quum
519 2606 619 2658 tomen
632 2599 775 2659 abessent
786 2598 901 2674 aliquot
911 2596 1036 2658 dicrum
1052 2599 1138 2672 viam,

102 2679 134 2739 in
147 2678 358 2741 Macedoniam
369 2681 409 2740 ad
422 2682 638 2756 Planciumque
653 2683 783 2757 perrexi.
823 2681 881 2741 Hic
896 2696 970 2741 vero
985 2681 1085 2743 simul
1098 2691 1138 2744 at·

101 2779 162 2839 que
179 2777 262 2822 mare
275 2778 324 2823 me
337 2763 485 2824 transisse
499 2764 698 2840 cognovit-
711 2765 792 2839 audi,
808 2765 879 2825 audi
894 2762 987 2839 atque
1002 2764 1138 2839 attende,

99 2844 291 2918 Laterensis,
310 2853 343 2906 ut
363 2845 444 2907 scias
460 2846 534 2922 quid
549 2863 607 2923 ego
622 2847 744 2909 Plancio
760 2847 887 2908 debeam
906 2847 1140 2925 confiteareque

99 2926 264 3002 aliqnando
278 2943 328 2989 me
348 2930 433 3005 quod
448 2929 556 2991 inciam
582 2939 612 2992 et
632 2938 717 3005 grate
737 2938 768 2991 et
781 2932 832 3006 pie
854 2932 974 2990 laceres
986 2929 1066 2993 huic
1089 2947 1138 2991 au

98 3016 177 3082 tem,
202 3027 281 3085 quae
301 3027 357 3087 pro
380 3013 557 3076 salutamen
572 3014 677 3073 lecerit
708 3010 736 3074 si
754 3015 855 3074 minus
876 3013 1042 3088 protutura
1071 3013 1138 3087 sint,

100 3090 217 3155 obesse.
225 3103 307 3155 certe
318 3111 379 3155 non
394 3105 536 3171 oportere
550 3119 603 3152 -=
616 3113 686 3156 nam
696 3096 786 3157 simul
803 3112 839 3156 ac
850 3111 899 3155 me
910 3094 1140 3172 Dyrrhachium

99 3172 237 3248 attigisse
255 3177 386 3254 audivit,
401 3180 501 3240 statim
511 3179 551 3239 ad
561 3194 610 3239 me
630 3179 786 3241 lictoribus
803 3177 947 3253 dimissis,
961 3176 1141 3255 insignibus

99 3255 242 3328 abiectis,
265 3267 353 3320 veste
375 3270 487 3322 mamm
507 3262 663 3337 proiectus
684 3271 740 3324 est.
783 3261 834 3323 99.
851 3261 875 3322 0
893 3262 1042 3323 acerbam
1059 3262 1140 3336 mihi,

98 3339 228 3414 iudices,
243 3344 418 3404 memoriam
431 3343 579 3420 temporis
593 3344 673 3406 illius
684 3353 714 3406 et
728 3344 798 3424 loci,
814 3361 907 3421 quum
922 3344 972 3404 hic
986 3345 1020 3406 in
1033 3362 1087 3407 me
1097 3345 1140 3406 in

98 3421 185 3496 cidit,
203 3439 297 3500 quum
316 3429 497 3501 complexus
515 3433 563 3487 est
576 3429 810 3504 conspersitque
830 3426 964 3489 lacrimis
977 3442 1042 3490 nec
1058 3426 1143 3506 lond
