2340 3788
346 238 429 299 col).
442 247 540 302 3-6·
561 246 588 307 S·
605 246 720 303 s-1r.
905 240 909 247 ’
1002 240 1068 308 379

22 404 154 449 sumus.
198 390 293 449 Recte
310 388 401 464 igitur
421 404 503 450 unus
522 388 654 449 inviaus
676 404 726 462 es,
745 402 765 447 a
784 404 846 464 quo
861 389 951 451 etiam
965 391 1068 468 ipsius

19 470 184 532 victoriae
199 470 341 533 condicio
355 472 468 546 visque
484 469 605 531 devicta
618 480 676 542 est,

96 555 135 612 V.
145 551 195 615 lt.
206 557 307 629 Atque
322 552 382 614 hoc
396 552 429 613 0.
447 551 587 613 Caesaris
603 552 759 627 iudicium,
773 560 877 627 patres
892 557 1065 631 conscripti,

23 650 127 711 quam
147 637 206 697 late
224 644 327 712 pateat
345 637 505 697 attendite:
527 650 634 696 omnes
656 634 753 707 enim,
774 632 828 709 qui
849 635 890 694 ad
911 636 962 695 illa
983 652 1068 699 arma

19 720 96 779 fato
112 735 218 780 sumus
235 720 341 800 nescio
360 734 423 792 quo
437 718 484 778 rei
496 718 637 793 publicae
653 719 767 778 misero
786 719 971 792 funestoque
986 734 1068 779 com·

16 803 122 876 pulsi,
135 802 193 862 etsi
205 802 308 877 allqua
319 802 411 875 culpa
421 809 559 860 tenemur
567 799 681 861 erroris
693 798 825 871 honneni,
836 801 1068 862 ascelerecerte

17 883 149 944 liberati
164 900 281 945 sumus.
315 882 392 943 Nam
408 899 499 958 quum
513 882 554 943 Μ.
571 882 747 943 Marcellum
762 881 1004 957 deprecantibus·
1014 900 1068 945 vo-

15 966 79 1027 bis
100 968 144 1026 rei
169 966 310 1041 publicae
326 964 535 1037 conservavit,
556 973 668 1025 memet
689 964 762 1025 mihi
776 970 806 1024 et
819 965 892 1025 item
906 965 952 1025 rei
969 966 1067 1040 publi·

23 1064 102 1120 eae,
125 1050 208 1108 nullo
230 1049 435 1124 deprecante,
461 1048 599 1123 reliquos
620 1047 830 1123 amplissimos
852 1048 937 1108 viros
959 1057 990 1108 et
1008 1047 1070 1110 sibi
1115 1094 1118 1099 .

21 1132 119 1207 ipsos
135 1139 164 1191 et
178 1130 294 1205 patriae
308 1130 456 1191 reddidit=
475 1136 606 1206 quornm
627 1138 659 1190 et
678 1129 879 1206 frequentiam
895 1136 927 1191 et
940 1131 1068 1206 dignita·

25 1224 93 1274 tem
107 1213 167 1273 hoc
184 1214 255 1288 ipso
270 1212 301 1272 in
318 1226 469 1275 consessu
483 1212 603 1275 videtis.
630 1214 696 1274 lton
714 1213 765 1273 ille
778 1213 886 1274 hostes
901 1213 1022 1275 induxit
1035 1213 1068 1272 in

24 1296 161 1367 curiam,
183 1296 239 1356 sed
254 1294 400 1357 iudicavit
415 1312 434 1355 a
448 1296 604 1372 plerisque
616 1295 809 1371 ignoratione
823 1296 927 1371 potius
941 1304 972 1357 et
987 1297 1067 1357 lalso

22 1389 122 1452 atque
138 1378 222 1439 inani
235 1388 317 1440 metu
332 1394 424 1455 qnam
438 1380 603 1454 cupiditate
617 1388 669 1440 aut
683 1378 860 1440 crudelitate
870 1378 983 1440 bellmn
993 1394 1068 1440 esso

24 1471 218 1537 susceptum.
262 1458 312 1523 14.
337 1460 404 1535 Quo
429 1462 550 1539 quidem
569 1462 601 1522 in
623 1462 704 1523 bello
725 1477 849 1538 semper
868 1464 908 1523 de
921 1476 1000 1539 pace
1013 1478 1067 1523 au·

24 1545 172 1606 diendum
186 1543 291 1620 putavi
305 1560 490 1622 semperque
502 1545 585 1607 dolui
599 1560 661 1606 non
672 1547 765 1607 modo
777 1560 895 1621 pacem,
907 1546 1066 1607 sedetiam

25 1627 198 1689 orationem
210 1627 321 1689 civium
337 1642 446 1703 pacem
458 1626 658 1702 tonantium
675 1629 840 1703 repudiari.
862 1629 971 1706 Neque
982 1630 1065 1689 enlm

25 1726 86 1785 ego
102 1710 153 1770 illa
167 1726 226 1770 nec
241 1711 304 1770 ulla
319 1726 464 1785 umquam
479 1717 605 1770 secutus
627 1724 696 1770 sum
716 1726 799 1770 arnna
814 1710 916 1771 civilia
931 1726 1066 1785 semper-

26 1808 91 1869 que
105 1808 174 1851 mea
188 1792 319 1852 consilia
333 1791 420 1865 pacis
435 1798 466 1850 et
479 1800 570 1866 togae
583 1790 679 1864 socia,
697 1808 759 1852 non
772 1792 846 1853 belli
860 1799 953 1866 atquo
967 1808 1067 1853 arrno·

24 1891 95 1936 rum
116 1876 247 1935 luemnt.
296 1872 456 1934 Hominem
478 1874 689 1935 surn'secutu's
704 1875 824 1949 privato
835 1874 980 1946 consitio,
1003 1888 1067 1933 non

26 1958 175 2034 publico:
203 1964 384 2031 tantumque
404 1954 487 2032 apud
515 1972 564 2017 me
584 1956 661 2032 grati
686 1956 779 2018 animi
799 1955 900 2017 fidelis
920 1957 1073 2017 memoria·

24 2042 131 2112 valuit,
149 2040 279 2100 utnulla
294 2055 355 2100 non
371 2037 462 2100 modo
478 2038 652 2117 cupiditate,
669 2040 725 2101 sed
740 2056 781 2102 ne
791 2054 849 2116 spe
859 2039 983 2115 quidem
995 2054 1067 2114 pru·

26 2126 106 2184 dens
128 2130 158 2183 et
177 2122 279 2183 sciens
300 2133 454 2199 tamquam
476 2122 515 2183 ad
537 2122 688 2185 interitum
713 2122 1067 2195 rueremvoluntarium.

26 2205 80 2268 15.
110 2206 197 2280 Quod
225 2205 348 2280 quidem
368 2222 470 2267 meum
489 2204 650 2267 consilium
668 2206 790 2268 minima
812 2206 979 2267 obscurum
1000 2205 1065 2267 luit.

24 2292 103 2350 Nam
125 2289 206 2350 etin
228 2288 288 2351 hoo
307 2289 415 2350 ordlne
434 2290 551 2364 integra
570 2304 605 2350 re
625 2291 719 2350 multa
739 2288 780 2350 de
800 2304 878 2366 pace
898 2288 963 2349 dixi
984 2286 1065 2350 etin

25 2372 97 2448 ipso
114 2372 195 2433 bello
213 2372 320 2433 eadem
334 2374 424 2451 etiarn
441 2389 510 2433 cum
524 2370 633 2448 capitis
655 2373 715 2432 mei
730 2372 865 2449 peniculo
879 2372 975 2433 sensi.
1016 2372 1065 2431 Ex

26 2473 90 2530 quo
107 2471 197 2516 nemo
211 2455 272 2515 iam
287 2454 343 2516 erit
356 2464 416 2516 tam
431 2454 562 2517 iniustus
583 2454 772 2516 existimator
789 2470 890 2516 remm
911 2456 964 2530 qui
979 2454 1065 2514 dubi-

23 2546 70 2599 tet
88 2554 167 2614 quae
178 2538 320 2600 caesaris
336 2540 375 2599 de
390 2539 471 2600 bello
484 2540 627 2600 voluntas
642 2537 740 2612 luerit,
756 2555 850 2614 quum
861 2536 948 2613 paois
959 2544 1065 2597 aucto-

22 2638 79 2681 res
95 2622 326 2682 conservandos
340 2621 441 2682 statim
455 2622 616 2697 censuerit,
635 2622 764 2682 caeteris
779 2621 870 2682 luerit
881 2619 994 2681 iratior.
1011 2624 1067 2679 At·

26 2718 89 2778 que
104 2704 135 2763 id
148 2706 249 2765 minus
266 2705 397 2765 tortasse
411 2702 519 2764 mirum
528 2713 600 2779 turn,
616 2720 709 2780 quum
724 2712 809 2765 esset
817 2704 952 2763 incertus
965 2702 1066 2761 exitus

24 2795 59 2846 et
71 2800 186 2860 anceps
201 2788 322 2849 fortuna
335 2786 422 2847 belli:
439 2790 578 2863 quivero
592 2786 691 2849 victor
707 2786 794 2862 pacis
805 2794 947 2848 auctores
959 2784 1067 2859 diligit,

23 2870 56 2928 is
73 2870 212 2942 prolecto
228 2870 412 2930 declaratae
429 2868 575 2931 maluisse
591 2885 652 2932 non
665 2870 810 2930 dimicare
825 2884 917 2945 quam
929 2867 1064 2928 vincere.

22 2951 78 3010 Vl.
98 2949 148 3012 lo.
163 2954 266 3028 Atque
280 2952 371 3014 huius
387 2951 510 3028 quidem
523 2952 569 3012 rei
583 2951 624 3013 M.
639 2952 784 3014 Marcello
800 2970 867 3014 surn
881 2951 979 3011 testis.
1003 2949 1065 3009 No·

23 3032 81 3094 stri
102 3034 182 3094 enim
203 3050 315 3097 sensus
335 3038 416 3097 utin
439 3051 516 3111 pace
532 3050 669 3112 semper,
690 3037 737 3096 sic
756 3044 819 3096 tum
833 3034 924 3096 etiam
938 3032 969 3093 in
983 3034 1064 3093 bello

22 3115 246 3191 congruebant.
289 3118 438 3194 Quotiens
452 3134 511 3193 ego
527 3132 597 3179 eum
611 3127 642 3180 et
656 3128 770 3195 quanto
785 3134 854 3179 eum
869 3117 978 3179 dolore
991 3116 1064 3188 vidi,

22 3217 120 3275 quum
137 3200 330 3262 insolentiam
342 3208 494 3263 certorum
504 3198 659 3263 hominum
675 3210 739 3262 tum
756 3200 846 3262 etiam
856 3199 955 3277 ipsius
967 3200 1065 3259 victo-

19 3283 88 3342 riae
103 3283 291 3345 leroeitatem
305 3282 572 3345 extirneseentem!
595 3284 662 3359 Quo
683 3283 798 3359 gratlor
817 3293 870 3345 tua
887 3282 1064 3353 liberalitas,

23 3364 56 3424 C.
74 3365 196 3437 Caesar,
209 3362 310 3441 nobis,
325 3366 378 3442 qui
393 3368 445 3426 llla
460 3364 603 3438 vidimus,
620 3367 711 3427 debet
727 3382 808 3427 esse.
832 3366 899 3429 lton
913 3364 994 3425 enlm
1005 3363 1065 3423 iam

22 3464 139 3509 causae
154 3446 225 3509 sunt
239 3448 318 3508 inter
331 3464 382 3522 se,
403 3450 460 3509 scd
477 3449 622 3509 victoriae
635 3450 871 3525 comparandae.
914 3444 967 3509 ll.
978 3445 1068 3505 Vidi·
