2340 3788
106 179 168 245 10⁶
382 169 456 233 PRO
470 171 502 231 L.
517 170 682 231 MURENA
697 168 846 230 ORATIO.

101 322 188 389 urbis
202 317 367 396 delendae,
384 319 496 383 civium
508 318 768 394 tmcidandornm,
785 316 915 380 nomInis
930 319 1060 379 Romani
1075 336 1128 381 ex-

103 404 285 482 stInguend'u
313 406 416 479 Atque
429 402 505 465 haec
519 402 613 475 cives,
629 403 722 477 cives,
737 401 870 477 inquam
886 403 912 462 si
929 418 984 464 eos
999 401 1060 463 hoc
1074 419 1128 464 no·

103 489 184 553 mina
203 486 352 564 appellari
371 487 419 547 las
439 495 502 561 est,
521 487 561 546 de
581 484 678 561 patria
696 500 754 547 sua
768 493 798 546 ot
812 484 944 560 cogitant
964 491 995 545 et
1014 485 1130 560 cogita-

103 579 226 634 verunt=
248 571 357 632 horum
378 585 436 644 ego
456 567 568 631 cotidie
583 567 717 630 consiliis
737 583 879 639 occurro,
900 566 1061 628 audaciam
1077 570 1130 629 de·

104 655 203 727 bilito,
222 653 331 715 sceleri
344 652 465 715 resisto.
495 651 558 713 Sed
571 668 628 713 vos
641 667 767 723 moneo,
782 649 915 711 iudicem
936 650 966 710 in
981 650 1067 712 exitu
1083 661 1130 713 est

103 738 164 800 iarn
177 753 263 798 meus
278 737 470 798 consulatum
493 734 586 795 nolite
600 734 672 797 milri
690 734 866 794 subtrahere
882 732 1026 793 vinarium
1041 751 1130 796 meae

31 884 37 903 Ι
104 818 292 896 diligentiam
308 818 401 881 nolite
415 817 548 880 adimere
564 834 641 891 eum,
657 816 706 877 cui
719 832 783 877 rem
797 815 948 891 publicam
963 815 1053 892 cupio
1070 825 1130 877 tra·

104 905 176 966 dere
190 902 386 972 incolumem,
402 900 440 960 ab
454 900 503 960 his
517 899 608 961 tantis
625 899 767 975 pericuIIs
781 899 1013 959 defendendam.

185 985 345 1045 XXXVIII.
360 982 410 1047 81.
431 985 534 1057 Atque
548 983 588 1043 ad
602 983 679 1043 haec
694 984 787 1055 mala,
804 981 935 1054 iudIces,
952 981 1027 1057 quid
1041 998 1129 1042 acce·

104 1069 157 1131 dat
170 1069 253 1129 aliud
270 1084 332 1127 non
345 1063 478 1127 videtis?
497 1066 547 1138 Te,
560 1072 591 1126 te
604 1067 737 1141 appello,
756 1066 843 1126 calor
858 1080 960 1126 nonne
974 1064 1130 1140 prospIcis

103 1159 315 1228 temperarem
334 1148 406 1209 anni
419 1147 485 1208 tuit
514 1148 577 1207 Iam
592 1148 671 1209 enlm
689 1147 831 1209 besterna
845 1146 986 1209 condona
1000 1148 1130 1209 intonuit

102 1252 167 1297 vox
182 1231 356 1309 perniciosa
369 1229 519 1306 designati
531 1230 657 1305 tribuni,
679 1232 815 1307 collegae
835 1231 894 1293 tui:
918 1240 1024 1292 contra
1037 1247 1130 1307 quem

103 1319 229 1379 mrdtum
249 1322 302 1376 tua
316 1330 417 1385 meus,
441 1315 567 1376 mrdtum
581 1331 687 1375 omnes
701 1312 775 1380 boni
788 1313 1000 1388 providerunt,
1024 1314 1077 1389 qui
1098 1322 1129 1374 te

104 1400 143 1459 ad
157 1398 326 1459 tribunatus
341 1395 517 1473 petitionem
530 1405 725 1459 vocaverunt.
761 1397 811 1460 82.
836 1397 955 1469 Omnia,
979 1413 1059 1472 quae
1075 1414 1131 1473 per

102 1481 163 1542 bon
175 1479 337 1541 trienninm
351 1480 462 1555 agitata
475 1488 554 1553 suut,
572 1479 630 1541 iarn
644 1481 683 1541 ab
701 1496 738 1542 eo
753 1488 898 1556 tempore,
914 1496 974 1555 qno
988 1496 1008 1539 a
1022 1479 1056 1539 L.
1075 1481 1130 1541 ca-

103 1562 188 1625 tilina
198 1571 230 1624 et
240 1563 291 1623 Gn.
303 1563 415 1625 PIsone
424 1562 530 1624 initum
542 1564 700 1625 consilinm
715 1573 840 1625 senatus
854 1562 1055 1624 interficiendi
1069 1563 1130 1623 sci·

104 1644 236 1718 tiamne,
248 1645 280 1705 in
294 1645 352 1708 hos
364 1646 439 1719 dtas,
457 1645 555 1708 iubos
566 1663 698 1719 menses,
711 1646 742 1706 iu
753 1646 813 1709 hoc
823 1655 944 1723 tempus
957 1654 1129 1721 erumpunt

104 1727 161 1801 oui
177 1729 264 1788 locus
279 1736 340 1803 est,
364 1727 498 1803 indices,¹
520 1730 603 1805 qnod
623 1738 759 1805 tempus,
781 1728 833 1805 qui
849 1731 931 1804 dlos,
956 1745 1035 1805 qnae
1055 1745 1128 1802 nox,

105 1826 198 1886 qutun
211 1825 269 1886 ago
285 1827 347 1871 non
362 1828 403 1872 ex
415 1812 542 1875 istorum
555 1811 674 1874 insidiis
690 1829 728 1873 ac
740 1812 936 1875 mucronibus
951 1828 1012 1873 non
1029 1813 1131 1873 solum

103 1909 188 1966 meo,
214 1894 271 1953 sed
294 1894 387 1954 multo
409 1895 499 1955 etiam
519 1895 616 1970 magis
637 1895 739 1957 divino
760 1895 886 1959 consilio
905 1894 1016 1970 eripiar
1035 1904 1130 1970 atque

104 1977 244 2037 evolem?
269 1976 376 2050 Neque
390 1975 439 2037 isti
452 1995 500 2038 me
515 1994 583 2039 meo
598 1976 719 2039 nomine
732 1977 869 2051 interfici,
886 1980 944 2039 sed
955 1976 1130 2052 vigilantem

105 2059 262 2119 consulem
283 2058 322 2118 de
345 2057 391 2118 rei
409 2061 549 2134 panIcae
569 2061 722 2136 praesidio
743 2064 906 2123 demovere
925 2063 1044 2122 volunt=
1071 2076 1130 2120 nec

103 2139 204 2200 miuus
223 2140 351 2213 vellent,
377 2141 463 2214 Cato,
487 2153 517 2204 te
532 2160 656 2221 quoque
671 2144 774 2219 aliqua
786 2144 918 2215 ratione,
942 2143 969 2203 si
991 2152 1129 2220 possent,

105 2223 226 2284 tobere=
247 2219 279 2280 id
294 2223 391 2297 quod,
411 2224 605 2301 mihicrede,
623 2236 653 2288 et
665 2236 758 2302 agunt
772 2235 802 2288 et
818 2229 988 2288 molluntur.
1015 2226 1130 2286 Vident

107 2301 296 2379 quantumin
310 2311 340 2364 te
354 2304 395 2364 sit
409 2304 513 2380 animi,
531 2317 673 2382 quantum
690 2310 817 2386 Ingenii,
837 2320 981 2386 qnantum
999 2309 1130 2369 anctori-

105 2385 190 2458 tatis‚
212 2392 357 2459 quantum
376 2386 421 2446 rei
441 2388 580 2463 pubIIcae
599 2392 758 2467 praesidii=
784 2395 840 2454 sed
860 2410 953 2469 quum
975 2390 1132 2453 consulari

106 2467 284 2530 auctoritaie
298 2476 329 2529 et
341 2468 454 2531 auxillo
469 2470 626 2543 spoliatam
636 2475 697 2535 va
707 2476 898 2538 tribunicIam
912 2475 1051 2547 viderint,
1066 2483 1131 2535 tum

106 2569 143 2614 ae
157 2549 276 2612 facilins
287 2549 433 2612 inermem
443 2560 473 2612 at
484 2553 666 2617 debilitatum
677 2568 706 2620 te
719 2577 925 2635 oppressuros
940 2557 1131 2620 arbitrantur.

104 2636 181 2696 Nam
193 2651 234 2695 ne
248 2635 415 2695 sufficiatur
431 2637 538 2696 consul
553 2652 614 2696 non
628 2639 738 2703 timent.
768 2632 880 2703 Vident
893 2644 924 2702 in
939 2649 1059 2702 tuorum
1074 2657 1131 2715 po·

105 2726 214 2781 testate
229 2718 413 2792 collegarum
426 2720 506 2779 Iure:
523 2727 647 2793 sperant
660 2720 718 2781 sibi
732 2725 874 2797 Silanum,
894 2728 1008 2786 clarum
1021 2723 1130 2795 virum,

106 2801 174 2862 sine
194 2801 327 2875 collega,
350 2809 380 2862 te
401 2799 467 2861 sine
485 2803 627 2874 conside,
647 2820 711 2863 rem
727 2808 876 2879 publicam
892 2807 959 2868 sine
973 2806 1130 2882 praesidio

107 2883 197 2943 obilci
217 2900 321 2959 posse.
362 2880 412 2944 83.
433 2882 488 2944 His
502 2883 593 2945 tantis
610 2884 641 2944 ln
656 2887 748 2946 rebus
768 2892 919 2965 tantisque
938 2891 969 2950 in
984 2889 1131 2964 periculis

107 2973 155 3024 est
171 2973 263 3040 tuum,
280 2966 320 3026 In.
335 2967 417 3042 Cato,
435 2965 488 3042 qni
501 2966 573 3027 mihi
590 2984 651 3028 non
667 2968 730 3042 tibi,
748 2971 805 3032 sed
821 2972 935 3047 patriae
951 2982 1040 3032 natus
1059 2988 1132 3032 esse

106 3045 230 3121 videris,
250 3049 355 3110 videre
371 3050 444 3125 quid
458 3058 572 3125 agatur,
589 3052 718 3112 retiuera
732 3053 909 3125 adiutorem,
926 3055 1131 3127 defensorem,

107 3127 224 3189 socium
244 3129 276 3189 in
296 3148 329 3192 re
354 3132 490 3208 publica,
517 3136 674 3194 consulem
693 3151 755 3196 non
776 3137 932 3212 cupidum,
961 3138 1132 3211 consulem,

107 3211 191 3286 quod
212 3211 340 3273 maxime
360 3224 479 3290 tempus
499 3216 558 3278 hoc
577 3218 724 3292 postulat,
746 3221 864 3280 Iortuna
881 3219 1076 3281 constitutum
1090 3221 1132 3280 ad

105 3295 342 3371 amplexandum
361 3297 475 3372 ocium,
498 3297 626 3361 scientia
638 3301 678 3359 ad
698 3302 808 3363 bellum
827 3302 1006 3377 gerendum,
1027 3303 1131 3363 animo

107 3386 137 3439 ot
151 3396 211 3440 usu
225 3379 263 3439 ad
279 3381 362 3453 qnod
375 3380 452 3442 velis
461 3380 635 3457 'negocium
