2340 3788
490 126 499 141 .-
539 110 595 141 -np
611 98 634 131 ‘A
649 76 672 137 *q

101 140 165 243 sti
402 120 834 232 ruffasnsrm'onnuo.

101 329 255 397 diuturna,
271 324 350 384 adeo
361 324 422 383 vim
437 321 580 382 facinoris
596 320 643 380 sui
657 321 905 395 perhorruerant,
920 331 960 393 ut,
977 321 1003 380 si
1019 323 1123 394 paullo

102 408 220 483 longior
241 405 343 480 opinio
363 403 468 464 mortis
485 403 576 464 Sestii
597 403 728 487 luisset,
742 403 909 475 Gracchum
931 403 1014 475 illum
1034 422 1124 481 suuni

101 487 347 553 transferemini
365 503 422 547 nos
439 486 572 546 criminis
588 462 835 546 causbubbcldeit
850 474 1021 561 cogitaiin'tl
1040 473 1123 547 fse‘nss
1141 542 1144 557 ,

13 563 86 649 abab
103 573 143 637 sit
155 572 317 633 rusticulus
333 586 395 630 non
410 568 551 630 incautus
564 602 607 613 -
628 585 727 643 neque
743 569 822 628 enim
837 570 976 630 homines
992 585 1125 643 nequam

13 634 378 730 ζ’Μΐᾰόεηιροῑιιιετιιῐη
397 669 538 712 -suum
558 654 737 727 sanguinem
758 652 863 726 quaeri
877 670 904 725 a
930 670 946 710 r
981 652 1124 735 tinguen-

103 738 124 798 d
144 754 172 795 m
186 735 488 878 imirgissffitiifjnfflis
504 735 653 795 Clodiani:
677 735 848 794 mulioniam
865 752 965 810 paenu
977 738 1025 811 am
1045 738 1124 811 qdri-

102 820 215 896 puit,c
322 835 340 878 a
355 816 483 899 primum
493 819 620 878 Romam
636 818 674 877 ad
689 817 809 879 comitia
820 829 958 879 venerat:
974 801 1125 879 me‘s‘sblla

47 956 70 963 -
86 919 139 978 ,se
159 898 242 961 cor*
271 837 414 961 §officina
459 901 557 972 Quum
585 909 764 975 quaererent
786 901 836 960 alii
859 901 1047 973 Numerium,
1074 902 1122 964 alii

13 957 257 1062 ssi'uouintum,
281 985 392 1058 gemini
414 983 543 1043 nominis
565 1000 667 1043 errore
690 992 827 1043 servatus
847 994 902 1044 est.
941 986 1043 1059 Atque
1065 984 1124 1043 hoc

13 1072 77 1158 μὲ.
103 1067 187 1130 scitis
202 1082 322 1137 omneS,
338 1081 438 1143 qsque
451 1068 529 1126 adeo
540 1067 691 1126 hominem
707 1069 737 1125 in
751 1067 885 1140 periculo
898 1067 1004 1139 luisse,
1021 1068 1124 1142 quoad

103 1150 211 1212 scitum
227 1156 274 1208 est
286 1147 418 1208 Sestium
439 1150 552 1208 vivere.
587 1150 673 1222 Quod
688 1150 719 1208 ni
731 1159 814 1210 esset
826 1152 1009 1224 patefactum
1023 1151 1122 1224 paullo

104 1233 193 1294 citius
215 1246 304 1304 quam
326 1232 450 1302 vellem,
476 1248 537 1292 non
557 1232 599 1291 illi
621 1232 742 1306 quidem
766 1242 861 1293 morte
876 1233 1054 1293 mercenarii
1076 1233 1123 1292 sui

103 1317 267 1376 transferre
288 1313 460 1387 potuissent
478 1314 621 1375 invidiam
637 1315 767 1389 inques
783 1317 944 1390 putabant,
967 1317 1023 1376 sed
1039 1332 1123 1376 acer-

84 1398 87 1419 ¹
103 1397 221 1457 bissimi
236 1397 360 1456 sceleris
375 1396 527 1455 infamiam
544 1407 629 1470 grato
652 1392 784 1472 qu'd'dam
800 1402 916 1458 'scelere
932 1398 1123 1474 minuissent.

104 1478 154 1540 83.
172 1482 218 1538 Ac
233 1478 260 1538 si
280 1487 342 1539 tum
356 1478 387 1536 P.
404 1477 537 1549 Sestius,
563 1481 694 1551 iudices,
720 1480 750 1538 in
772 1484 883 1555 templo
906 1480 1036 1541 Castoris
1058 1480 1123 1538 ani-

104 1577 184 1621 mam
201 1578 291 1636 quam
308 1562 361 1621 vix
374 1562 495 1622 retinuit
507 1561 668 1634 edidisset,
686 1578 746 1620 non
761 1564 865 1624 dubito
880 1564 967 1637 quin,
983 1562 1009 1622 si
1028 1564 1124 1621 modo

71 1634 189 1731 2ch
202 1645 279 1704 intre
300 1645 423 1720 publica
442 1653 580 1717 senatuS,
604 1645 630 1705 si
651 1645 793 1706 maiestas
815 1647 922 1721 populi
935 1646 1058 1706 Romani
1072 1661 1123 1702 rc-

74 1706 443 1811 ”diriissc‘lss-,aliquandq
454 1736 552 1798 statua
574 1727 644 1788 hnic
663 1729 780 1788 obrem
796 1729 948 1803 publicam
964 1727 1122 1788 interiecto

103 1811 134 1871 in
154 1811 220 1873 loro
243 1798 431 1872 suaderetur.
470 1811 533 1870 Nec
559 1827 630 1870 vero
644 1810 771 1871 -illorum
800 1812 976 1886 quisquam,
1003 1825 1080 1886 quos
1106 1826 1125 1867 a

15 1926 18 1931 ·
104 1892 268 1953 maioribus
289 1893 401 1955 nostris
421 1902 517 1954 morte
538 1893 619 1953 obita
637 1893 756 1968 positos
777 1895 807 1953 in
829 1895 879 1954 illo
903 1896 972 1954 loco
987 1901 1079 1967 atque
1094 1892 1126 1950 in

104 1977 211 2036 rostris
229 1978 394 2037 collocatos
410 1976 526 2047 videtis,
548 1983 631 2036 essct
644 1977 674 2035 P.
690 1975 789 2036 Sestio
802 1987 853 2036 aut
867 1977 1029 2037 acerbitate
1045 1991 1126 2034 mor-

103 2058 143 2120 tis
161 2067 210 2118 aut
224 2059 324 2118 animo
339 2061 368 2117 in
382 2076 445 2118 rem
457 2059 607 2133 publicam
620 2062 868 2133 praeponendus:
885 2061 936 2134 qni
949 2077 1042 2134 quum
1054 2075 1127 2118 cau-

42 2206 46 2217 ,
107 2158 172 2203 sam
187 2142 261 2200 civis
278 2142 459 2212 calamitosi,
478 2158 602 2200 causam
616 2141 718 2211 amici,
735 2158 857 2202 causam
874 2144 951 2201 bene
967 2144 1004 2200 de
1021 2159 1055 2200 re
1069 2159 1126 2215 pu-

65 2266 68 2271 ·
104 2223 185 2282 blica
205 2218 318 2295 meriti,
343 2240 463 2283 causam
486 2233 623 2297 senatus,
654 2240 776 2283 causam
796 2225 912 2296 Italiac,
936 2241 1059 2284 causam
1083 2225 1128 2283 rei

107 2304 245 2379 publicae
257 2306 460 2379 suscepisset,
480 2323 633 2381 quumque
644 2308 789 2381 auspiciis
801 2308 1000 2382 religionique
1013 2323 1128 2381 parens

107 2387 317 2459 obnunciarcl,
337 2391 419 2462 quod
440 2399 589 2460 senserat,
612 2390 679 2449 lnce
700 2391 800 2463 palam
814 2407 832 2448 a
847 2390 970 2450 nefariis
987 2390 1130 2464 pestibus

106 2470 136 2528 in
152 2469 277 2529 deorum
291 2471 504 2546 hominumque
522 2481 787 2546 conspectuwesset
799 2473 919 2533 occisus
932 2472 1130 2532 sanctissimo

105 2554 278 2629 intemplo,
303 2555 493 2614 sanctissima
513 2549 666 2627 in'causa‚
688 2556 877 2616 sanctissimo
894 2556 923 2614 in
938 2555 1131 2629 magistratu.

106 2636 180 2695 Eius
196 2634 285 2709 igitur
306 2638 394 2696 vitam
411 2638 571 2711 quisquam
589 2639 778 2712 spoliandam
796 2639 979 2697 ornamentis
994 2655 1067 2698 esse
1084 2639 1131 2696 di-

108 2727 167 2788 cet,
195 2719 283 2779 cuius
306 2729 431 2780 mortem
457 2722 622 2780 ornandam
643 2729 836 2781 monumento
862 2724 1047 2795 sempiterno
1072 2739 1131 2795 pu-

105 2802 230 2862 taretis?
558 2855 561 2860 .

189 2885 317 2944 XXXIX.
337 2883 387 2947 84.
409 2885 569 2958 Homines,
583 2886 692 2960 inquit,
712 2886 824 2956 emisti,
842 2885 982 2959 coegisti,
1004 2887 1133 2960 parasti.

107 2967 238 3038 —Quid
255 2968 296 3027 uti
314 2970 446 3027 laceret?
472 2978 608 3029 senatum
627 2970 802 3028 obsideret?
830 2969 913 3027 cives
933 2969 1134 3030 indemnatos

109 3050 293 3118 expellerem
313 3051 393 3110 bona
411 3050 574 3124 diriperae
597 3052 689 3110 aedes
706 3053 899 3111 incenderet?
922 3060 1000 3110 tecta
1016 3051 1134 3112 distur-

109 3128 213 3188 baretl
244 3136 354 3207 templa
377 3134 501 3194 deorum
518 3134 725 3193 immortalium
746 3135 962 3193 inflammaret?
988 3135 1141 3211 tribunos⁸

109 3211 207 3285 plebis
222 3214 299 3274 lerro
317 3234 333 3274 e
349 3217 455 3275 rostris
470 3216 655 3290 expelleret?
674 3217 847 3290 provincias
863 3234 939 3291 quas
954 3218 1046 3275 vellet
1064 3210 1134 3293 quiss

108 3294 166 3354 bns
191 3295 282 3354 vellet
306 3299 469 3358 venderet?
496 3315 585 3371 reges
611 3301 798 3373 appellaret?
827 3316 926 3358 rerum
955 3299 1135 3377 capitalium

110 3380 324 3439 condemnatos
344 3381 373 3438 in
393 3382 502 3441 liberas
522 3379 661 3442 ¹civitates
682 3398 736 3456 per
756 3384 872 3455 legatos
893 3390 1017 3442 nostros
1039 3374 1136 3445 redu·
