2340 3788
128 186 191 253 386
415 183 488 243 PRO
504 184 536 257 Q.
552 184 709 244 LIGARIO
724 183 878 245 ORATIO.

128 330 287 413 provincia
301 331 375 393 satis
392 334 491 393 facere
506 333 676 394 homiuibus
691 350 750 394 non
773 343 898 407 posset,
927 339 957 397 si
983 355 1127 414 quemqau

128 417 219 479 alium
240 414 414 490 provinciae
435 416 642 489 praefecisset.
684 416 790 490 Itaque
809 416 977 493 Ligarius,
1002 423 1132 495 quanda

128 516 274 560 recusans
290 497 360 556 nihil
375 500 570 572 profecisset,
602 497 788 572 provinciam
811 501 941 574 accepit
966 503 1092 564 invitus:
1107 494 1136 561 ai'·

129 581 174 641 sic
189 582 316 656 praefuit
330 579 361 639 in
375 596 465 654 pace,
486 588 518 640 ut
537 589 568 640 et
587 580 704 640 civibus
724 589 755 641 et
776 581 872 640 sociis
886 585 1128 656 gratissimaesa

129 664 195 724 eius
212 663 366 736 integritas
382 678 417 720 ac
431 662 519 721 fides.
561 661 591 722 3.
604 664 720 722 Bellum
735 661 835 724 subito
852 666 997 741 exarsit,
1018 626 1133 743 quoda}

129 753 214 806 erant
225 745 256 804 in
274 746 377 804 Africa
391 751 460 803 ante
473 744 631 805 audierunt
646 747 709 818 geri
725 761 814 819 quam
828 750 949 818 parari.
980 750 1049 823 Quo
1065 738 1131 810 auiti

128 829 236 904 partim
248 826 412 901 cupiditate
423 826 656 899 inconsiderata,
672 827 780 901 partim
795 843 890 889 caeco
904 832 1052 902 quodam
1062 798 1133 1011 aa&

129 910 226 985 primo
243 910 366 982 salutis,
389 917 459 983 post
480 909 568 970 etiarn
583 908 674 968 studii
689 909 735 968 sui
751 910 948 982 quaerebant
963 913 1094 990 aliquem

129 1009 209 1066 cem,
232 1007 323 1067 quum
343 990 495 1065 Ligarius,
517 993 637 1050 domam
658 999 816 1065 spectans,
831 993 871 1051 ad
893 1010 981 1055 suos
1000 1000 1096 1057 redire

128 1075 226 1151 piens,
241 1076 322 1135 nullo
339 1090 373 1134 se
386 1075 532 1148 implicari
546 1073 673 1147 negocio
690 1090 802 1148 passus
818 1082 875 1134 est.
925 1078 1057 1139 Interim
1069 1081 1126 1139 llll

128 1159 189 1221 tius
202 1159 312 1228 Varus,
330 1156 381 1231 qui
396 1164 517 1230 praetor
530 1156 663 1215 Africam
675 1156 851 1228 obtinuerat,
862 1156 994 1219 Uticam
1006 1163 1090 1223 venit
1104 1159 1126 1216 lt

128 1257 198 1301 curn
218 1241 317 1300 statim
338 1254 520 1299 concursum
542 1247 597 1298 est
640 1241 742 1313 Atque
762 1239 810 1296 ille
830 1254 892 1299 non
909 1243 1068 1305 mediocri
1079 1241 1125 1315 cupi

128 1323 220 1382 ditate
235 1320 367 1392 adripuit
382 1319 549 1396 imperium,
568 1321 593 1379 si
605 1318 678 1379 illud
692 1319 848 1394 imperium
864 1336 943 1382 esse
957 1328 1068 1400 potuit,
1081 1322 1126 1399 quoi

129 1405 169 1463 ad
191 1405 339 1476 privatum
366 1402 496 1460 clamore
520 1403 715 1462 multitudinis
734 1401 904 1476 imperitae,
928 1410 1023 1469 nullo
1046 1406 1126 1485 publio

129 1483 257 1545 consilio
270 1482 470 1542 deferebatur.
512 1482 541 1542 4.
557 1484 662 1557 ltaque
675 1484 827 1559 Ligarius,
851 1486 903 1558 qui
929 1505 1029 1551 omne
1043 1494 1126 1552 talen

129 1565 250 1640 gociurn
267 1573 393 1639 cuperet
408 1566 555 1639 effugere,
578 1567 711 1639 paullum
731 1568 863 1628 adventu
878 1570 962 1630 Vari
981 1570 1126 1650 conquat

129 1650 165 1715 il.
179 1648 305 1720 Adhuc,
321 1648 351 1707 G.
371 1648 495 1720 Caesar,
516 1647 700 1722 aligarius
716 1649 795 1709 omni
810 1651 900 1724 culpa
918 1663 1026 1715 vacat.
1069 1656 1126 1713 boa

130 1740 178 1792 est
192 1747 337 1807 egressus
352 1746 412 1790 non
429 1732 520 1791 modo
538 1732 651 1791 nullum
667 1734 704 1791 ad
721 1733 846 1804 bellum,
866 1735 928 1793 sed
953 1753 997 1797 ue
1021 1739 1062 1799 ad
1078 1732 1125 1795 nii

129 1830 208 1874 mam
229 1813 350 1889 quidem
372 1813 578 1887 suspicionem
598 1815 682 1873 belli:
710 1816 825 1889 legatus
848 1815 879 1874 in
898 1833 989 1891 pace
1010 1821 1126 1895 proreta

130 1905 191 1958 est:
209 1896 238 1956 ia
252 1896 411 1972 provincia
425 1895 618 1972 pacatissima
632 1896 670 1956 ita
691 1913 725 1957 se
740 1897 849 1970 gessit,
871 1905 902 1958 ut
919 1899 953 1959 ei
970 1919 1078 1977 pacem
1090 1910 1126 1958 ess

129 1980 295 2053 expediret.
337 1979 485 2040 Profectio
508 1988 588 2039 certe
609 1981 738 2051 animum
754 1987 839 2039 tuum
861 1996 923 2039 non
953 1985 1051 2047 debet
1070 1982 1126 2044 ona

130 2065 216 2122 dere:
232 2079 301 2122 num
317 2062 404 2136 igitur
415 2064 588 2121 remansio?
600 2062 692 2121 Multo
709 2062 816 2120 minus.
843 2063 917 2121 Nam
937 2067 1127 2139 profectiori

129 2147 271 2205 luntatem
293 2144 396 2203 habuit
419 2162 478 2203 non
499 2153 632 2218 turpem,
654 2145 803 2203 remansio
828 2148 1055 2211 necessitatem
1075 2147 1128 2208 eliac

129 2227 298 2285 honestam.
341 2228 421 2300 Ergo
443 2227 517 2285 baec
539 2228 598 2285 duo
622 2236 757 2301 tempora
774 2236 876 2286 carent
892 2228 1043 2292 crimine:
1064 2243 1128 2291 naua

131 2325 223 2382 quum
244 2317 291 2367 est
310 2310 426 2382 legatus
456 2311 626 2384 prolectuS,
656 2311 796 2381 alterurn,
819 2326 909 2384 quum
934 2313 1129 2389 efflagitatast

131 2389 287 2465 provincia
308 2391 499 2466 praepositus
517 2393 639 2450 Africae
660 2401 715 2451 est.
763 2388 793 2450 5.
809 2391 943 2452 Tertium
970 2398 1130 2471 tempusa*¹

131 2474 213 2548 quod
225 2480 296 2547 post
306 2474 466 2534 adventum
478 2475 550 2532 Vari
563 2473 591 2532 in
609 2474 712 2533 Africa
726 2473 841 2546 restitit,
857 2476 945 2547 quod
961 2480 990 2538 si
1006 2489 1056 2539 est
1070 2473 1130 2538 crini

131 2573 255 2627 nosum,
272 2557 461 2616 necessitatis
478 2556 588 2616 crimen
605 2565 664 2628 est,
686 2575 744 2618 non
761 2556 935 2617 voluntatis.
986 2565 1038 2621 An
1055 2550 1131 2629 illati

130 2639 280 2714 potuisset
291 2639 371 2698 illinc
383 2642 443 2699 ullo
457 2641 546 2700 modo
559 2641 702 2711 evadere,
715 2640 820 2700 Uticae
839 2656 930 2713 quam
948 2643 1081 2715 Romae,
1094 2651 1131 2700 tau

129 2723 160 2781 P.
173 2721 253 2781 Attio
266 2739 357 2796 quam
374 2738 441 2781 cum
454 2721 699 2781 concordissimis
716 2722 865 2794 fratribus,
881 2739 955 2782 eum
972 2727 1083 2788 alienis
1093 2733 1131 2782 esst

131 2822 222 2880 quam
230 2820 296 2863 curn
306 2805 552 2864 suismaluissett
565 2805 659 2877 Quum
667 2806 849 2879 ipsalegatio
860 2805 955 2878 plena
963 2807 1132 2870 desideriis

131 2887 341 2948 sollicitudinis
359 2887 466 2947 fuisset
479 2897 604 2961 propter
618 2887 830 2946 incredibilem
845 2890 1019 2961 quemdam
1043 2895 1132 2952 trauan

130 2986 272 3043 amorem,
288 2970 336 3030 hic
350 2986 448 3045 aequo
461 2973 559 3051 animo
573 2987 642 3030 esse
658 2970 754 3044 potuit
767 2971 836 3030 belli
849 2968 987 3033 discidio
1002 2975 1133 3035 distractu

131 3053 324 3113 afratribusf

206 3134 235 3194 6.
253 3136 370 3195 Nullum
392 3133 480 3210 igitur
502 3136 616 3210 babes,
643 3137 773 3210 Caesar,
801 3134 901 3194 adhuc
924 3135 959 3196 in
982 3139 1018 3213 Q.
1045 3132 1135 3215 Ligarii

132 3214 250 3290 siguum
272 3219 387 3277 alienae
408 3228 468 3278 ate
486 3218 665 3280 voluntatis:
690 3219 776 3278 cuius
800 3233 856 3291 ego
878 3234 1014 3282 eausam
1032 3214 1135 3282 animad-

132 3306 230 3370 verte,
247 3315 372 3373 quaeso,
389 3317 448 3375 qua
463 3303 522 3360 fide
535 3303 708 3359 defendam:
725 3301 821 3375 prodo
833 3316 942 3360 meam.
995 3303 1019 3364 0
1037 3308 1135 3366 clemen

131 3379 201 3440 tiam
214 3380 417 3441 admirabilem
429 3394 520 3452 atque
539 3382 668 3443 omnium
684 3384 780 3458 laude,
800 3382 1046 3464 praedieatione,
1061 3379 1135 3450 tueri
