2340 3788
107 214 170 279 134
211 210 249 270 IN
264 211 297 269 L.
313 206 524 268 CATILINAM
538 203 680 267 ORATIO
695 206 717 266 1.
753 205 1054 283 CAP.13·S.3233.

106 366 156 423 los
171 368 201 421 et
217 361 301 420 faces
323 359 363 418 ad
383 356 630 419 inflammandam
650 357 758 419 urbem
777 371 971 432 compararet
999 355 1040 419 sit
1060 358 1145 420 deni-

109 461 168 521 que
183 441 363 516 inscriptum
378 440 410 500 in
425 443 524 502 fronte
540 440 632 503 unius
647 439 799 516 cuiusque
814 438 888 514 quid
908 440 949 501 de
970 456 1005 501 re
1019 441 1146 515 publica

107 526 228 589 sentiat.
251 524 401 587 Polliceor
417 524 506 585 vobis
520 525 590 598 hoc,
607 531 710 598 patres
725 522 901 598 conscripti,
915 531 1029 585 tantam
1041 524 1075 585 in
1090 542 1145 587 no·

85 606 88 611 ’
107 611 155 673 bis
170 607 348 671 consulibus
364 610 431 669 lore
442 606 638 682 diligentiam,
653 614 765 668 tantam
778 607 811 667 in
822 607 911 667 vobis
923 608 1146 683 auctoritatem,

107 701 222 756 mntem
241 692 272 752 in
292 691 445 767 equitibus
462 691 609 752 Romanis
628 691 785 764 virtutem,
812 698 927 752 tantam
946 689 977 751 in
999 692 1145 755 omnibus

107 776 198 839 bonis
210 775 456 848 consensionem,
473 783 506 835 ut
516 774 661 836 Catilinae
672 773 863 850 proiectione
876 772 979 836 omnia
990 777 1147 850 patefacta

107 862 271 934 illustrata,
290 874 444 936 oppressa
457 856 611 919 vindicata
624 873 698 919 esse
713 857 853 920 uideatis.

191 942 243 1007 33.
264 942 358 1005 Hisce
373 941 538 1015 ominibus,
561 940 703 1016 Catilina,
724 957 792 1003 eum
810 957 928 1003 summe
941 940 989 1002 rei
1002 940 1147 1018 publicae

108 1029 217 1100 salute,
235 1043 304 1088 curn
318 1034 370 1087 tua
387 1034 476 1102 peste
490 1041 527 1087 ac
544 1024 680 1101 pernicie
693 1040 825 1099 cumque
842 1040 948 1085 eorum
963 1024 1070 1099 erdtio,
1091 1025 1147 1101 qui

108 1128 144 1171 se
157 1120 259 1172 tecum
276 1110 358 1171 omni
374 1111 490 1171 scelere
505 1108 733 1186 parricidioque
747 1108 927 1183 iunxerunt,
943 1106 1147 1184 proficiscere

109 1195 149 1253 ad
159 1193 284 1269 impium
296 1194 407 1254 bellum
420 1210 456 1254 ao
469 1194 625 1254 netarium.
653 1193 706 1266 Tu,
724 1192 870 1268 luppiter,
886 1192 939 1268 qui
952 1191 1064 1254 iisdem
1078 1193 1144 1266 qui·

107 1276 167 1337 bus
185 1276 261 1336 haee
276 1277 349 1337 urbs
367 1277 514 1352 auspiciis
530 1277 691 1337 aRomulo
709 1293 744 1336 es
756 1276 955 1351 constitutus,
969 1290 1063 1351 quem
1076 1273 1145 1336 Sta·

108 1368 205 1419 torem
230 1359 320 1420 huius
345 1359 430 1420 urbis
455 1368 548 1434 atque
576 1358 695 1436 imperii
723 1376 796 1420 vare
821 1361 1030 1432 nominamus,
1061 1358 1145 1421 hunc

109 1450 139 1501 et
161 1440 251 1502 huius
274 1442 379 1504 socios
402 1460 421 1501 a
440 1442 500 1502 tuis
522 1443 715 1518 caeterisque
736 1442 873 1518 templis,
902 1460 922 1504 a
946 1442 1036 1504 tectis
1056 1441 1145 1503 urbis

108 1540 145 1584 ac
160 1525 336 1600 moenibus,
357 1526 452 1586 avita
467 1526 660 1602 fortunisque
680 1524 791 1587 civium
806 1525 940 1588 omnium
955 1523 1092 1597 arcebis,
1114 1533 1146 1587 et

107 1606 249 1670 homines
264 1610 412 1671 bonorum
428 1607 583 1683 inimicos,
601 1611 707 1672 hostes
722 1608 856 1684 patriae,
876 1613 1013 1672 latrones
1027 1608 1142 1680 Italiae,

110 1693 259 1753 scelerum
282 1695 407 1755 loedere
427 1693 504 1754 inter
526 1709 561 1753 se
583 1710 619 1754 ae
641 1692 757 1754 notaria
778 1695 924 1756 societate
948 1692 1143 1764 coniunctos,

109 1775 240 1836 aeternis
259 1778 418 1853 suppliciis
434 1776 522 1838 vivos
536 1785 737 1854 mortuosque
751 1777 908 1840 mactabis.

403 2220 445 2300 ll.
470 2218 607 2300 TULLll
631 2216 844 2301 GlOERONiS

129 2374 139 2391 ·
183 2341 229 2435 ΙΝ
260 2343 302 2438 la
333 2345 596 2487 cnlllthll
626 2345 809 2447 llllltl
840 2344 1062 2444 SECUNDA

336 2491 534 2574 lllBlTl
566 2492 632 2573 llll
660 2490 912 2574 Pilllllllll.

423 2764 825 2826 ARGUMENTUM.

177 2898 260 2957 Quum
277 2915 307 2950 ea
326 2901 413 2961 oratio,
430 2916 504 2964 quam
521 2902 555 2954 M.
571 2902 668 2951 Tullius
686 2904 712 2953 in
728 2908 816 2951 senatu
834 2902 859 2950 in
873 2901 902 2953 L.
918 2899 1051 2950 catilinam
1068 2913 1141 2965 prae·

106 2973 202 3014 sentem
220 2982 245 3018 a.
261 2969 286 3023 d.
301 2970 344 3023 Vl.
359 2971 396 3020 ld.
411 2969 566 3021 Novembres
580 2970 678 3032 habuit,
697 2986 712 3020 a
730 2971 889 3020 senatoribus
908 2970 947 3018 lta'
961 2969 1050 3018 audita
1065 2976 1141 3028 earet,

107 3038 134 3078 ut
145 3032 259 3096 plerique
270 3039 368 3088 consuli
383 3040 568 3090 adsentirentur
581 3046 606 3089 et
617 3038 749 3090 Catilinam
761 3040 861 3089 hostem
875 3037 973 3103 patriae
990 3045 1070 3101 atque
1083 3051 1141 3102 par·

106 3099 213 3149 rieidarn
232 3105 401 3168 appellerent,
419 3108 462 3157 ille
480 3124 494 3157 e
513 3116 603 3157 senatu
620 3123 738 3172 egressus
756 3109 923 3174 proximaque
936 3114 1027 3169 noete,
1046 3104 1142 3156 relictis

106 3166 135 3220 P·
152 3168 274 3230 Lentulo,
299 3173 327 3226 0.
348 3175 458 3242 Cethego
483 3176 589 3239 aliisque
612 3177 639 3225 in
658 3178 720 3228 urbe
742 3178 835 3239 sociis,
862 3176 970 3238 quiea,
999 3175 1142 3237 dequibus

106 3239 275 3299 convenisset,
294 3253 498 3309 exsequerentur,
515 3246 548 3294 ad
562 3244 677 3294 Mallium
696 3246 825 3310 proiectus
840 3250 903 3297 erat.
940 3243 1068 3294 Postridie
1087 3243 1143 3292 eius

106 3305 157 3355 diei
170 3305 203 3354 M.
218 3304 305 3356 Cicero
325 3313 440 3361 contione
459 3321 602 3374 convocatu,
620 3320 649 3364 ut
663 3315 787 3378 populum
805 3315 836 3363 de
855 3314 886 3362 ils
901 3313 986 3371 rebus,
1007 3326 1075 3376 quae
1087 3312 1142 3376 affi-

105 3375 231 3434 labantur,
249 3374 366 3426 edoceret
385 3388 410 3429 et
427 3383 550 3432 invidiam
565 3397 580 3431 a
596 3397 623 3431 se
641 3383 827 3447 deprecaretur,
845 3381 922 3442 haue,
940 3395 1006 3443 quae
1020 3380 1089 3432 tarra
1107 3381 1143 3429 le-

104 3442 188 3506 gitur,
209 3445 348 3496 orationem
365 3445 461 3499 habuit.
