2332 3772
380 104 461 164 ΟΑΡ.
474 112 569 167 7-9.
586 110 612 171 §-
628 112 759 170 18-26·
893 116 904 137 ⁶
1062 107 1082 172 7

10 310 20 352 Β
74 256 202 319 'meum
215 256 302 317 solus
316 253 441 328 habeat,
460 270 552 330 quum
568 271 675 316 omnes
688 254 718 315 iu
734 274 827 318 unum
843 264 990 332 spectent,
1003 276 1083 320 unus

33 402 36 407 ,
86 339 165 401 omia
183 340 347 414 gubernet,
369 353 463 411 quum
485 346 530 400 tot
549 337 701 413 tantisque
722 339 857 414 negociis
872 341 1021 402 distentus
1035 344 1082 416 sit,

85 421 267 497 ttmspirare
287 420 382 480 libere
402 435 464 481 non
482 420 597 494 possit,
625 421 652 481 si
675 419 789 495 aliquid
814 439 876 484 uon
894 424 1081 485 animadver-

83 512 123 578 ttt,
143 520 234 579 quum
257 501 436 578 praesertim
455 511 516 563 tam
537 502 622 564 multi
642 503 872 578 occupationem
888 505 955 567 cius
977 507 1083 567 obser-

10 647 24 671 Γ,
81 594 135 647 vent
149 596 334 661 tempusque
353 593 555 661 aucupentur,
578 594 625 659 ut,
647 587 735 646 simul
756 592 845 661 atque
861 588 912 648 ille
931 589 1082 663 despexe-

10 660 24 755 ζ
77 669 117 741 rit,
126 668 238 745 aliquid
249 668 377 729 huiusce
387 667 472 727 modi
483 668 651 729 molianttu.
661 669 727 728 Huc
739 669 966 745 accedit,qnod
977 689 1080 746 quam·

10 762 14 773 '
75 751 112 813 tis
124 752 173 812 ille
188 753 261 813 lelix
281 752 336 824 sit,
358 749 439 811 sicut
458 759 520 822 est,
542 759 641 812 nmen
664 751 695 811 in
718 758 801 811 tanta
824 751 966 813 felicitate
991 769 1079 845 neum

71 843 163 910 potest
182 850 270 905 esse,
300 836 332 893 in
354 848 465 908 magna
487 834 598 893 lamilia
612 833 664 910 qui
678 833 828 894 neminem
843 850 944 907 neque
959 850 1080 897 servum

70 934 161 993 neque
181 917 323 977 libertum
337 917 507 990 improbum
521 916 639 977 habeat.
681 916 731 978 23.
758 918 876 977 Interea
894 916 953 977 istc
972 919 1004 977 T.
1019 919 1079 980 Ro

68 1001 159 1073 scius,
174 998 223 1059 vir
237 999 385 1074 optimus,
400 1008 579 1074 procurator
593 999 801 1077 Chrysogoni,
814 999 967 1061 Ameriam
981 1000 1078 1062 venit:

66 1083 229 1158 inpraedia
242 1081 332 1142 huius
342 1080 471 1142 invadio
486 1082 566 1142 hunc
579 1082 737 1156 miserum,
751 1085 834 1143 luctu
848 1081 1013 1158 perditum,
1027 1085 1079 1158 qui

65 1167 194 1227 nondum
208 1164 299 1225 etiam
317 1163 417 1223 omnia
431 1173 557 1239 patemo
575 1165 673 1226 luneri
692 1166 771 1227 iusta
785 1164 946 1238 solvisset,
965 1166 1077 1227 nudum

62 1248 141 1311 eiieit
165 1249 257 1309 domo
279 1255 371 1321 atque
394 1246 472 1307 loeis
493 1247 597 1321 patriis
620 1249 729 1324 disque
749 1247 909 1323 penatibus
929 1248 1078 1324 praecipi·

63 1341 133 1406 em,
147 1330 284 1405 iudices,
300 1330 453 1391 exturbatz
472 1330 541 1405 ipse
554 1331 758 1406 amplissimae
772 1332 921 1406 pecuniae
934 1332 968 1392 lit
983 1330 1078 1392 donti-

62 1432 126 1475 nus.
152 1413 211 1487 Qui
224 1411 256 1473 in
268 1428 326 1473 sua
337 1429 371 1473 re
382 1412 490 1474 luisset
502 1412 731 1488 egentissimus,
745 1423 823 1488 erat,
836 1424 870 1475 ut
879 1414 926 1485 lit,
942 1412 1077 1474 insolens

61 1498 90 1558 iu
102 1496 211 1558 aliena
243 1496 339 1556 Multa
354 1497 456 1571 palam
476 1496 598 1557 domum
611 1514 698 1557 suam
714 1498 883 1568 auferebat,
901 1497 987 1571 plura
1000 1498 1077 1557 clam

62 1580 212 1642 demedio
224 1579 417 1640 removebatz
431 1594 492 1639 non
509 1596 607 1654 panea
621 1580 685 1640 suis
700 1579 887 1640 adiutoribus
901 1581 985 1655 large
1001 1579 1076 1640 cliu-

61 1680 155 1739 seque
174 1663 325 1724 donabat:
345 1661 465 1736 reliqua
482 1663 644 1723 constituta
666 1663 807 1724 auctione
826 1663 987 1723 vendebat.
1027 1663 1076 1722 tlt

61 1744 109 1809 ἢ.
128 1745 218 1820 Quod
232 1744 383 1805 Amerinis
403 1760 504 1818 usque
525 1760 563 1804 eo
580 1744 680 1804 visum
700 1753 748 1804 est
761 1743 933 1818 indignum,
953 1752 986 1804 ut
1002 1745 1076 1803 urbe

64 1828 221 1890 totalletus
238 1827 430 1902 gemitusque
441 1826 537 1887 lieret.
559 1827 675 1887 Etenim
688 1829 781 1888 multa
792 1826 880 1886 simul
892 1828 1076 1887 mrteoeulos

64 1912 273 1973 versabanturt
296 1928 379 1972 mors
393 1908 524 1970 hominis
539 1908 745 1970 florentissimi
758 1908 830 1970 Sex.
848 1905 953 1968 Roscii
969 1908 1076 1968 crude-

63 1994 187 2065 lissima,
210 1992 266 2054 lilii
287 2001 387 2055 autem
407 1994 474 2053 eius
495 2001 617 2068 egestas
631 1991 855 2068 indignissimo,
875 1989 924 2051 cui
941 1992 1075 2053 detento

63 2076 239 2152 patrimonio
253 2078 368 2152 praedo
380 2077 438 2137 iste
450 2075 584 2137 nefarius
599 2092 637 2136 ne
650 2076 707 2137 iter
718 2076 840 2151 quidem
850 2075 889 2135 ad
902 2075 1074 2149 sepulcrum

62 2160 186 2234 mutum
206 2159 397 2235 reliquisset,
418 2161 567 2220 bonorum
588 2159 699 2236 emptio
715 2158 884 2234 flagitiosa,
904 2157 1075 2232 possessio,

17 2274 20 2283 ·
61 2244 148 2317 luta,
161 2243 304 2319 rapinae,
319 2235 507 2304 donationes.
532 2243 625 2304 Nemo
640 2251 705 2304 erat
716 2242 768 2318 qui
782 2258 844 2303 non
853 2242 961 2303 ardere
975 2240 1076 2302 omnia

60 2328 158 2387 mallet
177 2342 269 2401 quam
290 2324 394 2386 videre
413 2325 445 2385 in
469 2325 540 2385 Sex.
557 2327 661 2387 Roscii
679 2325 737 2386 viri
757 2324 862 2401 optimi
878 2332 969 2399 atque
981 2324 1074 2385 hone·

59 2407 183 2471 etiesimi
195 2407 286 2470 bouis
300 2408 460 2469 iactantem
475 2425 511 2469 se
525 2426 560 2469 ac
576 2410 778 2470 dominantem
791 2409 823 2469 Τ.
839 2408 993 2469 Roseitnn.
1023 2404 1074 2467 at.

59 2490 162 2567 ltaque
173 2491 373 2553 decurionum
387 2492 542 2552 decretum
557 2492 655 2553 statim
668 2493 718 2567 fit,
739 2500 772 2553 ut
786 2492 891 2552 decem
903 2487 991 2565 primi
1003 2503 1075 2562 pro·

58 2574 231 2635 lciscantnr
250 2574 290 2634 ad
308 2574 343 2633 L.
357 2573 471 2635 Sullam
486 2574 677 2651 doceantque
698 2592 768 2637 eum
792 2573 846 2648 qui
866 2573 914 2632 vir
928 2570 999 2630 Sex.
1013 2570 1074 2629 Ro·

58 2655 139 2719 scius
162 2656 269 2718 luerit:
293 2664 517 2733 conquerantur
539 2658 579 2717 de
599 2657 725 2720 istorum
751 2659 868 2717 scelere
891 2661 921 2713 et
943 2650 1073 2713 iniuriis=

57 2749 141 2801 orent
158 2748 193 2801 ut
212 2748 244 2801 et
263 2739 344 2801 illius
364 2739 474 2801 mortui
494 2740 602 2801 lamam
622 2750 654 2803 et
673 2739 726 2802 lilii
746 2737 917 2800 innocentis
937 2735 1074 2819 lortuuas

56 2831 254 2885 conservatas
268 2824 351 2883 velit
386 2825 487 2898 Atque
501 2822 602 2898 ipsum
616 2824 785 2893 decretum,
808 2834 939 2894 quaeso,
961 2836 1075 2905 eogno-

56 2904 139 2966 scite.
174 2921 328 2965 armauit
349 2921 547 2965 oecoatonurr.
581 2906 685 2980 Legati
698 2904 730 2964 in
744 2909 844 2964 castra
855 2901 988 2965 veniunt.
1026 2904 1078 2963 ln·-

58 2986 214 3063 telligitur,
238 2988 374 3062 iudices,
401 2986 433 3047 id
457 2989 541 3062 quod
560 2989 621 3049 iam
640 2995 710 3049 ante
728 2984 807 3058 dixi,
832 2983 1022 3061 imprudente
1041 2986 1074 3045 L.

56 3068 139 3132 Sulla
152 3072 272 3131 scelera
285 3071 362 3131 haec
376 3078 407 3131 et
421 3069 537 3145 flagitia
550 3070 625 3132 lieri.
651 3071 726 3130 llam
741 3068 841 3131 statim
856 3069 1074 3147 Chrysogonus

53 3160 84 3213 et
102 3152 173 3228 ipse
195 3154 236 3213 ad
258 3170 314 3215 eos
335 3153 454 3213 aceedit
476 3161 506 3215 et
525 3153 664 3214 homines
678 3152 796 3215 nobiles
812 3153 935 3228 adlegat
946 3151 1000 3222 iis,
1022 3149 1074 3225 qui

54 3244 192 3308 peterent
207 3252 247 3297 ue
261 3236 301 3297 ad
315 3235 429 3296 Sullam
446 3236 565 3297 adirent
579 3243 610 3296 et
628 3235 730 3297 omnia
744 3236 975 3313 chrysogonum
995 3247 1075 3307 quoe

56 3320 167 3381 vellent
179 3334 252 3380 esse
268 3320 415 3379 lacturmn
430 3318 653 3392 pollicerentur.
687 3316 737 3381 26.
757 3318 865 3394 Usque
880 3315 959 3375 adeo
975 3322 1077 3376 autem
