2340 3788
105 182 171 249 eso
225 161 228 165 ’
328 271 334 277 .
392 179 467 243 rao
486 180 520 243 r.
535 165 674 243 'suono
695 114 848 241 nanno.

117 358 121 365 ·
147 346 150 353 ·
191 335 266 395 ιιι.
287 330 358 397 115.
378 330 596 395 Veniamusad
608 330 709 395 ludos.
727 328 814 394 Facit
825 329 920 407 enim,
936 327 1067 408 iudices,
1080 352 1129 397 ve·

109 428 175 480 ster
189 417 247 478 iste
262 414 293 475 io
313 430 362 475 me
382 415 551 477 animorum
571 416 799 490 certorumque·
811 416 983 488 coniectus,
1004 425 1039 476 nt
1060 417 1130 479 mibi

64 508 67 513 '
107 501 168 562 iam
181 499 274 559 licere
291 508 394 573 nutem
406 497 581 561 remissiore
595 498 638 559 uti
651 512 763 573 genere
777 498 908 559 dicendi.
935 497 1130 562 Comiticrnn

107 592 141 645 et
154 582 328 643 contionum
341 580 580 657 significationes
597 582 746 642 interdum
760 596 852 641 verae
867 590 953 656 sunt,
966 596 1030 642 non
1046 598 1129 644 num

109 680 201 741 quam
213 664 334 741 vitiatae
343 673 436 739 atque
447 672 623 738 corruptscr
639 662 802 732 theatrales
813 663 1130 739 gladiatoriique'con

22 756 25 765 '
108 754 218 809 sesam
228 746 369 809 dicuntur
382 746 504 808 omnino
519 748 620 808 solere
632 744 753 807 levitate
767 758 829 805 non
844 747 995 806 nullorum
1008 757 1129 825 emptor

109 832 238 913 mausus
253 829 353 890 exiles
365 837 397 891 et
408 844 497 889 raros
511 829 652 891 excitare.
677 831 838 889 Acumen
854 830 1020 903 iacileest,
1037 846 1130 907 quum

107 912 142 977 tt
156 914 205 985 nt,
230 928 321 988 quem
332 912 508 972 admodum
527 919 559 973 et
571 928 590 972 a
601 911 712 988 quibus
726 910 780 972 iiat
790 920 820 973 et
834 912 914 987 quid·
924 911 1043 989 integra
1056 915 1130 975 mui-

108 996 207 1057 titudo
222 995 313 1056 iaciat
326 993 439 1057 videre
478 993 556 1069 uuio
568 1010 628 1069 ego
642 1008 723 1054 nunc
740 994 837 1054 dicam
860 994 973 1068 ombus
987 995 1064 1056 viris
1080 1003 1131 1057 aut

110 1077 162 1139 eui
175 1076 280 1154 generi
293 1076 403 1138 civium
419 1077 549 1138 mamme
564 1078 789 1154 opptaudnturt
817 1076 974 1137 Neminem
994 1078 1131 1143 vesunrn

18 1234 24 1243 ι
79 1192 82 1197 ·
109 1160 194 1221 truie.
219 1158 338 1222 Sitboo
352 1176 427 1221 sane
440 1162 523 1233 leve,
539 1160 624 1245 quod
638 1176 700 1221 noa
713 1159 756 1221 ita
770 1168 832 1234 est,
852 1159 996 1234 quoniam
1012 1160 1130 1257 optimo

46 1296 50 1306 .
111 1242 420 1319 emmerammum,
433 1243 505 1314 red,
519 1242 547 1303 ai
560 1232 610 1303 'ast
623 1243 704 1315 teve,
719 1241 834 1302 bomini
847 1242 933 1316 gravi
947 1244 1015 1303 love
1024 1252 1086 1315 est
1101 1244 1131 1304 ei

110 1342 202 1399 vero,
230 1342 283 1400 qur
273 1325 518 1401 pendetrebus
531 1324 710 1397 levissimis,
723 1326 785 1403 qui
806 1340 927 1386 rumore
946 1334 992 1397 et,
1015 1333 1051 1387 nt
1062 1324 1131 1401 ipsi

111 1406 292 1485 loquuntur,
307 1408 413 1468 favore
424 1407 532 1484 popuii
544 1415 663 1468 muctar
672 1416 703 1467 ct
713 1398 844 1481 ducitur,
856 1407 1017 1482 plausum
1008 1424 1131 1469 immor-

24 1508 39 1523 ·
111 1489 412 1564 utinamutinam
434 1498 567 1551 mortem·
581 1489 679 1549 videri
698 1492 828 1551 necesse
848 1498 910 1551 est
933 1487 1009 1551 tle.
1030 1490 1082 1548 Ex
1100 1498 1130 1551 te

111 1572 216 1653 igitur,
238 1572 367 1646 Scaure,
388 1573 580 1650 podasimum
603 1584 733 1647 quaero,
755 1572 808 1647 qui
829 1573 1132 1647 ludotapuarstissi·

96 1672 179 1735 =mos
192 1656 570 1734 magnificentissimosque
584 1654 705 1729 iecisti,
730 1656 835 1730 ecquis
855 1655 980 1721 istorum
998 1657 1132 1729 popula-

109 1740 189 1801 rium
203 1748 275 1803 tuos
287 1737 379 1802 ludos
394 1739 565 1816 aspexerit,
578 1736 705 1813 ecquis
701 1753 736 1798 se
749 1724 865 1799 theatro
881 1738 1057 1813 populoque
1065 1737 1131 1798 Ro

41 1892 48 1899 ,
112 1838 203 1885 mano
219 1822 413 1885 commiserit.
443 1823 515 1899 lpse
528 1821 579 1882 ilie
594 1820 726 1882 maxime
739 1820 856 1899 ludius,
868 1836 930 1880 nou
944 1820 1044 1881 sotum
1059 1836 1130 1896 spe·

19 1934 22 1939 ·
111 1913 222 1983 stator,
248 1907 305 1968 sed
318 1912 413 1967 -actor
433 1913 464 1967 et
481 1920 643 1980 acroama,¹
664 1904 717 1979 qui
740 1904 842 1965 omnia
865 1902 981 1963 sororis
995 1903 1131 1983 embolia

110 1990 464 2064 contaminandum
476 1987 632 2067 muitarum
656 2003 711 2062 pro
732 1985 857 2061 psaltria
876 1984 1051 2059 adducitur,
1073 2001 1130 2046 nce
1165 1986 1168 1995 '

111 2082 183 2135 tuos
206 2073 296 2132 ludos
317 2071 438 2146 aspexit
455 2070 486 2130 in
508 2069 559 2130 illo
588 2069 705 2128 ardenti
725 2070 875 2130 tribunatu
897 2085 955 2128 suo
969 2084 1031 2128 nee
1051 2070 1129 2129 ullos

112 2155 190 2213 aiios
203 2154 261 2214 nisi
275 2169 338 2227 eos,
353 2169 372 2212 a
387 2153 498 2229 quibus
509 2152 561 2212 vix
573 2152 661 2212 vivus
676 2152 790 2227 effugit.
814 2151 929 2224 Semel,
945 2151 1079 2226 inquam,
1095 2167 1128 2211 se

5 2227 8 2236 ’
39 2246 44 2253 ·
113 2236 195 2295 ludis
208 2236 300 2296 homo
315 2236 472 2311 popularis
483 2234 780 2307 commisitomnim,
798 2251 890 2309 quum
902 2235 1058 2309 intemplo
1070 2235 1129 2294 ιιι

111 2317 197 2378 noris
208 2319 337 2380 Virtutis
348 2320 447 2380 honos
458 2319 578 2379 habitus
590 2327 674 2378 esset
684 2317 793 2391 virtuti,
806 2317 935 2392 Gaiique
944 2317 1043 2391 Marii,
1059 2333 1130 2376 con·

113 2401 281 2462 servatoris
295 2401 385 2464 huius
402 2401 537 2477 imperii,
556 2409 781 2461 monumentum
794 2400 939 2474 municipi
954 2399 1021 2460 eius
1037 2409 1069 2460 et
1088 2398 1131 2458 rei

113 2484 255 2560 publicae
269 2485 421 2545 defensori
438 2485 543 2544 sedem
557 2484 596 2543 ad
612 2485 739 2544 salutem
754 2483 955 2565 praebuisset.

194 2568 257 2628 LV.
274 2565 348 2628 1117.
371 2568 436 2641 Quo
451 2565 574 2641 quidem
587 2573 722 2641 ternpore
737 2566 810 2641 quid
829 2567 962 2641 populus
976 2566 1133 2626 Romanus

114 2648 226 2712 sentire
243 2667 277 2711 se
293 2651 468 2711 ostenderet
482 2642 610 2723 utroque
627 2649 658 2708 in
672 2665 784 2724 genere
797 2650 979 2708 deciaratum
994 2656 1057 2708 est:
1073 2647 1133 2723 pri·

112 2750 177 2806 mo,
197 2750 290 2810 quum
304 2733 407 2794 audito
422 2739 545 2792 senatus
561 2735 700 2793 consulto
715 2732 759 2792 rei
770 2730 832 2806 ipsi
845 2742 936 2806 atque
951 2729 1072 2790 absenti
1086 2746 1133 2790 se

113 2817 196 2878 natui
210 2812 337 2892 clausus
356 2822 403 2875 est
419 2815 458 2873 ab
472 2815 623 2876 universis
639 2816 743 2876 datus:
758 2815 885 2887 deinde,
904 2829 997 2888 quum
1013 2821 1134 2873 senatu-

112 2900 197 2961 ribus
212 2897 340 2974 singnlis
356 2907 524 2973 spectatum
538 2914 556 2958 e
570 2908 679 2959 senatu
698 2897 907 2960 redeuntibus.
944 2896 1043 2969 Quum
1059 2910 1136 2955 vero

113 2982 195 3056 ipse,
214 2983 265 3057 qui
280 2982 369 3041 indos
386 2981 528 3055 iaciebat,
544 2982 651 3042 consul
665 2982 799 3054 adsedit,
822 2987 937 3040 stantes
949 2985 980 3039 et
994 2976 1136 3057 manibus

110 3063 217 3136 nassis
231 3064 343 3139 gratias
363 3071 488 3139 agentes
507 3072 537 3125 et
557 3063 747 3125 lacrimantes
762 3063 874 3138 gaudio
895 3079 982 3121 suam
997 3077 1073 3136 erga
1089 3076 1137 3121 me

114 3145 356 3208 benevolentiam
377 3163 413 3207 ac
428 3146 666 3208 misericordiam
680 3148 879 3207 declararunt.
912 3144 1065 3219 ntorum
1088 3143 1138 3202 ilie

116 3227 296 3289 furibundus
309 3229 432 3290 incitata
451 3229 502 3289 illa
518 3245 574 3289 sna
592 3230 717 3289 vecordi
737 3236 836 3288 mente
853 3227 1005 3298 venisset,
1034 3227 1090 3285 vix
1103 3241 1138 3286 se

115 3312 249 3386 populus
263 3312 417 3372 Romanus
438 3311 547 3385 tenuit,
568 3311 621 3370 vix
640 3311 778 3371 homines
802 3310 904 3370 odium
926 3326 1014 3371 suum
1036 3325 1137 3370 acor·

108 3394 269 3469 perseius
292 3394 410 3469 impuro
427 3403 523 3489 atquc
543 3394 668 3458 infando
688 3402 910 3471 represserunt.
942 3394 1048 3453 Voces
1072 3391 1139 3468 qui·
