<?xml version="1.0" encoding="UTF-8"?>
<!DOCTYPE html PUBLIC "-//W3C//DTD XHTML 1.0 Transitional//EN"
    "http://www.w3.org/TR/xhtml1/DTD/xhtml1-transitional.dtd">
<html xmlns="http://www.w3.org/1999/xhtml" xml:lang="en" lang="en">
 <head>
  <title>
</title>
<meta http-equiv="Content-Type" content="text/html;charset=utf-8" />
  <meta name='ocr-system' content='tesseract 3.04.00' />
  <meta name='ocr-capabilities' content='ocr_page ocr_carea ocr_par ocr_line ocrx_word'/>
</head>
<body>
  <div class='ocr_page' id='page_1' title='image "./orationesselect01cicegoog/orationesselect01cicegoog_0398.png"; bbox 0 0 2340 3788; ppageno 0'>
   <div class='ocr_carea' id='block_1_1' title="bbox 377 166 1107 247">
    <p class='ocr_par' dir='ltr' id='par_1_1' title="bbox 377 166 1107 247">
     <span class='ocr_line' id='line_1_1' title="bbox 377 166 1107 247; baseline 0.008 -8"><span class='ocrx_word' id='word_1_1' title='bbox 377 178 458 241; x_wconf 73' lang='lat' dir='ltr'>cnr.</span> <span class='ocrx_word' id='word_1_2' title='bbox 472 184 608 244; x_wconf 79' lang='lat' dir='ltr'>m-st.</span> <span class='ocrx_word' id='word_1_3' title='bbox 627 184 655 247; x_wconf 80' lang='lat' dir='ltr'>s.</span> <span class='ocrx_word' id='word_1_4' title='bbox 667 166 801 245; x_wconf 63' lang='grc' dir='ltr'><strong>σε’-π.</strong></span> <span class='ocrx_word' id='word_1_5' title='bbox 1041 178 1107 245; x_wconf 77' lang='lat' dir='ltr'>tillo</span> 
     </span>
    </p>
   </div>
   <div class='ocr_carea' id='block_1_2' title="bbox 67 325 1109 2957">
    <p class='ocr_par' dir='ltr' id='par_1_2' title="bbox 67 325 1109 2957">
     <span class='ocr_line' id='line_1_2' title="bbox 68 325 1106 407; baseline 0.005 -17"><span class='ocrx_word' id='word_1_6' title='bbox 68 327 218 404; x_wconf 77' lang='lat' dir='ltr'>dignitate</span> <span class='ocrx_word' id='word_1_7' title='bbox 229 328 354 402; x_wconf 75' lang='lat' dir='ltr'>fugisse,</span> <span class='ocrx_word' id='word_1_8' title='bbox 370 343 439 389; x_wconf 89' lang='lat' dir='ltr'>cum</span> <span class='ocrx_word' id='word_1_9' title='bbox 451 327 502 388; x_wconf 92' lang='lat' dir='ltr'>illa</span> <span class='ocrx_word' id='word_1_10' title='bbox 518 328 589 404; x_wconf 87' lang='lat' dir='ltr'>ipsa</span> <span class='ocrx_word' id='word_1_11' title='bbox 597 325 768 390; x_wconf 81' lang='lat' dir='ltr'>taeterrima</span> <span class='ocrx_word' id='word_1_12' title='bbox 778 336 868 402; x_wconf 88' lang='lat' dir='ltr'>peste</span> <span class='ocrx_word' id='word_1_13' title='bbox 877 345 912 391; x_wconf 87' lang='lat' dir='ltr'>se</span> <span class='ocrx_word' id='word_1_14' title='bbox 923 330 1106 407; x_wconf 77' lang='lat' dir='ltr'>saepissime</span> 
     </span>
     <span class='ocr_line' id='line_1_3' title="bbox 70 410 1109 488; baseline 0.006 -18"><span class='ocrx_word' id='word_1_15' title='bbox 70 428 130 488; x_wconf 91' lang='lat' dir='ltr'>pro</span> <span class='ocrx_word' id='word_1_16' title='bbox 158 418 210 470; x_wconf 87' lang='lat' dir='ltr'>tua</span> <span class='ocrx_word' id='word_1_17' title='bbox 235 410 332 484; x_wconf 78' lang='lat' dir='ltr'>gloria</span> <span class='ocrx_word' id='word_1_18' title='bbox 359 410 574 471; x_wconf 74' lang='lat' dir='ltr'>contendissez</span> <span class='ocrx_word' id='word_1_19' title='bbox 602 410 786 478; x_wconf 86' lang='lat' dir='ltr'>tribunatum</span> <span class='ocrx_word' id='word_1_20' title='bbox 809 427 898 471; x_wconf 87' lang='lat' dir='ltr'>suum</span> <span class='ocrx_word' id='word_1_21' title='bbox 917 413 958 473; x_wconf 90' lang='lat' dir='ltr'>ad</span> <span class='ocrx_word' id='word_1_22' title='bbox 977 414 1109 476; x_wconf 85' lang='lat' dir='ltr'>salutem</span> 
     </span>
     <span class='ocr_line' id='line_1_4' title="bbox 69 490 1103 566; baseline -0.001 -13"><span class='ocrx_word' id='word_1_23' title='bbox 69 508 181 566; x_wconf 91' lang='lat' dir='ltr'>meam,</span> <span class='ocrx_word' id='word_1_24' title='bbox 197 508 277 566; x_wconf 88' lang='lat' dir='ltr'>quae</span> <span class='ocrx_word' id='word_1_25' title='bbox 290 491 344 553; x_wconf 91' lang='lat' dir='ltr'>tibi</span> <span class='ocrx_word' id='word_1_26' title='bbox 359 491 517 553; x_wconf 87' lang='lat' dir='ltr'>carissimu</span> <span class='ocrx_word' id='word_1_27' title='bbox 533 492 650 566; x_wconf 84' lang='lat' dir='ltr'>fuisset,</span> <span class='ocrx_word' id='word_1_28' title='bbox 666 490 803 553; x_wconf 88' lang='lat' dir='ltr'>consiliis</span> <span class='ocrx_word' id='word_1_29' title='bbox 814 491 876 553; x_wconf 91' lang='lat' dir='ltr'>tuis</span> <span class='ocrx_word' id='word_1_30' title='bbox 889 493 1103 566; x_wconf 72' lang='lat' dir='ltr'>gubernatum</span> 
     </span>
     <span class='ocr_line' id='line_1_5' title="bbox 71 573 1103 654; baseline 0.006 -19"><span class='ocrx_word' id='word_1_31' title='bbox 71 591 109 636; x_wconf 93' lang='lat' dir='ltr'>se</span> <span class='ocrx_word' id='word_1_32' title='bbox 123 592 143 634; x_wconf 88' lang='lat' dir='ltr'>a</span> <span class='ocrx_word' id='word_1_33' title='bbox 156 583 186 635; x_wconf 86' lang='lat' dir='ltr'>te</span> <span class='ocrx_word' id='word_1_34' title='bbox 203 582 312 649; x_wconf 89' lang='lat' dir='ltr'>postea</span> <span class='ocrx_word' id='word_1_35' title='bbox 326 575 486 636; x_wconf 78' lang='lat' dir='ltr'>defensum</span> <span class='ocrx_word' id='word_1_36' title='bbox 502 575 533 635; x_wconf 92' lang='lat' dir='ltr'>in</span> <span class='ocrx_word' id='word_1_37' title='bbox 551 575 688 650; x_wconf 89' lang='lat' dir='ltr'>periculo</span> <span class='ocrx_word' id='word_1_38' title='bbox 710 573 834 648; x_wconf 87' lang='lat' dir='ltr'>capitis,</span> <span class='ocrx_word' id='word_1_39' title='bbox 855 573 990 637; x_wconf 89' lang='lat' dir='ltr'>adiutum</span> <span class='ocrx_word' id='word_1_40' title='bbox 1003 578 1034 639; x_wconf 92' lang='lat' dir='ltr'>in</span> <span class='ocrx_word' id='word_1_41' title='bbox 1050 596 1103 654; x_wconf 82' lang='lat' dir='ltr'>pe</span> 
     </span>
     <span class='ocr_line' id='line_1_6' title="bbox 69 656 1104 734; baseline 0.004 -15"><span class='ocrx_word' id='word_1_42' title='bbox 69 657 178 719; x_wconf 88' lang='lat' dir='ltr'>titione</span> <span class='ocrx_word' id='word_1_43' title='bbox 193 666 369 731; x_wconf 74' lang='lat' dir='ltr'>praeduce:</span> <span class='ocrx_word' id='word_1_44' title='bbox 390 659 470 718; x_wconf 90' lang='lat' dir='ltr'>duos</span> <span class='ocrx_word' id='word_1_45' title='bbox 490 673 526 718; x_wconf 91' lang='lat' dir='ltr'>se</span> <span class='ocrx_word' id='word_1_46' title='bbox 547 658 661 718; x_wconf 86' lang='lat' dir='ltr'>habere</span> <span class='ocrx_word' id='word_1_47' title='bbox 681 671 804 731; x_wconf 78' lang='lat' dir='ltr'>semper</span> <span class='ocrx_word' id='word_1_48' title='bbox 819 656 1022 719; x_wconf 87' lang='lat' dir='ltr'>amicissimos</span> <span class='ocrx_word' id='word_1_49' title='bbox 1034 676 1104 734; x_wconf 89' lang='lat' dir='ltr'>spe·</span> 
     </span>
     <span class='ocr_line' id='line_1_7' title="bbox 69 737 1105 815; baseline 0.003 -15"><span class='ocrx_word' id='word_1_50' title='bbox 69 756 176 813; x_wconf 90' lang='lat' dir='ltr'>rasse,</span> <span class='ocrx_word' id='word_1_51' title='bbox 195 749 226 813; x_wconf 83' lang='lat' dir='ltr'>te</span> <span class='ocrx_word' id='word_1_52' title='bbox 248 747 299 800; x_wconf 91' lang='lat' dir='ltr'>tuo</span> <span class='ocrx_word' id='word_1_53' title='bbox 320 740 487 814; x_wconf 87' lang='lat' dir='ltr'>beneficio,</span> <span class='ocrx_word' id='word_1_54' title='bbox 507 756 556 800; x_wconf 88' lang='lat' dir='ltr'>me</span> <span class='ocrx_word' id='word_1_55' title='bbox 575 755 643 801; x_wconf 88' lang='lat' dir='ltr'>suo.</span> <span class='ocrx_word' id='word_1_56' title='bbox 687 740 771 813; x_wconf 82' lang='lat' dir='ltr'>Quae</span> <span class='ocrx_word' id='word_1_57' title='bbox 785 737 814 799; x_wconf 91' lang='lat' dir='ltr'>si</span> <span class='ocrx_word' id='word_1_58' title='bbox 827 755 889 800; x_wconf 90' lang='lat' dir='ltr'>non</span> <span class='ocrx_word' id='word_1_59' title='bbox 904 740 1062 815; x_wconf 87' lang='lat' dir='ltr'>probaret,</span> <span class='ocrx_word' id='word_1_60' title='bbox 1077 742 1105 803; x_wconf 90' lang='lat' dir='ltr'>si</span> 
     </span>
     <span class='ocr_line' id='line_1_8' title="bbox 69 821 1104 897; baseline 0.003 -13"><span class='ocrx_word' id='word_1_61' title='bbox 69 823 124 884; x_wconf 91' lang='lat' dir='ltr'>tibi</span> <span class='ocrx_word' id='word_1_62' title='bbox 140 822 186 882; x_wconf 85' lang='lat' dir='ltr'>ita</span> <span class='ocrx_word' id='word_1_63' title='bbox 195 822 316 896; x_wconf 88' lang='lat' dir='ltr'>penitus</span> <span class='ocrx_word' id='word_1_64' title='bbox 330 822 516 883; x_wconf 82' lang='lat' dir='ltr'>inhaesisset</span> <span class='ocrx_word' id='word_1_65' title='bbox 526 821 586 883; x_wconf 91' lang='lat' dir='ltr'>ista</span> <span class='ocrx_word' id='word_1_66' title='bbox 598 821 744 897; x_wconf 89' lang='lat' dir='ltr'>suspicio,</span> <span class='ocrx_word' id='word_1_67' title='bbox 766 822 850 883; x_wconf 89' lang='lat' dir='ltr'>nullo</span> <span class='ocrx_word' id='word_1_68' title='bbox 865 830 898 883; x_wconf 94' lang='lat' dir='ltr'>ut</span> <span class='ocrx_word' id='word_1_69' title='bbox 912 823 1000 882; x_wconf 87' lang='lat' dir='ltr'>evelli</span> <span class='ocrx_word' id='word_1_70' title='bbox 1012 824 1104 887; x_wconf 90' lang='lat' dir='ltr'>modo</span> 
     </span>
     <span class='ocr_line' id='line_1_9' title="bbox 69 903 1104 981; baseline 0.001 -15"><span class='ocrx_word' id='word_1_71' title='bbox 69 913 189 981; x_wconf 86' lang='lat' dir='ltr'>posset,</span> <span class='ocrx_word' id='word_1_72' title='bbox 209 905 235 964; x_wconf 90' lang='lat' dir='ltr'>si</span> <span class='ocrx_word' id='word_1_73' title='bbox 250 905 384 981; x_wconf 85' lang='lat' dir='ltr'>denique</span> <span class='ocrx_word' id='word_1_74' title='bbox 398 903 483 965; x_wconf 90' lang='lat' dir='ltr'>Italia</span> <span class='ocrx_word' id='word_1_75' title='bbox 498 906 650 977; x_wconf 90' lang='lat' dir='ltr'>adilcctu,</span> <span class='ocrx_word' id='word_1_76' title='bbox 663 906 738 965; x_wconf 88' lang='lat' dir='ltr'>urbs</span> <span class='ocrx_word' id='word_1_77' title='bbox 750 906 788 964; x_wconf 90' lang='lat' dir='ltr'>ab</span> <span class='ocrx_word' id='word_1_78' title='bbox 802 903 895 967; x_wconf 85' lang='lat' dir='ltr'>ermis</span> <span class='ocrx_word' id='word_1_79' title='bbox 906 903 973 965; x_wconf 89' lang='lat' dir='ltr'>siue</span> <span class='ocrx_word' id='word_1_80' title='bbox 982 903 1104 967; x_wconf 82' lang='lat' dir='ltr'>Milonis</span> 
     </span>
     <span class='ocr_line' id='line_1_10' title="bbox 70 986 1103 1062; baseline 0.002 -15"><span class='ocrx_word' id='word_1_81' title='bbox 70 987 159 1047; x_wconf 91' lang='lat' dir='ltr'>clade</span> <span class='ocrx_word' id='word_1_82' title='bbox 173 1002 337 1060; x_wconf 82' lang='lat' dir='ltr'><strong>numquam</strong></span> <span class='ocrx_word' id='word_1_83' title='bbox 347 995 433 1047; x_wconf 87' lang='lat' dir='ltr'>esset</span> <span class='ocrx_word' id='word_1_84' title='bbox 446 987 655 1062; x_wconf 88' lang='lat' dir='ltr'>conquietura,</span> <span class='ocrx_word' id='word_1_85' title='bbox 669 1003 709 1047; x_wconf 89' lang='lat' dir='ltr'>ne</span> <span class='ocrx_word' id='word_1_86' title='bbox 723 986 773 1047; x_wconf 92' lang='lat' dir='ltr'>ille</span> <span class='ocrx_word' id='word_1_87' title='bbox 783 987 865 1047; x_wconf 84' lang='lat' dir='ltr'>haud</span> <span class='ocrx_word' id='word_1_88' title='bbox 879 986 1021 1047; x_wconf 89' lang='lat' dir='ltr'>dubitans</span> <span class='ocrx_word' id='word_1_89' title='bbox 1037 1002 1103 1049; x_wconf 71' lang='lat' dir='ltr'>ces</span> 
     </span>
     <span class='ocr_line' id='line_1_11' title="bbox 70 1067 1103 1144; baseline 0 -15"><span class='ocrx_word' id='word_1_90' title='bbox 70 1070 166 1130; x_wconf 82' lang='lat' dir='ltr'>sisset</span> <span class='ocrx_word' id='word_1_91' title='bbox 179 1068 292 1143; x_wconf 87' lang='lat' dir='ltr'>patria,</span> <span class='ocrx_word' id='word_1_92' title='bbox 312 1069 340 1129; x_wconf 91' lang='lat' dir='ltr'>is</span> <span class='ocrx_word' id='word_1_93' title='bbox 353 1068 405 1144; x_wconf 91' lang='lat' dir='ltr'>qui</span> <span class='ocrx_word' id='word_1_94' title='bbox 421 1067 463 1129; x_wconf 89' lang='lat' dir='ltr'>ita</span> <span class='ocrx_word' id='word_1_95' title='bbox 477 1078 565 1130; x_wconf 90' lang='lat' dir='ltr'>natus</span> <span class='ocrx_word' id='word_1_96' title='bbox 583 1077 675 1130; x_wconf 89' lang='lat' dir='ltr'>estet</span> <span class='ocrx_word' id='word_1_97' title='bbox 691 1069 733 1131; x_wconf 90' lang='lat' dir='ltr'>ita</span> <span class='ocrx_word' id='word_1_98' title='bbox 747 1068 916 1140; x_wconf 89' lang='lat' dir='ltr'>consuevit,</span> <span class='ocrx_word' id='word_1_99' title='bbox 931 1077 971 1142; x_wconf 88' lang='lat' dir='ltr'>te,</span> <span class='ocrx_word' id='word_1_100' title='bbox 983 1069 1103 1143; x_wconf 72' lang='lat' dir='ltr'>Magus,</span> 
     </span>
     <span class='ocr_line' id='line_1_12' title="bbox 69 1150 1103 1226; baseline 0 -14"><span class='ocrx_word' id='word_1_101' title='bbox 69 1160 173 1212; x_wconf 89' lang='lat' dir='ltr'>tamen</span> <span class='ocrx_word' id='word_1_102' title='bbox 188 1158 405 1223; x_wconf 75' lang='lat' dir='ltr'>antestaretur,</span> <span class='ocrx_word' id='word_1_103' title='bbox 418 1153 502 1226; x_wconf 87' lang='lat' dir='ltr'>quod</span> <span class='ocrx_word' id='word_1_104' title='bbox 515 1168 596 1213; x_wconf 93' lang='lat' dir='ltr'>nunc</span> <span class='ocrx_word' id='word_1_105' title='bbox 611 1151 701 1212; x_wconf 81' lang='lat' dir='ltr'>edam</span> <span class='ocrx_word' id='word_1_106' title='bbox 716 1152 796 1211; x_wconf 87' lang='lat' dir='ltr'>iacit.</span> <span class='ocrx_word' id='word_1_107' title='bbox 837 1151 944 1213; x_wconf 78' lang='lat' dir='ltr'>XXVI.</span> <span class='ocrx_word' id='word_1_108' title='bbox 955 1150 1007 1213; x_wconf 77' lang='lat' dir='ltr'>tte.</span> <span class='ocrx_word' id='word_1_109' title='bbox 1024 1150 1103 1212; x_wconf 90' lang='lat' dir='ltr'>Vide</span> 
     </span>
     <span class='ocr_line' id='line_1_13' title="bbox 71 1232 1103 1309; baseline 0.002 -16"><span class='ocrx_word' id='word_1_110' title='bbox 71 1251 165 1308; x_wconf 89' lang='lat' dir='ltr'>quam</span> <span class='ocrx_word' id='word_1_111' title='bbox 179 1232 219 1293; x_wconf 91' lang='lat' dir='ltr'>sit</span> <span class='ocrx_word' id='word_1_112' title='bbox 232 1233 318 1294; x_wconf 87' lang='lat' dir='ltr'>varis</span> <span class='ocrx_word' id='word_1_113' title='bbox 335 1233 417 1295; x_wconf 90' lang='lat' dir='ltr'>vitae</span> <span class='ocrx_word' id='word_1_114' title='bbox 432 1233 716 1308; x_wconf 83' lang='lat' dir='ltr'>commutabilisque</span> <span class='ocrx_word' id='word_1_115' title='bbox 732 1233 825 1307; x_wconf 89' lang='lat' dir='ltr'>ratio,</span> <span class='ocrx_word' id='word_1_116' title='bbox 847 1250 938 1309; x_wconf 87' lang='lat' dir='ltr'>quam</span> <span class='ocrx_word' id='word_1_117' title='bbox 956 1250 1034 1309; x_wconf 81' lang='lat' dir='ltr'>vaga</span> <span class='ocrx_word' id='word_1_118' title='bbox 1049 1248 1103 1295; x_wconf 76' lang='lat' dir='ltr'>vo</span> 
     </span>
     <span class='ocr_line' id='line_1_14' title="bbox 69 1315 1104 1392; baseline 0.002 -17"><span class='ocrx_word' id='word_1_119' title='bbox 69 1315 234 1391; x_wconf 86' lang='lat' dir='ltr'>lubilisqua</span> <span class='ocrx_word' id='word_1_120' title='bbox 249 1316 378 1391; x_wconf 78' lang='lat' dir='ltr'>ionum,</span> <span class='ocrx_word' id='word_1_121' title='bbox 392 1325 524 1392; x_wconf 85' lang='lat' dir='ltr'>quantae</span> <span class='ocrx_word' id='word_1_122' title='bbox 538 1315 731 1378; x_wconf 79' lang='lat' dir='ltr'>infidelitates</span> <span class='ocrx_word' id='word_1_123' title='bbox 745 1315 775 1376; x_wconf 92' lang='lat' dir='ltr'>in</span> <span class='ocrx_word' id='word_1_124' title='bbox 792 1315 940 1391; x_wconf 80' lang='lat' dir='ltr'>amicitiis,</span> <span class='ocrx_word' id='word_1_125' title='bbox 956 1334 1047 1392; x_wconf 85' lang='lat' dir='ltr'>quam</span> <span class='ocrx_word' id='word_1_126' title='bbox 1062 1316 1104 1377; x_wconf 87' lang='lat' dir='ltr'>ad</span> 
     </span>
     <span class='ocr_line' id='line_1_15' title="bbox 68 1398 1102 1475; baseline 0.001 -15"><span class='ocrx_word' id='word_1_127' title='bbox 68 1407 191 1473; x_wconf 87' lang='lat' dir='ltr'>tempus</span> <span class='ocrx_word' id='word_1_128' title='bbox 205 1406 296 1473; x_wconf 88' lang='lat' dir='ltr'>aptae</span> <span class='ocrx_word' id='word_1_129' title='bbox 313 1398 539 1474; x_wconf 84' lang='lat' dir='ltr'>simulationes,</span> <span class='ocrx_word' id='word_1_130' title='bbox 559 1407 691 1475; x_wconf 87' lang='lat' dir='ltr'>quantae</span> <span class='ocrx_word' id='word_1_131' title='bbox 714 1399 755 1459; x_wconf 60' lang='lat' dir='ltr'>iux</span> <span class='ocrx_word' id='word_1_132' title='bbox 765 1399 908 1473; x_wconf 88' lang='lat' dir='ltr'>periculis</span> <span class='ocrx_word' id='word_1_133' title='bbox 927 1401 1017 1474; x_wconf 79' lang='lat' dir='ltr'>fugae</span> <span class='ocrx_word' id='word_1_134' title='bbox 1033 1414 1102 1473; x_wconf 90' lang='lat' dir='ltr'>pro·</span> 
     </span>
     <span class='ocr_line' id='line_1_16' title="bbox 68 1478 1101 1558; baseline 0.001 -16"><span class='ocrx_word' id='word_1_135' title='bbox 68 1481 230 1554; x_wconf 86' lang='lat' dir='ltr'>ximorum,</span> <span class='ocrx_word' id='word_1_136' title='bbox 246 1478 377 1557; x_wconf 85' lang='lat' dir='ltr'>quantae</span> <span class='ocrx_word' id='word_1_137' title='bbox 389 1481 573 1551; x_wconf 84' lang='lat' dir='ltr'>timiditates.</span> <span class='ocrx_word' id='word_1_138' title='bbox 615 1481 696 1557; x_wconf 66' lang='lat' dir='ltr'>Eri,</span> <span class='ocrx_word' id='word_1_139' title='bbox 716 1480 773 1543; x_wconf 84' lang='lat' dir='ltr'>erit</span> <span class='ocrx_word' id='word_1_140' title='bbox 785 1479 858 1543; x_wconf 79' lang='lat' dir='ltr'>illud</span> <span class='ocrx_word' id='word_1_141' title='bbox 873 1483 1012 1558; x_wconf 86' lang='lat' dir='ltr'>prolecto</span> <span class='ocrx_word' id='word_1_142' title='bbox 1026 1491 1101 1543; x_wconf 89' lang='lat' dir='ltr'>tem-</span> 
     </span>
     <span class='ocr_line' id='line_1_17' title="bbox 68 1563 1100 1643; baseline 0.002 -19"><span class='ocrx_word' id='word_1_143' title='bbox 68 1582 129 1639; x_wconf 89' lang='lat' dir='ltr'>pus</span> <span class='ocrx_word' id='word_1_144' title='bbox 144 1572 175 1625; x_wconf 89' lang='lat' dir='ltr'>et</span> <span class='ocrx_word' id='word_1_145' title='bbox 188 1563 348 1626; x_wconf 81' lang='lat' dir='ltr'>illucescet</span> <span class='ocrx_word' id='word_1_146' title='bbox 361 1565 412 1624; x_wconf 91' lang='lat' dir='ltr'>ille</span> <span class='ocrx_word' id='word_1_147' title='bbox 426 1564 593 1643; x_wconf 85' lang='lat' dir='ltr'>aliquando</span> <span class='ocrx_word' id='word_1_148' title='bbox 608 1564 684 1637; x_wconf 89' lang='lat' dir='ltr'>dies,</span> <span class='ocrx_word' id='word_1_149' title='bbox 702 1582 795 1639; x_wconf 89' lang='lat' dir='ltr'>quum</span> <span class='ocrx_word' id='word_1_150' title='bbox 810 1573 844 1625; x_wconf 93' lang='lat' dir='ltr'>tu</span> <span class='ocrx_word' id='word_1_151' title='bbox 859 1564 1051 1638; x_wconf 89' lang='lat' dir='ltr'>salutaribus,</span> <span class='ocrx_word' id='word_1_152' title='bbox 1065 1573 1100 1628; x_wconf 91' lang='lat' dir='ltr'>ut</span> 
     </span>
     <span class='ocr_line' id='line_1_18' title="bbox 69 1642 1100 1721; baseline 0.002 -16"><span class='ocrx_word' id='word_1_153' title='bbox 69 1663 173 1720; x_wconf 92' lang='lat' dir='ltr'>spero,</span> <span class='ocrx_word' id='word_1_154' title='bbox 188 1649 282 1707; x_wconf 91' lang='lat' dir='ltr'>rebus</span> <span class='ocrx_word' id='word_1_155' title='bbox 296 1642 366 1720; x_wconf 72' lang='lat' dir='ltr'>tui‘s,</span> <span class='ocrx_word' id='word_1_156' title='bbox 381 1647 438 1708; x_wconf 91' lang='lat' dir='ltr'>sed</span> <span class='ocrx_word' id='word_1_157' title='bbox 452 1648 584 1708; x_wconf 77' lang='lat' dir='ltr'>sortasse</span> <span class='ocrx_word' id='word_1_158' title='bbox 595 1653 679 1708; x_wconf 80' lang='lat' dir='ltr'>mom</span> <span class='ocrx_word' id='word_1_159' title='bbox 692 1647 795 1721; x_wconf 90' lang='lat' dir='ltr'>aliquo</span> <span class='ocrx_word' id='word_1_160' title='bbox 808 1647 1010 1709; x_wconf 90' lang='lat' dir='ltr'>communium</span> <span class='ocrx_word' id='word_1_161' title='bbox 1026 1655 1100 1707; x_wconf 86' lang='lat' dir='ltr'>lem·</span> 
     </span>
     <span class='ocr_line' id='line_1_19' title="bbox 67 1727 1099 1804; baseline 0 -16"><span class='ocrx_word' id='word_1_162' title='bbox 67 1745 194 1804; x_wconf 88' lang='lat' dir='ltr'>porum,</span> <span class='ocrx_word' id='word_1_163' title='bbox 214 1729 267 1802; x_wconf 88' lang='lat' dir='ltr'>qui</span> <span class='ocrx_word' id='word_1_164' title='bbox 290 1746 382 1803; x_wconf 87' lang='lat' dir='ltr'>quarn</span> <span class='ocrx_word' id='word_1_165' title='bbox 401 1730 509 1789; x_wconf 90' lang='lat' dir='ltr'>crebro</span> <span class='ocrx_word' id='word_1_166' title='bbox 533 1727 652 1788; x_wconf 92' lang='lat' dir='ltr'>accidat</span> <span class='ocrx_word' id='word_1_167' title='bbox 665 1729 782 1802; x_wconf 87' lang='lat' dir='ltr'>experti</span> <span class='ocrx_word' id='word_1_168' title='bbox 796 1728 876 1789; x_wconf 91' lang='lat' dir='ltr'>scire</span> <span class='ocrx_word' id='word_1_169' title='bbox 889 1730 1052 1800; x_wconf 87' lang='lat' dir='ltr'>debemus,</span> <span class='ocrx_word' id='word_1_170' title='bbox 1069 1738 1099 1789; x_wconf 88' lang='lat' dir='ltr'>et</span> 
     </span>
     <span class='ocr_line' id='line_1_20' title="bbox 68 1808 1101 1882; baseline -0.003 -10"><span class='ocrx_word' id='word_1_171' title='bbox 68 1808 247 1872; x_wconf 88' lang='lat' dir='ltr'>amicissimi</span> <span class='ocrx_word' id='word_1_172' title='bbox 264 1810 506 1871; x_wconf 87' lang='lat' dir='ltr'>benevolentiam</span> <span class='ocrx_word' id='word_1_173' title='bbox 521 1808 729 1882; x_wconf 77' lang='lat' dir='ltr'>etgravissimi</span> <span class='ocrx_word' id='word_1_174' title='bbox 739 1809 968 1870; x_wconf 85' lang='lat' dir='ltr'>hominislidem</span> <span class='ocrx_word' id='word_1_175' title='bbox 975 1811 1101 1869; x_wconf 87' lang='lat' dir='ltr'>etunius</span> 
     </span>
     <span class='ocr_line' id='line_1_21' title="bbox 68 1889 1100 1970; baseline -0.001 -18"><span class='ocrx_word' id='word_1_176' title='bbox 68 1900 143 1970; x_wconf 90' lang='lat' dir='ltr'>post</span> <span class='ocrx_word' id='word_1_177' title='bbox 158 1891 298 1951; x_wconf 88' lang='lat' dir='ltr'>homines</span> <span class='ocrx_word' id='word_1_178' title='bbox 312 1899 401 1951; x_wconf 87' lang='lat' dir='ltr'>natos</span> <span class='ocrx_word' id='word_1_179' title='bbox 417 1890 576 1952; x_wconf 82' lang='lat' dir='ltr'>fortissimi</span> <span class='ocrx_word' id='word_1_180' title='bbox 588 1889 646 1949; x_wconf 90' lang='lat' dir='ltr'>viri</span> <span class='ocrx_word' id='word_1_181' title='bbox 659 1890 894 1965; x_wconf 79' lang='lat' dir='ltr'>magnitudinem</span> <span class='ocrx_word' id='word_1_182' title='bbox 914 1890 1005 1953; x_wconf 85' lang='lat' dir='ltr'>animi</span> <span class='ocrx_word' id='word_1_183' title='bbox 1020 1890 1100 1951; x_wconf 88' lang='lat' dir='ltr'>desi-</span> 
     </span>
     <span class='ocr_line' id='line_1_22' title="bbox 69 1971 1101 2049; baseline -0.003 -13"><span class='ocrx_word' id='word_1_184' title='bbox 69 1979 173 2037; x_wconf 88' lang='lat' dir='ltr'>deres.</span> <span class='ocrx_word' id='word_1_185' title='bbox 204 1971 257 2036; x_wconf 82' lang='lat'>70.</span> <span class='ocrx_word' id='word_1_186' title='bbox 272 1972 460 2048; x_wconf 81' lang='lat' dir='ltr'>Quamquam</span> <span class='ocrx_word' id='word_1_187' title='bbox 475 1973 544 2049; x_wconf 78' lang='lat' dir='ltr'>qaus</span> <span class='ocrx_word' id='word_1_188' title='bbox 558 1974 617 2033; x_wconf 85' lang='lat' dir='ltr'>hoc</span> <span class='ocrx_word' id='word_1_189' title='bbox 632 1975 744 2048; x_wconf 90' lang='lat' dir='ltr'>credat,</span> <span class='ocrx_word' id='word_1_190' title='bbox 760 1974 812 2033; x_wconf 85' lang='lat' dir='ltr'>cu.</span> <span class='ocrx_word' id='word_1_191' title='bbox 825 1972 1011 2048; x_wconf 88' lang='lat' dir='ltr'>Pompeium,</span> <span class='ocrx_word' id='word_1_192' title='bbox 1025 1973 1101 2033; x_wconf 88' lang='lat' dir='ltr'>iuris</span> 
     </span>
     <span class='ocr_line' id='line_1_23' title="bbox 68 2054 1100 2134; baseline -0.002 -17"><span class='ocrx_word' id='word_1_193' title='bbox 68 2056 200 2134; x_wconf 86' lang='lat' dir='ltr'>publici,</span> <span class='ocrx_word' id='word_1_194' title='bbox 223 2054 318 2116; x_wconf 89' lang='lat' dir='ltr'>moris</span> <span class='ocrx_word' id='word_1_195' title='bbox 332 2055 498 2129; x_wconf 91' lang='lat' dir='ltr'>maiorum,</span> <span class='ocrx_word' id='word_1_196' title='bbox 512 2056 557 2116; x_wconf 88' lang='lat' dir='ltr'>rei</span> <span class='ocrx_word' id='word_1_197' title='bbox 571 2055 705 2130; x_wconf 86' lang='lat' dir='ltr'>denique</span> <span class='ocrx_word' id='word_1_198' title='bbox 718 2055 859 2131; x_wconf 91' lang='lat' dir='ltr'>publicae</span> <span class='ocrx_word' id='word_1_199' title='bbox 874 2054 1100 2131; x_wconf 88' lang='lat' dir='ltr'>peritissimum,</span> 
     </span>
     <span class='ocr_line' id='line_1_24' title="bbox 71 2139 1101 2216; baseline -0.003 -16"><span class='ocrx_word' id='word_1_200' title='bbox 71 2157 166 2216; x_wconf 85' lang='lat' dir='ltr'>quum</span> <span class='ocrx_word' id='word_1_201' title='bbox 182 2148 306 2200; x_wconf 89' lang='lat' dir='ltr'>senatus</span> <span class='ocrx_word' id='word_1_202' title='bbox 318 2140 347 2200; x_wconf 93' lang='lat' dir='ltr'>ei</span> <span class='ocrx_word' id='word_1_203' title='bbox 367 2140 564 2212; x_wconf 90' lang='lat' dir='ltr'>commiserit,</span> <span class='ocrx_word' id='word_1_204' title='bbox 582 2147 616 2200; x_wconf 90' lang='lat' dir='ltr'>ut</span> <span class='ocrx_word' id='word_1_205' title='bbox 635 2139 754 2201; x_wconf 91' lang='lat' dir='ltr'>videret</span> <span class='ocrx_word' id='word_1_206' title='bbox 769 2154 808 2199; x_wconf 85' lang='lat' dir='ltr'>rm</span> <span class='ocrx_word' id='word_1_207' title='bbox 824 2154 893 2207; x_wconf 82' lang='lat' dir='ltr'>outo</span> <span class='ocrx_word' id='word_1_208' title='bbox 907 2148 963 2199; x_wconf 80' lang='lat' dir='ltr'>ess</span> <span class='ocrx_word' id='word_1_209' title='bbox 976 2152 1101 2197; x_wconf 81' lang='lat' dir='ltr'>susuca</span> 
     </span>
     <span class='ocr_line' id='line_1_25' title="bbox 67 2221 1102 2298; baseline -0.002 -16"><span class='ocrx_word' id='word_1_210' title='bbox 67 2238 248 2284; x_wconf 70' lang='lat' dir='ltr'>pererratum</span> <span class='ocrx_word' id='word_1_211' title='bbox 265 2238 409 2281; x_wconf 77' lang='lat' dir='ltr'>carsaarc</span> <span class='ocrx_word' id='word_1_212' title='bbox 429 2238 490 2298; x_wconf 91' lang='lat' dir='ltr'>quo</span> <span class='ocrx_word' id='word_1_213' title='bbox 510 2238 572 2284; x_wconf 91' lang='lat' dir='ltr'>unc</span> <span class='ocrx_word' id='word_1_214' title='bbox 586 2223 738 2283; x_wconf 76' lang='lat' dir='ltr'>versiculo</span> <span class='ocrx_word' id='word_1_215' title='bbox 761 2221 836 2297; x_wconf 83' lang='lat' dir='ltr'>sutis</span> <span class='ocrx_word' id='word_1_216' title='bbox 851 2221 958 2283; x_wconf 74' lang='lat' dir='ltr'>mutati</span> <span class='ocrx_word' id='word_1_217' title='bbox 980 2235 1102 2296; x_wconf 88' lang='lat' dir='ltr'>semper</span> 
     </span>
     <span class='ocr_line' id='line_1_26' title="bbox 69 2304 1100 2376; baseline -0.003 -10"><span class='ocrx_word' id='word_1_218' title='bbox 69 2307 216 2366; x_wconf 87' lang='lat' dir='ltr'>consules</span> <span class='ocrx_word' id='word_1_219' title='bbox 228 2306 348 2366; x_wconf 82' lang='lat' dir='ltr'>luerunt</span> <span class='ocrx_word' id='word_1_220' title='bbox 358 2305 447 2366; x_wconf 89' lang='lat' dir='ltr'>etiarn</span> <span class='ocrx_word' id='word_1_221' title='bbox 458 2305 550 2366; x_wconf 85' lang='lat' dir='ltr'>nullis</span> <span class='ocrx_word' id='word_1_222' title='bbox 560 2305 652 2365; x_wconf 88' lang='lat' dir='ltr'>armis</span> <span class='ocrx_word' id='word_1_223' title='bbox 665 2305 759 2367; x_wconf 73' lang='lat' dir='ltr'>datis:</span> <span class='ocrx_word' id='word_1_224' title='bbox 773 2304 1007 2376; x_wconf 86' lang='lat' dir='ltr'>huuccxercitu,</span> <span class='ocrx_word' id='word_1_225' title='bbox 1018 2304 1100 2365; x_wconf 89' lang='lat' dir='ltr'>hunc</span> 
     </span>
     <span class='ocr_line' id='line_1_27' title="bbox 69 2385 1101 2464; baseline -0.004 -15"><span class='ocrx_word' id='word_1_226' title='bbox 69 2389 184 2449; x_wconf 90' lang='lat' dir='ltr'>dilectu</span> <span class='ocrx_word' id='word_1_227' title='bbox 199 2389 285 2463; x_wconf 89' lang='lat' dir='ltr'>dato,</span> <span class='ocrx_word' id='word_1_228' title='bbox 307 2387 449 2449; x_wconf 92' lang='lat' dir='ltr'>iudicium</span> <span class='ocrx_word' id='word_1_229' title='bbox 465 2395 711 2464; x_wconf 86' lang='lat' dir='ltr'>exspectaturum</span> <span class='ocrx_word' id='word_1_230' title='bbox 724 2388 822 2450; x_wconf 89' lang='lat' dir='ltr'>luisse</span> <span class='ocrx_word' id='word_1_231' title='bbox 835 2387 867 2448; x_wconf 92' lang='lat' dir='ltr'>in</span> <span class='ocrx_word' id='word_1_232' title='bbox 883 2388 950 2448; x_wconf 88' lang='lat' dir='ltr'>eius</span> <span class='ocrx_word' id='word_1_233' title='bbox 964 2385 1101 2448; x_wconf 87' lang='lat' dir='ltr'>consiliis</span> 
     </span>
     <span class='ocr_line' id='line_1_28' title="bbox 69 2469 1102 2546; baseline -0.004 -15"><span class='ocrx_word' id='word_1_234' title='bbox 69 2470 280 2543; x_wconf 87' lang='lat' dir='ltr'>vindicandis,</span> <span class='ocrx_word' id='word_1_235' title='bbox 303 2470 356 2545; x_wconf 87' lang='lat' dir='ltr'>qui</span> <span class='ocrx_word' id='word_1_236' title='bbox 369 2471 400 2530; x_wconf 91' lang='lat' dir='ltr'>vi</span> <span class='ocrx_word' id='word_1_237' title='bbox 414 2471 527 2531; x_wconf 90' lang='lat' dir='ltr'>iudicia</span> <span class='ocrx_word' id='word_1_238' title='bbox 537 2470 609 2546; x_wconf 87' lang='lat' dir='ltr'>ipsa</span> <span class='ocrx_word' id='word_1_239' title='bbox 618 2472 762 2532; x_wconf 83' lang='lat' dir='ltr'>tollerett</span> <span class='ocrx_word' id='word_1_240' title='bbox 781 2469 1039 2532; x_wconf 85' lang='lat' dir='ltr'>Satisiudicatum</span> <span class='ocrx_word' id='word_1_241' title='bbox 1053 2476 1102 2528; x_wconf 89' lang='lat' dir='ltr'>est</span> 
     </span>
     <span class='ocr_line' id='line_1_29' title="bbox 69 2551 1101 2628; baseline -0.005 -14"><span class='ocrx_word' id='word_1_242' title='bbox 69 2572 91 2614; x_wconf 92' lang='lat' dir='ltr'>a</span> <span class='ocrx_word' id='word_1_243' title='bbox 104 2553 265 2628; x_wconf 91' lang='lat' dir='ltr'>Pompeio,</span> <span class='ocrx_word' id='word_1_244' title='bbox 287 2552 377 2628; x_wconf 85' lang='lat' dir='ltr'>sutis,</span> <span class='ocrx_word' id='word_1_245' title='bbox 397 2555 476 2614; x_wconf 79' lang='lat' dir='ltr'>falso</span> <span class='ocrx_word' id='word_1_246' title='bbox 490 2555 549 2614; x_wconf 90' lang='lat' dir='ltr'>ists</span> <span class='ocrx_word' id='word_1_247' title='bbox 562 2555 693 2615; x_wconf 78' lang='lat' dir='ltr'>conferri</span> <span class='ocrx_word' id='word_1_248' title='bbox 706 2553 737 2613; x_wconf 93' lang='lat' dir='ltr'>in</span> <span class='ocrx_word' id='word_1_249' title='bbox 750 2553 911 2626; x_wconf 86' lang='lat' dir='ltr'>Milonem,</span> <span class='ocrx_word' id='word_1_250' title='bbox 929 2551 986 2626; x_wconf 87' lang='lat' dir='ltr'>qui</span> <span class='ocrx_word' id='word_1_251' title='bbox 1003 2553 1101 2624; x_wconf 75' lang='lat' dir='ltr'>legem</span> 
     </span>
     <span class='ocr_line' id='line_1_30' title="bbox 68 2635 1100 2711; baseline -0.007 -13"><span class='ocrx_word' id='word_1_252' title='bbox 68 2636 138 2698; x_wconf 87' lang='lat' dir='ltr'>tulit</span> <span class='ocrx_word' id='word_1_253' title='bbox 153 2650 227 2711; x_wconf 83' lang='lat' dir='ltr'>qua,</span> <span class='ocrx_word' id='word_1_254' title='bbox 242 2644 277 2698; x_wconf 92' lang='lat' dir='ltr'>ut</span> <span class='ocrx_word' id='word_1_255' title='bbox 293 2653 351 2711; x_wconf 79' lang='lat' dir='ltr'>ego</span> <span class='ocrx_word' id='word_1_256' title='bbox 369 2637 483 2710; x_wconf 87' lang='lat' dir='ltr'>sentio,</span> <span class='ocrx_word' id='word_1_257' title='bbox 498 2635 640 2697; x_wconf 83' lang='lat' dir='ltr'>Milonem</span> <span class='ocrx_word' id='word_1_258' title='bbox 660 2636 781 2698; x_wconf 88' lang='lat' dir='ltr'>absolvi</span> <span class='ocrx_word' id='word_1_259' title='bbox 799 2652 819 2697; x_wconf 90' lang='lat' dir='ltr'>a</span> <span class='ocrx_word' id='word_1_260' title='bbox 836 2635 924 2698; x_wconf 90' lang='lat' dir='ltr'>vobis</span> <span class='ocrx_word' id='word_1_261' title='bbox 938 2640 1100 2709; x_wconf 89' lang='lat' dir='ltr'>oporteret,</span> 
     </span>
     <span class='ocr_line' id='line_1_31' title="bbox 69 2716 1103 2795; baseline -0.005 -17"><span class='ocrx_word' id='word_1_262' title='bbox 69 2726 105 2778; x_wconf 89' lang='lat' dir='ltr'>ut</span> <span class='ocrx_word' id='word_1_263' title='bbox 119 2733 224 2779; x_wconf 85' lang='lat' dir='ltr'>omnes</span> <span class='ocrx_word' id='word_1_264' title='bbox 236 2721 427 2793; x_wconf 88' lang='lat' dir='ltr'>confitentur,</span> <span class='ocrx_word' id='word_1_265' title='bbox 442 2719 556 2780; x_wconf 87' lang='lat' dir='ltr'>liceret.</span> <span class='ocrx_word' id='word_1_266' title='bbox 599 2718 650 2781; x_wconf 86' lang='lat'>71.</span> <span class='ocrx_word' id='word_1_267' title='bbox 665 2720 754 2795; x_wconf 81' lang='lat' dir='ltr'>Quod</span> <span class='ocrx_word' id='word_1_268' title='bbox 766 2734 842 2779; x_wconf 90' lang='lat' dir='ltr'>vero</span> <span class='ocrx_word' id='word_1_269' title='bbox 858 2717 889 2778; x_wconf 91' lang='lat' dir='ltr'>in</span> <span class='ocrx_word' id='word_1_270' title='bbox 908 2716 959 2777; x_wconf 89' lang='lat' dir='ltr'>iiic</span> <span class='ocrx_word' id='word_1_271' title='bbox 974 2717 1043 2777; x_wconf 90' lang='lat' dir='ltr'>loco</span> <span class='ocrx_word' id='word_1_272' title='bbox 1058 2723 1103 2773; x_wconf 87' lang='lat' dir='ltr'>at·</span> 
     </span>
     <span class='ocr_line' id='line_1_32' title="bbox 71 2797 1101 2877; baseline -0.005 -17"><span class='ocrx_word' id='word_1_273' title='bbox 71 2817 134 2874; x_wconf 87' lang='lat' dir='ltr'>que</span> <span class='ocrx_word' id='word_1_274' title='bbox 148 2800 208 2861; x_wconf 88' lang='lat' dir='ltr'>illis</span> <span class='ocrx_word' id='word_1_275' title='bbox 222 2803 412 2877; x_wconf 89' lang='lat' dir='ltr'>publicorum</span> <span class='ocrx_word' id='word_1_276' title='bbox 426 2801 647 2877; x_wconf 89' lang='lat' dir='ltr'>praesidiorum</span> <span class='ocrx_word' id='word_1_277' title='bbox 670 2801 770 2877; x_wconf 89' lang='lat' dir='ltr'>copiis</span> <span class='ocrx_word' id='word_1_278' title='bbox 786 2800 988 2862; x_wconf 75' lang='lat' dir='ltr'>circumfusus</span> <span class='ocrx_word' id='word_1_279' title='bbox 1004 2797 1101 2865; x_wconf 89' lang='lat' dir='ltr'>sedet,</span> 
     </span>
     <span class='ocr_line' id='line_1_33' title="bbox 71 2879 1103 2957; baseline -0.003 -16"><span class='ocrx_word' id='word_1_280' title='bbox 71 2882 148 2942; x_wconf 89' lang='lat' dir='ltr'>satis</span> <span class='ocrx_word' id='word_1_281' title='bbox 168 2883 303 2946; x_wconf 84' lang='lat' dir='ltr'>declarat</span> <span class='ocrx_word' id='word_1_282' title='bbox 323 2902 359 2946; x_wconf 91' lang='lat' dir='ltr'>se</span> <span class='ocrx_word' id='word_1_283' title='bbox 383 2902 444 2946; x_wconf 91' lang='lat' dir='ltr'>non</span> <span class='ocrx_word' id='word_1_284' title='bbox 463 2893 609 2945; x_wconf 87' lang='lat' dir='ltr'>terrorem</span> <span class='ocrx_word' id='word_1_285' title='bbox 629 2884 741 2947; x_wconf 79' lang='lat' dir='ltr'>interra</span> <span class='ocrx_word' id='word_1_286' title='bbox 763 2884 852 2946; x_wconf 89' lang='lat' dir='ltr'>vobis</span> <span class='ocrx_word' id='word_1_287' title='bbox 872 2914 915 2928; x_wconf 90' lang='lat'><em>-</em></span> <span class='ocrx_word' id='word_1_288' title='bbox 932 2880 1008 2957; x_wconf 87' lang='lat' dir='ltr'>quid</span> <span class='ocrx_word' id='word_1_289' title='bbox 1023 2879 1103 2939; x_wconf 89' lang='lat' dir='ltr'>enim</span> 
     </span>
    </p>
   </div>
   <div class='ocr_carea' id='block_1_3' title="bbox 70 2960 1103 3458">
    <p class='ocr_par' dir='ltr' id='par_1_3' title="bbox 70 2960 1103 3458">
     <span class='ocr_line' id='line_1_34' title="bbox 71 2960 1101 3043; baseline -0.005 -18"><span class='ocrx_word' id='word_1_290' title='bbox 71 2968 174 3025; x_wconf 92' lang='lat' dir='ltr'>rninus</span> <span class='ocrx_word' id='word_1_291' title='bbox 188 2965 240 3028; x_wconf 90' lang='lat' dir='ltr'>illo</span> <span class='ocrx_word' id='word_1_292' title='bbox 252 2968 375 3043; x_wconf 82' lang='lat' dir='ltr'>dignum</span> <span class='ocrx_word' id='word_1_293' title='bbox 392 2985 482 3043; x_wconf 90' lang='lat' dir='ltr'>quarn</span> <span class='ocrx_word' id='word_1_294' title='bbox 498 2981 618 3043; x_wconf 81' lang='lat' dir='ltr'>cogere,</span> <span class='ocrx_word' id='word_1_295' title='bbox 633 2976 667 3028; x_wconf 94' lang='lat' dir='ltr'>ut</span> <span class='ocrx_word' id='word_1_296' title='bbox 682 2984 738 3029; x_wconf 90' lang='lat' dir='ltr'>vos</span> <span class='ocrx_word' id='word_1_297' title='bbox 756 2984 825 3028; x_wconf 91' lang='lat' dir='ltr'>cum</span> <span class='ocrx_word' id='word_1_298' title='bbox 836 2963 1056 3036; x_wconf 87' lang='lat' dir='ltr'>condemnetis,</span> <span class='ocrx_word' id='word_1_299' title='bbox 1070 2960 1101 3020; x_wconf 93' lang='lat' dir='ltr'>in</span> 
     </span>
     <span class='ocr_line' id='line_1_35' title="bbox 73 3045 1101 3126; baseline -0.005 -17"><span class='ocrx_word' id='word_1_300' title='bbox 73 3065 165 3123; x_wconf 87' lang='lat' dir='ltr'>quern</span> <span class='ocrx_word' id='word_1_301' title='bbox 179 3049 419 3112; x_wconf 85' lang='lat' dir='ltr'>animadvertere</span> <span class='ocrx_word' id='word_1_302' title='bbox 439 3051 508 3126; x_wconf 90' lang='lat' dir='ltr'>ipse</span> <span class='ocrx_word' id='word_1_303' title='bbox 529 3058 559 3111; x_wconf 89' lang='lat' dir='ltr'>et</span> <span class='ocrx_word' id='word_1_304' title='bbox 572 3066 657 3112; x_wconf 92' lang='lat' dir='ltr'>more</span> <span class='ocrx_word' id='word_1_305' title='bbox 672 3049 820 3111; x_wconf 89' lang='lat' dir='ltr'>maiorum</span> <span class='ocrx_word' id='word_1_306' title='bbox 834 3057 865 3109; x_wconf 88' lang='lat' dir='ltr'>et</span> <span class='ocrx_word' id='word_1_307' title='bbox 878 3063 935 3108; x_wconf 89' lang='lat' dir='ltr'>suo</span> <span class='ocrx_word' id='word_1_308' title='bbox 948 3045 1014 3109; x_wconf 88' lang='lat' dir='ltr'>iure</span> <span class='ocrx_word' id='word_1_309' title='bbox 1029 3060 1101 3121; x_wconf 91' lang='lat' dir='ltr'>pos-</span> 
     </span>
     <span class='ocr_line' id='line_1_36' title="bbox 71 3130 1102 3208; baseline -0.004 -17"><span class='ocrx_word' id='word_1_310' title='bbox 71 3136 141 3192; x_wconf 74' lang='lat' dir='ltr'>sets</span> <span class='ocrx_word' id='word_1_311' title='bbox 152 3165 209 3206; x_wconf 89' lang='lat'>-,</span> <span class='ocrx_word' id='word_1_312' title='bbox 225 3134 281 3193; x_wconf 92' lang='lat' dir='ltr'>sed</span> <span class='ocrx_word' id='word_1_313' title='bbox 300 3132 455 3208; x_wconf 90' lang='lat' dir='ltr'>praesidio</span> <span class='ocrx_word' id='word_1_314' title='bbox 468 3149 553 3205; x_wconf 89' lang='lat' dir='ltr'>ease,</span> <span class='ocrx_word' id='word_1_315' title='bbox 572 3141 605 3194; x_wconf 91' lang='lat' dir='ltr'>ut</span> <span class='ocrx_word' id='word_1_316' title='bbox 623 3132 795 3207; x_wconf 82' lang='lat' dir='ltr'>intelligatis</span> <span class='ocrx_word' id='word_1_317' title='bbox 811 3139 915 3192; x_wconf 86' lang='lat' dir='ltr'>contro</span> <span class='ocrx_word' id='word_1_318' title='bbox 929 3130 1102 3191; x_wconf 80' lang='lat' dir='ltr'>hesternam</span> 
     </span>
     <span class='ocr_line' id='line_1_37' title="bbox 70 3213 1072 3292; baseline -0.007 -16"><span class='ocrx_word' id='word_1_319' title='bbox 70 3215 153 3276; x_wconf 88' lang='lat' dir='ltr'>illam</span> <span class='ocrx_word' id='word_1_320' title='bbox 168 3215 342 3277; x_wconf 85' lang='lat' dir='ltr'>contionem</span> <span class='ocrx_word' id='word_1_321' title='bbox 355 3216 448 3277; x_wconf 89' lang='lat' dir='ltr'>licere</span> <span class='ocrx_word' id='word_1_322' title='bbox 462 3215 552 3277; x_wconf 88' lang='lat' dir='ltr'>vohis</span> <span class='ocrx_word' id='word_1_323' title='bbox 567 3217 651 3292; x_wconf 90' lang='lat' dir='ltr'>quod</span> <span class='ocrx_word' id='word_1_324' title='bbox 667 3214 804 3277; x_wconf 86' lang='lat' dir='ltr'>sentiatis</span> <span class='ocrx_word' id='word_1_325' title='bbox 818 3213 914 3274; x_wconf 85' lang='lat' dir='ltr'>libere</span> <span class='ocrx_word' id='word_1_326' title='bbox 926 3213 1072 3274; x_wconf 88' lang='lat' dir='ltr'>iudicare.</span> 
     </span>
     <span class='ocr_line' id='line_1_38' title="bbox 124 3295 1102 3372; baseline -0.007 -15"><span class='ocrx_word' id='word_1_327' title='bbox 124 3298 245 3358; x_wconf 84' lang='lat' dir='ltr'>xxvll.</span> <span class='ocrx_word' id='word_1_328' title='bbox 261 3296 311 3359; x_wconf 78' lang='lat' dir='ltr'>ts.</span> <span class='ocrx_word' id='word_1_329' title='bbox 327 3300 390 3359; x_wconf 87' lang='lat' dir='ltr'>Nec</span> <span class='ocrx_word' id='word_1_330' title='bbox 406 3315 481 3360; x_wconf 89' lang='lat' dir='ltr'>vero</span> <span class='ocrx_word' id='word_1_331' title='bbox 495 3315 553 3372; x_wconf 89' lang='lat' dir='ltr'>mc,</span> <span class='ocrx_word' id='word_1_332' title='bbox 568 3298 698 3371; x_wconf 88' lang='lat' dir='ltr'>iudices,</span> <span class='ocrx_word' id='word_1_333' title='bbox 712 3297 890 3358; x_wconf 77' lang='lat' dir='ltr'>Clodianum</span> <span class='ocrx_word' id='word_1_334' title='bbox 907 3295 1021 3357; x_wconf 88' lang='lat' dir='ltr'>crimen</span> <span class='ocrx_word' id='word_1_335' title='bbox 1038 3306 1102 3351; x_wconf 91' lang='lat' dir='ltr'>mc·</span> 
     </span>
     <span class='ocr_line' id='line_1_39' title="bbox 70 3378 1103 3458; baseline -0.007 -18"><span class='ocrx_word' id='word_1_336' title='bbox 70 3388 131 3452; x_wconf 91' lang='lat' dir='ltr'>vet,</span> <span class='ocrx_word' id='word_1_337' title='bbox 146 3396 205 3441; x_wconf 88' lang='lat' dir='ltr'>nec</span> <span class='ocrx_word' id='word_1_338' title='bbox 214 3388 277 3441; x_wconf 92' lang='lat' dir='ltr'>tam</span> <span class='ocrx_word' id='word_1_339' title='bbox 286 3396 354 3442; x_wconf 87' lang='lat' dir='ltr'>sum</span> <span class='ocrx_word' id='word_1_340' title='bbox 366 3383 493 3442; x_wconf 88' lang='lat' dir='ltr'>demens</span> <span class='ocrx_word' id='word_1_341' title='bbox 504 3390 628 3458; x_wconf 84' lang='lat' dir='ltr'>tamque</span> <span class='ocrx_word' id='word_1_342' title='bbox 639 3381 731 3442; x_wconf 87' lang='lat' dir='ltr'>vestri</span> <span class='ocrx_word' id='word_1_343' title='bbox 744 3394 856 3442; x_wconf 84' lang='lat' dir='ltr'>sensus</span> <span class='ocrx_word' id='word_1_344' title='bbox 873 3378 999 3455; x_wconf 74' lang='lat' dir='ltr'>ignarus</span> <span class='ocrx_word' id='word_1_345' title='bbox 1010 3384 1103 3449; x_wconf 88' lang='lat' dir='ltr'>atque</span> 
     </span>
    </p>
   </div>
   <div class='ocr_carea' id='block_1_4' title="bbox 0 0 1175 3788">
    <p class='ocr_par' dir='ltr' id='par_1_4' title="bbox 0 0 1175 3788">
     <span class='ocr_line' id='line_1_40' title="bbox 0 0 1175 3788; baseline 0 0"><span class='ocrx_word' id='word_1_346' title='bbox 0 0 1175 3788; x_wconf 95' lang='lat' dir='ltr'> </span> 
     </span>
    </p>
   </div>
  </div>
 </body>
</html>
