2340 3788
341 190 421 252 cnr.
437 198 567 254 er-ae.
587 197 612 258 s.
627 201 757 256 es-aa
998 192 1064 261 449

32 345 80 404 ire
94 342 220 415 vellent,
235 348 267 403 ut
283 341 323 400 ad
337 341 559 403 defendendam
580 355 643 400 rem
660 338 812 416 publicam
829 351 860 402 te
876 345 1061 421 adbonarer,

33 423 142 502 quoad
153 432 312 496 metueres,
328 422 428 483 omnia
438 430 468 483 te
485 421 719 497 promissurum=
737 421 825 483 simul
840 428 992 489 aetimare
1007 430 1059 489 de·

32 507 150 578 sisses,
165 505 293 565 similem
316 511 346 564 te
360 505 490 564 futurum
507 503 559 566 tui.
599 506 704 578 ltaque
720 523 813 579 quum
828 508 938 566 caeteri
952 526 1060 571 consu·

32 591 119 649 lares
141 586 232 659 irent,
247 586 396 659 redirent,
417 585 447 645 in
463 585 611 648 sententia
634 588 747 647 maasia
768 603 868 662 neque
888 596 918 649 te
938 589 989 649 illo
1010 593 1060 653 die

32 686 139 744 neque
161 677 284 743 postero
308 667 370 728 vidi
391 685 491 744 neque
505 671 594 728 ullam
609 669 786 730 societatem
802 669 922 744 optimis
944 670 1061 734 civibus

31 769 106 813 cum
121 750 378 825 importunissimo
393 751 482 812 hoste
496 752 621 812 foedere
634 753 695 812 ullo
708 752 880 812 confirmari
891 769 986 827 posse
998 768 1063 812 cre-

32 833 111 895 didi.
158 833 231 894 Post
254 832 334 892 diem
356 832 475 894 tertium
503 833 572 894 veni
588 833 618 892 in
634 835 740 894 aedem
756 834 882 894 Telluris
897 832 1062 908 etquidem

30 917 164 990 invitus,
182 931 275 990 quum
291 930 396 975 ornnes
410 916 509 977 aditus
525 917 630 976 armati
648 917 830 977 obsiderem
874 915 924 978 90.
940 915 995 989 Qui
1010 914 1064 976 tibi

31 998 104 1059 dies
120 999 183 1070 ille,
206 998 247 1056 M.
261 995 389 1070 Antoni,
403 997 479 1057 fuit‘t
500 998 685 1072 Quamquam
707 997 780 1057 milri
800 997 938 1058 inimicus
962 998 1062 1059 subito

32 1079 188 1151 exstitisti,
204 1088 304 1139 tamen
315 1095 363 1136 me
380 1080 422 1139 tui
436 1079 666 1155 miseret,.quod
680 1079 735 1140 tibi
750 1079 904 1147 invideris
930 1081 1064 1140 XXXVI.

31 1163 94 1236 Qui
109 1171 141 1221 tu
155 1161 215 1233 vir,
238 1159 270 1219 di
289 1160 488 1223 immortales!
509 1171 539 1222 et
560 1171 689 1237 quantus
704 1163 831 1235 luisses,
855 1165 882 1223 si
901 1161 981 1222 illius
1003 1161 1064 1221 diei

31 1252 170 1304 mentem
195 1258 318 1302 servare
329 1241 500 1316 potuisses!
521 1243 627 1304 Pacem
642 1245 831 1317 haberemus,
848 1260 927 1319 quae
941 1252 1005 1304 erat
1021 1246 1063 1307 ia-

31 1335 88 1387 cta
105 1341 160 1398 per
175 1323 327 1396 obsidem,
347 1340 473 1398 puerum
490 1326 630 1401 nobilem,
644 1326 684 1386 Μ.
695 1327 899 1388 Bambalionis
912 1336 1063 1402 nepotem.

29 1409 224 1480 Quamquam
241 1407 353 1467 bonurn
368 1414 397 1467 te
410 1409 498 1470 timor
511 1408 655 1485 faciebat,
671 1425 732 1469 non
748 1409 906 1471 diuturnus
921 1409 1065 1484 magister

30 1489 147 1551 officii=
165 1488 334 1564 improbum
349 1488 421 1551 fecit
434 1508 486 1564 ea,
502 1509 595 1567 quae,
612 1493 684 1553 dum
697 1494 785 1554 timor
799 1495 901 1567 abest,
924 1500 986 1553 ate
1001 1508 1064 1552 non

31 1569 174 1642 discedit,
192 1573 329 1632 audacia.
371 1573 436 1633 Etsi
447 1579 518 1645 turn,
532 1591 625 1648 quum
641 1576 784 1649 optimum
798 1584 828 1636 te
848 1576 994 1651 putabant
1015 1589 1064 1635 me

32 1653 160 1730 quidem
176 1653 391 1723 dissentiente,
406 1655 506 1712 funeri
526 1654 655 1729 tyranni,
674 1655 701 1714 si
717 1655 790 1714 illud
810 1659 900 1716 funus
913 1657 976 1728 fuit,
993 1673 1063 1717 sce·

30 1734 219 1797 leratissime
234 1732 399 1806 praefuisti.
442 1733 505 1792 Tua
519 1732 569 1792 illa
586 1736 691 1807 pulcra
708 1736 856 1808 laudatio,
873 1744 925 1796 tua
938 1737 1062 1797 misera·

29 1819 87 1889 tio,
105 1823 156 1874 tua
172 1814 353 1875 cohortatio:
368 1810 419 1874 al.
435 1821 480 1886 tu,
496 1821 542 1886 tu,
557 1813 695 1888 inquam,
711 1814 778 1876 illas
794 1818 878 1877 faces
892 1816 1063 1890 incendisti,

32 1909 66 1960 et
97 1913 166 1969 eas,
196 1897 306 1971 quibus
334 1897 550 1958 semustulatus
576 1898 625 1956 ille
651 1905 712 1971 est,
739 1905 769 1958 et
792 1914 860 1973 eas,
886 1899 995 1973 quibus
1020 1899 1065 1957 in-

16 1996 133 2055 ¹censa
164 1980 197 2038 L.
227 1978 354 2038 Bellieni
384 1979 494 2040 domus
528 1978 716 2054 deflagravit.
773 1977 817 2039 'lu
842 1981 910 2039 illos
934 1979 1063 2054 impetus

33 2063 227 2139 perditorum
246 2060 400 2122 hominum
426 2069 456 2122 et
477 2077 517 2122 ex
535 2062 666 2122 maxima
685 2070 772 2137 parte
792 2078 964 2134 servorum,
987 2079 1065 2136 quos

33 2163 96 2207 nos
121 2144 151 2202 vi
187 2160 338 2218 manuque
372 2143 584 2220 reppulimus,
620 2143 650 2203 in
685 2154 805 2206 nostras
838 2145 945 2205 domos
971 2143 1066 2203 immi-

35 2227 115 2289 sisti.
168 2227 250 2286 idem
281 2235 380 2286 tamen
412 2227 500 2303 quasi
532 2227 656 2303 fuligine
683 2228 820 2288 abstersa
851 2226 977 2303 reliquis
1002 2226 1066 2286 die-

35 2312 98 2370 bus
120 2308 151 2368 in
167 2308 314 2383 Capitolio
336 2311 493 2384 praeclara
514 2319 639 2371 senatus
663 2312 801 2370 consulta
816 2309 928 2385 fecisti,
950 2327 988 2371 ne
1004 2325 1065 2385 qua

37 2400 111 2469 post
125 2393 197 2452 ldus
214 2391 337 2451 Martias
357 2390 551 2454 imnmnitatis
573 2394 674 2453 tabula
685 2408 765 2453 neve
780 2392 958 2467 cuiusquam
973 2394 1065 2451 bene·

36 2475 101 2537 licii
120 2475 273 2550 figeretur.
317 2473 478 2534 Meministi
499 2476 567 2550 ipse
582 2476 621 2536 de
636 2475 810 2547 exsulibus,
825 2474 887 2534 sois
905 2475 944 2535 de
959 2473 1064 2534 immu-

35 2558 130 2619 nitate
151 2556 224 2633 quid
242 2555 367 2617 dixeris.
411 2556 561 2632 Optimum
574 2574 661 2631 vero,
677 2557 760 2633 quod
775 2556 940 2616 dictaturae
955 2571 1066 2616 nomen

35 2639 68 2701 in
91 2649 272 2716 perpetuum
293 2640 331 2699 de
352 2656 386 2699 re
405 2638 526 2713 publica
547 2638 704 2701 sustulisti.
738 2638 820 2712 ¹Quo
844 2639 966 2712 quidem
985 2639 1064 2697 facto

35 2732 152 2784 tantum
172 2732 202 2783 te
223 2720 346 2798 cepisse
369 2721 471 2783 odium
493 2723 580 2797 regni
602 2723 768 2795 videbatur,
795 2729 829 2782 ut
857 2723 922 2786 eius
945 2735 1064 2780 omnem

36 2813 165 2883 propter
184 2805 353 2880 proximum
375 2805 551 2864 dictatorem
570 2814 681 2866 metum
701 2806 833 2866 tolleres.
881 2802 938 2872 92.
950 2800 1066 2862 Consti·

35 2897 101 2950 tuta
120 2905 171 2948 res
200 2888 322 2963 publica
345 2886 502 2947 videbatur
516 2886 598 2963 aliis,
614 2886 686 2946 mihi
700 2903 772 2947 vero
789 2886 992 2956 nullomodo,
1015 2883 1066 2958 qui

37 2970 140 3033 omnia
161 2979 191 3030 te
213 2972 400 3046 gubernante
424 2971 580 3045 naufragia
597 2969 776 3030 metuebam.
819 2969 895 3028 Num
912 2966 1001 3042 igitur
1016 2982 1065 3026 me

37 3055 166 3115 fefellit?
187 3060 239 3113 aut
258 3064 329 3113 num
349 3051 462 3113 diutius
483 3051 532 3113 sui
552 3051 649 3128 potuit
668 3069 739 3113 esse
759 3049 937 3111 dissimilisl
959 3051 1064 3124 lnspe·

37 3136 188 3197 etantibus
211 3137 298 3197 vobis
318 3144 380 3198 toto
397 3133 543 3209 Capitolio
565 3135 686 3195 tabulae
703 3134 887 3210 figebantur,
899 3147 999 3207 neque
1015 3146 1064 3189 so-

38 3221 101 3280 lum
122 3217 249 3294 siugulis
269 3219 412 3284 venibant
434 3217 652 3290 immunitates,
674 3218 730 3278 sed
750 3215 839 3277 etiarn
857 3214 979 3291 populis
999 3210 1065 3271 uni·

37 3302 148 3361 versis.
198 3299 307 3361 civitas
324 3318 385 3361 non
399 3300 458 3360 iam
475 3296 655 3375 singillatim,
672 3300 728 3360 sed
745 3297 913 3374 provinciis
927 3295 997 3356 totis
1013 3294 1063 3352 da-

36 3384 134 3447 batur.
183 3383 288 3457 ltaque
303 3383 329 3444 si
343 3385 418 3443 lraec
432 3390 567 3457 manent,
589 3399 668 3458 quae
689 3389 843 3520 stantgore
860 3379 980 3455 publica
1003 3391 1063 3435 mu-

109 3481 164 3523 cre.
181 3479 270 3524 onan.
