2340 3788
1025 161 1067 227 ta

327 304 371 391 ll.
401 304 551 388 tUtttt
571 307 781 391 utrumuis
1050 388 1053 407 ,

44 430 306 565 tortitiis
337 430 390 531 ΙΝ
421 434 739 533 c..vttttttutt
768 439 1065 542 saturnin

520 586 588 630 SIVE

126 730 131 737 -
231 656 523 804 'recusimus
544 686 664 769 uum
686 686 866 780 tumtur

394 862 397 875 ,
423 821 678 875 ou11uscare1run

401 892 748 1023 uisceris]
823 1016 828 1028 ι

476 1055 639 1067 ——nu—-u-—u

344 1141 750 1204 ARGUMENTUM.

55 1262 59 1269 ·
98 1242 144 1297 Gn.
159 1241 282 1307 Pompeio
305 1242 417 1306 primum
439 1251 464 1291 et
486 1242 520 1296 M.
543 1241 633 1292 Crasso
652 1233 772 1294 cosan.
790 1245 896 1304 Verres,
917 1247 1065 1311 perfunctus

44 1320 182 1378 paratura,
204 1308 344 1376 legatione,
363 1318 482 1376 praetura
498 1313 608 1371 urbana,
634 1318 705 1375 patre
724 1310 751 1365 G.
769 1313 849 1362 Verre
866 1323 890 1363 et
908 1325 1065 1381 praetextato

44 1382 81 1433 llio
98 1389 126 1431 ct
147 1379 201 1430 illia
220 1385 307 1446 nupta,
330 1394 436 1429 uxorem
461 1379 572 1443 babens,
597 1395 675 1444 quum
699 1383 866 1433 successisset
885 1383 911 1432 in
925 1381 1014 1436 Sicilia
1035 1385 1063 1437 0.

44 1450 160 1501 lscesdoti
177 1449 289 1513 praetori
306 1463 411 1511 eamque
425 1449 477 1498 sibi
493 1464 543 1498 non
557 1450 708 1499 succedente
722 1450 795 1500 Arrio
815 1465 861 1516 per
876 1453 1012 1507 triennium
1029 1464 1065 1504 te·

44 1521 141 1579 nisset,
165 1527 242 1580 atqua
265 1519 291 1566 iu
316 1532 347 1568 ea
366 1517 457 1567 inisset
478 1518 628 1578 libidinose,
651 1533 726 1568 svare
741 1519 925 1584 crudeliterque
940 1517 1064 1580 versatus,

44 1589 182 1640 mente
195 1587 300 1638 tandem
315 1588 342 1636 in
361 1588 450 1639 eedem
468 1589 600 1652 provincie
612 1586 731 1651 Metello,
747 1589 943 1654 repetundarum
959 1605 1017 1641 reus
1033 1594 1064 1641 ab

44 1656 122 1709 libelis
140 1654 285 1722 postulatus
301 1663 353 1714 est,
375 1670 478 1707 causam
493 1664 584 1720 agente
598 1655 630 1706 M.
646 1656 774 1708 Cicerone.
799 1657 882 1718 Quum
896 1667 979 1710 antem
991 1676 1065 1726 prae·

44 1735 116 1779 tarata
133 1725 296 1777 accusatione
313 1723 348 1774 tt.
365 1725 464 1774 Tullius
483 1726 579 1776 videret
598 1725 626 1775 id
642 1727 700 1790 agi,
716 1733 743 1775 ut
757 1741 773 1775 a
787 1725 820 1774 Μ’
840 1726 974 1779 Glabrione
990 1744 1064 1794 prae-

44 1811 82 1847 tre
101 1803 129 1847 ct
150 1795 182 1844 ab
207 1794 241 1843 its
261 1794 404 1854 iudicibus,
427 1794 471 1856 qui
494 1802 554 1843 tunc
577 1802 661 1853 erant,
684 1794 717 1843 ad
731 1792 809 1843 alium
825 1809 920 1844 annum
938 1796 1065 1860 aliumque

44 1873 174 1917 uectorem
188 1877 231 1913 res
247 1869 300 1913 tota
315 1863 435 1912 transiret
451 1863 641 1927 eriperetnrque
659 1862 708 1910 sibi
727 1877 786 1911 rens
804 1864 943 1926 patrocinio
960 1864 1065 1914 Horten-

44 1935 61 1985 tt
76 1946 109 1985 ac
126 1930 240 1992 Medi,
256 1933 300 1996 qni
315 1938 376 1981 tunc
392 1929 509 1980 consules
528 1930 606 1980 futuri
623 1937 693 1978 erant
708 1955 743 1967 --
759 1944 806 1994 per
824 1930 871 1979 bos
890 1932 956 1979 euim
973 1933 1065 1982 Verres

44 2002 150 2055 tuendi
170 2001 259 2053 indicii
282 2000 403 2065 fiduciam
422 2006 566 2064 sumpserat
582 2023 632 2062 -‚
654 1997 704 2048 hoc
720 2008 876 2048 commentus
894 2008 932 2048 est
949 2002 1064 2064 ratiunss,

44 2072 218 2125 tutationem
234 2070 338 2136 longam
356 2070 565 2135 praetermitteret
581 2083 662 2130 neque
677 2068 702 2115 in
721 2068 867 2118 criminibus
880 2069 1065 2120 declamatione

44 2140 192 2195 rmutsnm
208 2149 308 2206 tempus
323 2141 480 2201 absumeret,
496 2138 542 2188 sed
554 2145 652 2187 tantum
665 2136 742 2187 modo
755 2138 843 2187 citaret
853 2144 929 2188 testes
942 2139 977 2189 ad
987 2155 1065 2191 rmum

44 2212 149 2275 ncdqne
170 2209 267 2260 crimen
286 2209 430 2273 expositum
446 2216 470 2257 ct
488 2223 532 2258 eos
550 2206 683 2257 Hortensio
701 2206 895 2271 interrogandos
910 2208 992 2260 dareta
1016 2225 1066 2273 qna

44 2286 79 2331 rte
93 2281 135 2331 ita
152 2285 191 2329 est
207 2276 330 2343 fatigatus
341 2277 505 2341 Hortensius,
522 2284 550 2326 nt
568 2275 631 2325 nibil
645 2283 733 2325 contra
747 2275 819 2339 qnod'
827 2275 922 2326 diceret
934 2277 1065 2334 inveniret,

44 2362 82 2416 iss
91 2350 175 2399 etiam
183 2345 278 2407 Verres
292 2346 425 2411 desperato
436 2345 576 2412 patrocinio
589 2359 636 2394 sna
648 2353 739 2411 sponte
751 2345 893 2396 discederet
902 2347 929 2395 in
939 2348 1064 2397 exsilium.

91 2416 238 2480 Praecepta
260 2415 310 2466 boc
326 2416 401 2467 modo
420 2417 471 2466 sibi
493 2415 560 2464 iusta
577 2416 749 2464 accusationis
765 2414 840 2467 lauda
856 2415 888 2475 bt,
909 2414 994 2466 Cicero
1012 2425 1066 2466 sta-

44 2487 73 2539 tit
89 2494 175 2541 totam
193 2488 296 2535 causam
313 2493 431 2534 accurate
448 2484 619 2550 perscribere,
635 2499 729 2550 genera
745 2485 878 2535 criminum
896 2485 997 2550 singula
1014 2484 1066 2533 sia-

44 2554 95 2607 ulis
110 2556 187 2607 libris
205 2568 370 2621 persequens.
398 2553 485 2614 Itaque
502 2551 566 2602 libro
579 2552 755 2611 Accusationis
771 2554 854 2618 primo
874 2554 927 2618 agit
944 2553 977 2601 de
993 2566 1066 2616 prae·

44 2640 83 2675 rra
98 2625 214 2687 urbano,
239 2622 350 2673 secundo
372 2622 404 2672 de
427 2628 546 2687 praetura
563 2619 705 2684 Siciliensi,
729 2623 803 2672 tertio
827 2620 859 2670 de
876 2620 1015 2683 frumento,
1039 2619 1066 2669 id

44 2701 73 2755 tt,
91 2695 127 2745 de
147 2691 224 2742 metis
242 2692 267 2741 ln
284 2692 353 2741 omni
369 2705 463 2756 genere
481 2689 599 2739 frumenti
615 2690 670 2742 aG.
683 2693 764 2740 Verre
779 2691 805 2738 in
818 2687 904 2737 Sicilia
915 2688 1066 2748 commissis,
1149 2705 1151 2710 ⁸

44 2764 114 2815 fito
136 2761 172 2812 de
195 2761 327 2826 suppliciis
350 2759 486 2810 crudeliter
507 2759 535 2807 in
557 2756 644 2808 Sicilia
664 2761 781 2824 sumptis.
822 2756 875 2805 linc
896 2764 980 2805 autem
1003 2756 1065 2806 libro

44 2831 201 2885 memoris
224 2839 313 2895 quarto
335 2837 467 2881 accusator
489 2828 649 2893 persequitur
666 2827 733 2877 lurra
750 2834 775 2876 et
790 2823 918 2875 maleficia
934 2823 961 2875 ll.
979 2825 1066 2877 Verris

44 2899 222 2955 inferendis
239 2899 336 2966 signis,
361 2897 455 2948 tabulis
469 2897 546 2964 pictis
564 2896 721 2958 caeterisque
739 2893 892 2945 ornamentis
909 2902 962 2945 tota
978 2894 1067 2947 Sicilia

44 2971 176 3025 missa.
213 2968 241 3017 In
265 2969 356 3030 quibus
373 2967 449 3017 rebus
465 2964 633 3028 exsequendis
652 2971 735 3014 orator
754 2963 803 3011 boc
820 2960 907 3011 ordine
921 2964 1015 3025 utitur,
1030 2972 1067 3032 ¹ut

44 3040 140 3091 dmum
163 3037 295 3087 bominum
320 3038 489 3102 privatorum,
516 3032 608 3084 deiude
630 3032 782 3099 oppidorum
800 3038 825 3080 et
843 3029 957 3084 ranorum
974 3048 1066 3100 exspo-

44 3109 146 3159 mones
161 3113 238 3169 atque
254 3106 409 3172 direptiones
429 3104 555 3155 ostendat.
611 3157 613 3161 ,

86 3247 111 3307 t
138 3242 168 3305 1.
192 3208 296 3304 Venio
319 3260 399 3305 nunc
419 3243 460 3302 ad
480 3243 582 3314 istius,
609 3255 700 3314 quern
713 3202 758 3300 ⁸ad
778 3241 902 3302 modum
923 3242 991 3316 ipse
1011 3254 1068 3310 ap<

45 3330 138 3402 ellat,
163 3328 311 3400 studium,
333 3338 366 3389 ut
379 3327 468 3388 amici
484 3328 565 3398 eius,
588 3324 725 3384 morbum
741 3333 771 3386 et
790 3325 954 3393 insaniam,
973 3328 1006 3381 ut
1021 3319 1067 3379 si-

44 3416 101 3490 cli,
122 3412 325 3474 latrocinium.
346 3394 412 3486 bgo
428 3426 489 3486 quo
507 3410 630 3471 nomiae
641 3408 1076 3487 appellemncscioaremun-
