2340 3788
113 191 178 257 284
401 183 475 245 PRO
496 183 529 242 P.
550 182 681 243 SESTIO
703 182 854 244 ORATIO.

110 354 217 401 omnes
232 337 406 397 honestates
427 333 572 408 civitatis,
596 349 701 394 omues
722 341 851 405 aetates,
875 349 983 393 omnes
1006 336 1130 399 ordines

109 438 172 482 una
189 419 388 489 consentiunt,
404 434 441 477 an
455 419 487 476 in
501 433 562 491 qna
576 417 671 477 iuriae
682 415 850 479 concitatae
860 423 1015 491 tamquam
1032 420 1074 478 ad
1090 422 1132 481 ln-

110 521 169 565 ons
183 501 228 561 rei
242 501 383 576 publicae
397 501 580 560 convolant?
610 497 680 560 110.
695 503 758 570 An,
783 498 880 558 sicubi
897 499 996 560 aderit
1009 501 1132 577 Gellius,

110 587 203 647 homo
217 594 248 645 et
262 586 353 645 tratre
368 583 526 658 indignus,
550 581 615 642 viro
631 581 798 642 clarissimo
817 589 909 655 atque
928 583 1048 655 optimo
1064 601 1131 646 con-

112 670 194 740 sule,
210 677 240 728 et
252 667 359 728 ordine
370 665 518 741 equestri,
535 665 621 725 cuius
635 665 685 724 ille
700 663 814 724 ordinis
827 680 938 724 nomen
949 665 1072 742 retinet,
1087 686 1132 730 or·

110 759 252 812 nomento
271 751 416 822 coniecit,
435 750 466 808 id
486 749 542 808 erit
561 751 781 822 popularet-
803 747 857 805 Est
870 745 951 807 enim
965 747 1062 810 homo
1079 750 1133 812 iste

108 835 225 911 populo
245 835 383 894 Romano
405 831 535 891 deditus.
557 829 691 890 -Nihil
720 829 782 889 vidi
802 829 914 902 magis=
947 830 1017 903 qui,
1043 850 1134 906 quum

110 918 177 979 eius
195 917 401 977 adolescendo
420 914 449 974 in
470 913 665 989 amplissimis
687 911 855 972 honoribus
875 912 984 972 summi
1001 915 1077 988 viri,
1099 918 1132 976 L.

107 999 239 1075 Philippi
252 999 365 1073 vitrici,
380 998 490 1058 llorere
504 997 669 1072 potuisset,
688 1012 788 1071 usque
801 1011 838 1054 ec
855 1012 916 1055 non
932 995 988 1056 luit
1003 1001 1133 1073 populu-

108 1083 167 1156 ris,
181 1092 215 1143 ut
227 1083 308 1142 bona
322 1083 408 1142 solus
423 1090 584 1141 comesset.
616 1079 733 1140 Deinde
747 1095 786 1138 ex
800 1077 918 1152 impuro
934 1080 1133 1142 adolescente

109 1175 143 1227 et·
158 1167 324 1240 petulante,
346 1171 562 1239 posteaquam
585 1180 648 1222 rem
671 1171 825 1237 paternam
845 1161 883 1221 ab
904 1160 1069 1224 idiotarum
1089 1166 1132 1224 di-

108 1247 189 1308 vitiis
215 1248 255 1306 ad
277 1246 527 1325 philosophorum
550 1247 684 1320 regulam
709 1245 864 1319 perduxit,
890 1243 1076 1306 Graeculum
1099 1264 1133 1308 se

110 1339 202 1404 utque
224 1328 362 1390 ociosum
377 1328 476 1402 putari
489 1328 600 1402 voluit,
616 1327 716 1389 studio
733 1328 897 1388 litterarum
913 1343 948 1387 se
963 1329 1067 1391 subito
1081 1331 1133 1390 de·

109 1412 193 1473 didit.
214 1411 292 1475 Nihil
306 1411 449 1472 iuvabant
461 1419 663 1484 anagnostae:
679 1410 770 1470 libelli
781 1427 836 1485 pro
849 1409 920 1470 vino
932 1410 1023 1471 etiam
1037 1429 1133 1487 saepe

109 1494 394 1568 oppignerabantur.
437 1494 579 1555 Manebat
608 1490 802 1575 insaturabile
824 1493 988 1563 abdomen,
1019 1496 1133 1569 copiae

109 1576 298 1637 deficiebant.
332 1578 437 1651 ltaque
452 1593 573 1651 semper
593 1576 769 1636 versabatur
788 1576 818 1636 in
843 1592 899 1651 spa
914 1591 1011 1635 rerum
1033 1593 1133 1637 nova-

107 1676 189 1720 rum:
210 1659 278 1720 ocio
294 1667 325 1721 et
343 1659 555 1734 tranquillitate
570 1659 614 1719 rei
635 1659 773 1735 publicae
787 1658 1034 1720 consenescebat.
1068 1660 1133 1719 LII.

107 1742 232 1816 Ecquae
247 1742 356 1803 seditio
370 1760 512 1818 umquam
530 1742 584 1802 init
600 1743 630 1802 in
647 1759 706 1817 qna
721 1759 781 1801 non
795 1743 845 1802 ille
861 1743 1023 1816 princepsa
1037 1743 1131 1816 ecqui

109 1825 273 1886 seditiosus
290 1825 340 1885 cui
361 1825 410 1886 ille
426 1843 486 1886 non
503 1825 680 1886 familiaris?
707 1841 823 1898 ecquae
839 1825 1010 1886 turbulenta
1025 1825 1130 1885 contio

107 1907 193 1969 cuius
214 1909 263 1969 ille
289 1924 350 1969 non
374 1911 561 1971 concitator?
593 1909 642 1969 cui
666 1909 743 1967 bene
765 1908 840 1973 dixit
861 1924 1005 1982 umquam
1027 1909 1132 1968 bonot

106 1992 185 2051 bene
200 1991 296 2051 dixitt
322 1991 428 2063 immo,
452 2009 542 2066 quem
560 1994 667 2052 fortem
682 2000 712 2050 et
726 1991 838 2051 bonum
855 1991 953 2053 civem
967 2008 1029 2050 non
1046 2000 1129 2066 petu-

107 2073 273 2134 lantissime
288 2082 335 2134 est
349 2074 537 2135 insectatust
559 2075 625 2148 qui,
639 2082 672 2133 ut
684 2075 791 2145 credo,
807 2092 867 2134 non
883 2074 1015 2134 libidinis
1027 2091 1128 2145 causa,

108 2158 164 2215 sed
179 2165 213 2215 ut
228 2157 377 2229 plebicola
392 2157 557 2229 videretur,
572 2156 739 2216 libertinam
755 2157 840 2216 duxit
855 2173 992 2216 uxorem.
1015 2156 1087 2218 111.
1102 2158 1129 2216 ls

107 2238 147 2297 de
162 2254 211 2296 me
225 2238 402 2312 suffragium
418 2239 498 2312 tulit,
520 2239 545 2297 is
561 2240 672 2311 adluit,
693 2240 720 2298 is
742 2239 874 2299 interluit
894 2242 994 2314 epulis
1013 2250 1045 2300 et
1064 2256 1129 2314 gra-

108 2319 303 2380 tulationibus
316 2322 546 2394 parricidarum:
563 2322 592 2381 in
610 2339 670 2395 quo
688 2331 788 2381 tamen
803 2332 850 2382 est
864 2339 912 2381 me
926 2324 1015 2395 ultus,
1036 2340 1129 2397 quum

106 2401 158 2461 illo
177 2417 229 2461 ore
244 2402 381 2464 inimicos
397 2413 443 2464 est
460 2422 545 2464 meos
562 2406 733 2464 suavimus:
762 2404 828 2480 qui,
855 2405 942 2479 quasi
956 2423 1024 2465 mea
1043 2407 1131 2480 culpa

107 2486 188 2545 bono
204 2485 383 2560 perdiderit,
400 2490 440 2547 itu
457 2489 495 2547 ob
511 2504 576 2548 eam
591 2487 689 2561 ipsam
701 2504 823 2548 causam
836 2497 883 2548 est
895 2489 966 2547 mihi
981 2489 1129 2560 inimicus

109 2569 180 2642 quia
195 2567 267 2627 nihil
282 2569 380 2629 habet.
397 2572 521 2630 ¹Utrnm
536 2587 593 2644 ego
610 2570 661 2630 tibi
682 2571 893 2644 patrimonium
914 2571 1026 2645 eripui,
1046 2571 1130 2642 Gelli,

107 2669 145 2710 an
163 2660 195 2711 tu
213 2652 392 2712 comedistis
417 2653 514 2725 Quint
535 2662 566 2712 tu
582 2669 649 2713 meo
665 2655 817 2727 periculo,
832 2671 943 2729 gurges
959 2671 995 2713 ac
1014 2671 1129 2727 vorago

107 2734 293 2808 patrimonii,
311 2736 488 2807 heluabare,
510 2744 555 2806 ut,
572 2738 597 2795 si
614 2753 671 2810 ego
689 2739 796 2797 consul
811 2755 873 2797 rem
888 2736 1042 2811 publicam
1058 2753 1129 2796 con-

107 2827 152 2876 tra
169 2827 196 2877 te
214 2827 244 2877 et
256 2820 394 2892 gregales
409 2828 477 2878 tuos
491 2820 714 2892 defendissem,
735 2820 765 2878 in
783 2820 901 2880 civitate
917 2836 987 2879 esse
1002 2837 1052 2878 me
1066 2822 1130 2880 nol-

106 2900 173 2958 lest
188 2901 229 2960 Te
244 2917 333 2960 nemo
345 2909 464 2967 tuorum
477 2902 579 2961 videre
593 2903 670 2961 vult:
686 2919 791 2963 omnes
803 2902 931 2973 aditum,
948 2918 1131 2976 sermonem,

108 2997 305 3055 congressum
320 2992 404 3044 tuum
420 2984 550 3059 lugiunt:
576 2994 603 3044 te
619 2987 734 3046 sororis
749 2987 828 3046 lilius
844 2986 1033 3058 Postumius,
1057 2987 1131 3046 ado-

106 3063 227 3123 lescens
247 3066 366 3139 gravis,
388 3068 475 3126 senili
495 3067 622 3139 iudicio,
644 3069 774 3139 notauit,
798 3086 888 3144 quum
902 3069 932 3127 in
947 3085 1059 3142 magno
1075 3087 1131 3129 nu·

107 3160 191 3203 mero
207 3155 333 3210 tutorem
351 3149 455 3210 liberis
476 3167 537 3210 non
559 3149 694 3211 instituit.
731 3151 793 3211 Sed
814 3154 910 3211 elatus
926 3151 997 3211 odio
1013 3162 1045 3212 et
1059 3168 1130 3212 meo

107 3235 137 3286 et
151 3226 195 3286 rei
209 3230 347 3301 publicae
363 3235 499 3304 nomine,
517 3250 645 3307 quorum
659 3233 709 3293 ille
725 3234 784 3292 utri
800 3236 837 3294 sit
852 3235 1000 3293 inimicior
1012 3234 1131 3306 nescio,

107 3312 193 3384 plura
209 3309 271 3370 dixi
283 3329 373 3384 quam
385 3316 544 3375 dicendum
560 3317 629 3387 luit,
646 3317 676 3375 in
688 3316 922 3376 furiosissimum
933 3326 1025 3392 atque
1037 3334 1132 3392 egen-

106 3393 254 3456 tissimum
275 3410 451 3469 ganeonem.
484 3396 553 3461 112.
579 3400 653 3458 llluc
667 3408 819 3459 revertor:
846 3410 951 3460 contra
972 3417 1021 3460 me
1035 3415 1132 3475 quum
