2340 3788
106 199 171 264 46⁰
239 199 278 259 ΙΝ
289 197 330 256 Μ.
344 194 544 255 ANTONIUM
559 193 700 254 ORATIO
713 193 925 253 PHILIPPICA
940 191 1018 254 XIV.

110 346 302 410 testinatione
321 344 528 422 praeripuisse
549 352 601 405 aut
622 342 683 403 vim
703 343 839 410 fortunae
861 341 989 404 stultitia
1006 351 1116 402 contem

109 429 212 505 psisse
231 429 398 491 videamur.

171 511 201 573 ti.
222 511 284 573 Sed
307 513 449 588 quoniam
474 507 655 584 significatio
682 515 783 568 vestra
804 507 880 566 satis
907 506 1043 567 declarat
1062 505 1120 582 quid

108 594 167 654 hac
190 595 229 654 de
247 611 282 655 re
307 592 455 664 sentiatis,
483 593 523 652 ad
542 592 657 652 litteras
677 591 811 663 veniam,
838 599 1011 663 quaesunt
1032 606 1120 650 acon-

109 677 226 738 sulibus
252 686 319 738 eta
342 684 538 752 propraetore
563 673 690 748 missae,
718 672 745 733 si
765 688 862 747 pauca
884 679 972 748 ante,
1001 688 1074 748 quae
1092 672 1122 731 ad

109 761 195 835 ipsas
219 761 333 822 litteras
357 759 541 835 pertineant,
565 758 681 817 dixero.
735 756 785 816 lll.
815 755 924 816 Imbuti
951 756 1057 830 gladii,
1079 771 1120 830 pa·

108 851 171 902 tres
203 842 382 918 conscripti,
421 841 573 916 legionum
603 837 851 913 exercituumque
882 847 1056 899 nostrorum
1084 837 1121 896 vel
1159 848 1162 910 j

108 924 270 986 madeiacti
292 926 393 1001 potius
410 924 530 986 duobus
548 923 675 985 duorum
695 923 870 995 consulum,
893 921 984 982 tertio
1001 919 1120 982 Caesaris
1158 918 1162 958 ἕ

108 1008 237 1082 proelio.
270 1008 303 1070 Si
318 1007 451 1069 bostium
465 1006 522 1068 luit
535 1004 585 1066 ille
600 1004 734 1079 sanguis,
751 1019 869 1066 summa
883 1004 1010 1065 militum
1025 1004 1119 1080 pietas:
1158 1001 1162 1031 .-

109 1091 256 1150 nelarium
272 1093 388 1163 scelus,
411 1090 438 1150 si
452 1089 571 1151 civium.
607 1089 671 1161 Quo
685 1103 785 1163 usque
798 1087 890 1163 igitur
905 1089 943 1159 iS,
966 1088 1018 1162 qui
1032 1100 1119 1146 omnes
1156 1083 1162 1124 l

109 1173 216 1233 hostes
236 1176 353 1234 scelere
374 1171 544 1249 superavit,
565 1172 685 1232 nomine
704 1172 803 1232 hostis
827 1169 966 1230 carebit?
992 1168 1049 1230 nisi
1068 1185 1118 1228 mu·
1154 1149 1162 1207 ³²

111 1271 221 1317 erones
243 1258 332 1317 etiam
353 1264 523 1316 nostrorum
550 1255 675 1315 militum
693 1262 822 1314 tremere
845 1254 936 1312 vultis
966 1252 1118 1313 dubitantes
1160 1261 1162 1288 ⁴

109 1346 208 1397 utrum
228 1338 258 1397 in
279 1337 347 1397 cive
367 1354 405 1397 an
424 1338 455 1396 in
472 1339 560 1397 hoste
575 1337 713 1412 ligantur.
756 1334 785 1396 t.
808 1335 1066 1410 supplicationem
1081 1335 1119 1394 de
1150 1356 1157 1408 ¹.

109 1419 244 1486 cernitis=
269 1419 388 1480 hostem
409 1436 470 1479 non
490 1418 661 1493 appellatis.
705 1420 813 1479 Gnatae
840 1435 916 1478 vero
943 1427 1061 1480 nostrae
1083 1417 1118 1476 dis
1152 1480 1154 1489 ,

108 1499 326 1561 immortalibus
341 1503 556 1575 gratulationes
571 1510 675 1574 erunt,
696 1510 799 1576 gratae
811 1502 971 1575 victimae,
989 1519 1074 1577 quum
1086 1501 1116 1558 in·
1155 1499 1162 1540 ἕ

106 1583 233 1642 terlecta
248 1581 287 1644 sit
301 1584 411 1644 civium
425 1583 598 1646 multitudot
642 1586 686 1646 De
699 1587 852 1662 improbis,
873 1584 987 1660 inquit,
1002 1592 1030 1645 et
1040 1582 1116 1643 asar
1129 1578 1161 1620 “l

106 1665 196 1726 abac.
238 1666 312 1726 Nam
328 1667 372 1728 sie
393 1684 448 1729 eos
464 1669 598 1744 appellat
611 1667 797 1729 clarissimus
812 1668 875 1728 vir=
904 1685 986 1742 quae
1002 1675 1067 1727 sunt
1079 1680 1116 1725 ur·
1160 1665 1162 1702 ³

108 1748 253 1809 bonarum
265 1749 424 1812 maledicta
439 1751 540 1825 litium,
556 1768 616 1811 non
628 1752 746 1812 inustae
756 1751 828 1812 belli
841 1751 1021 1811 internecini
1035 1757 1116 1809 notae.
1153 1745 1162 1792 i

107 1832 313 1906 Testamenta,
332 1835 439 1906 credo,
453 1834 623 1895 'subiiciunt
642 1843 694 1894 aut
712 1833 834 1894 eliciunt
849 1832 970 1895 vicinos
992 1842 1041 1893 aut
1059 1831 1115 1891 ado
1143 1825 1162 1880 Ρ

109 1915 295 1977 lescentulos
307 1916 570 1978 circumscribunt·
586 1917 634 1976 his
646 1919 726 1976 enim
737 1916 816 1976 vitiis
831 1917 972 1978 adiectos
989 1913 1116 1978 ettalibus
1134 1884 1158 2047 ti

107 1998 204 2057 malos
231 2009 261 2060 et
285 2001 418 2060 audaces
445 2002 619 2075 appellare
621 2003 698 2060 solet
723 2001 924 2061 consuetudo
968 1999 997 2062 8
1022 1988 1158 2058 Bellun

108 2081 290 2155 inexpiabile
302 2085 390 2142 inient
406 2092 547 2158 quattuor
557 2083 733 2143 consulibus
748 2100 826 2143 unus
842 2082 979 2143 omniurn
990 2087 1149 2146 latronum

108 2166 311 2225 taeterrimus:
338 2166 414 2238 gerit
428 2167 508 2225 idem
530 2167 640 2226 bellum
662 2183 728 2226 cum
747 2174 854 2226 senatu
873 2169 1054 2260 populoque
1073 2153 1162 2247 lio-{⁵

107 2260 212 2305 mano.
241 2248 439 2307 omnibus-
459 2266 640 2324 quamquam
663 2249 721 2309 ruit
746 2249 813 2324 ipse
840 2248 905 2309 suis
932 2251 1120 2310 cladibus-
1149 2238 1162 2278 ·

107 2334 227 2400 pestem
239 2330 417 2403 vastitatem,
436 2332 598 2392 cruciatum
610 2340 757 2393 tormenta
768 2333 944 2392 denunciata
960 2320 1162 2392 Dolabellrrl

109 2409 205 2469 lerum
221 2420 250 2471 et
264 2411 393 2473 immane
408 2416 541 2487 lacinuS,
565 2417 648 2489 quod
664 2417 745 2473 nulla
764 2415 904 2474 barbaria
919 2424 1030 2490 posset
1044 2426 1156 2487 agno·
1149 2398 1162 2493 lj'

109 2509 210 2564 scere,
229 2496 261 2553 id
280 2512 336 2554 suo
355 2497 482 2557 consilio
502 2500 612 2557 lactum
634 2514 705 2558 esse
727 2506 865 2557 testatur·
894 2514 1038 2572 quaeque
1056 2499 1162 2556 esset

108 2575 265 2636 tacturus
258 2595 287 2636 m
303 2579 360 2637 hac
376 2581 465 2652 urbe,
484 2582 541 2639 nisi
557 2597 624 2641 eum
640 2579 711 2640 hic'
703 2596 771 2655 rpse
785 2581 920 2655 luppiter
935 2581 974 2640 ab
990 2582 1049 2640 hoc
1064 2587 1125 2638 tem-

107 2660 158 2730 plo
180 2667 271 2733 atque
291 2663 451 2722 moenibus
471 2663 670 2738 reppulisset,
697 2664 862 2723 declaravit
881 2663 911 2722 in
928 2661 1127 2723 Parmensium

108 2741 290 2815 calamitate,
315 2760 394 2818 quos
411 2743 541 2819 optimos
565 2747 647 2807 viros
669 2746 965 2818 honestissimosque
987 2745 1126 2808 homines,

108 2825 238 2883 maxime
266 2842 334 2886 cnm
355 2827 531 2887 auctoritate
559 2829 647 2889 huius
675 2828 789 2889 ordinis
816 2830 985 2904 populique
1009 2823 1129 2889 Romani

108 2905 251 2980 dignitate
274 2909 466 2982 coniunctos,
490 2911 707 2972 crudelissimis
731 2912 942 2986 exemplist
898 2910 927 2969 in
930 2912 1050 2972 teremit
1067 2925 1130 2984 pro-

107 2990 233 3060 pudium
258 2992 331 3052 illud
362 3001 391 3052 et
420 3001 605 3088 portentum,
639 2995 672 3053 L.
692 2995 859 3066 AntoniuS,
888 2995 1010 3068 insigne
1036 2993 1131 3055 odium

109 3073 240 3133 omnium
251 3074 405 3136 hominum
420 3078 484 3147 vel,
500 3077 525 3135 si
540 3079 640 3157 etiam
644 3077 675 3136 di
689 3078 808 3138 oderint
823 3094 901 3173 quos
917 3086 1048 3152 oportet,
1064 3078 1130 3136 deo·

107 3169 183 3214 rum
227 3155 256 3215 9.
282 3159 402 3233 Refugit
422 3160 555 3232 animuS,
584 3168 685 3233 patres
705 3160 885 3235 conscripti,
912 3177 1015 3234 eaque
1037 3161 1133 3221 dicere

107 3239 282 3300 reformidat
305 3241 432 3315 quaeL.
448 3204 627 3302 Antonius
619 3260 648 3301 ιιι
663 3243 868 3304 Parmensium
890 3243 995 3302 liberis
1019 3253 1049 3304 et
1065 3257 1133 3302 con·

109 3317 228 3394 iugibus
252 3321 395 3383 effecerit.
440 3323 521 3396 Quas
546 3323 625 3384 eninr
645 3326 847 3400 turpitudines
869 3327 992 3387 Antonii
1011 3327 1134 3385 libenter

109 3415 177 3462 cum
199 3405 350 3465 dedecore
366 3405 535 3481 subierunt,
558 3408 683 3467 easdem
699 3425 754 3483 per
769 3408 829 3467 vim
848 3411 998 3470 laetantur
1015 3410 1083 3468 aliis
1104 3420 1134 3464 se
