2340 3788
23 155 65 221 oe
240 152 280 213 nr
297 151 328 212 o.
349 102 616 211 vnannrr‘ncr.
632 148 823 209 11.1.113.lv.

19 308 91 377 lum,
105 301 280 369 interesseta
302 300 385 361 illum
400 298 536 362 noluisse
552 314 611 359 sue
623 295 796 359 laudatione
815 295 924 359 iuvare
938 300 973 359 L.
988 300 1048 364 Lu·

20 389 140 458 collum,
158 385 273 445 sororis
291 383 396 457 rhum,
412 383 534 459 quicum
545 380 658 455 optime
671 380 881 443 convenissem
896 378 981 443 huno
994 384 1047 445 he

19 469 91 531 mini
110 466 296 528 alienissimo
317 483 336 527 a
350 464 520 527 civitatibus
536 462 728 525 laudationes
745 462 877 537 pervim
891 471 1049 528 etmetum

20 564 207 626 comparare.
239 547 310 613 tte.
339 548 427 624 Quod
436 546 490 607 uhi
502 544 650 618 intellexi,
666 546 791 607 multum
805 546 888 621 apud
901 545 989 609 illurn
1001 564 1048 609 re

20 642 124 695 centes
139 631 283 705 nuncios,
310 634 433 693 multum
452 630 577 691 tabellas
598 645 660 690 non
681 627 967 704 commendaticias,
991 633 1048 693 sed

18 716 190 777 tributarias
210 716 359 789 valuisse,
380 712 536 774 admonitu
550 711 813 791 Syracusanorum
828 709 970 787 ipsorum
990 713 1045 775 im-

20 810 124 874 petum
137 798 168 859 in
180 814 234 859 eas
247 800 363 860 tabulas
379 796 467 868 lario,
486 794 517 853 in
532 794 643 870 quihus
658 795 969 857 senatusconsultum
979 812 1047 872 per

20 882 215 957 scripserant
253 882 334 941 Ecce
354 886 455 939 autem
472 894 553 938 nova
567 878 654 939 turba
667 884 759 952 atque
772 876 855 952 rixa,
880 894 921 939 ne
945 885 1047 940 tamen

19 964 110 1026 istum
124 963 246 1025 omnino
261 961 422 1038 Syracusis
444 959 511 1021 sine
526 960 647 1036 amieis,
662 960 728 1021 sine
751 959 934 1034 hospitibus,
943 1022 946 1029 ,
956 962 1050 1036 ptnne

19 1048 135 1109 nudum
159 1062 230 1107 csse
255 1060 292 1105 ac
315 1045 467 1104 desertum
483 1042 612 1118 putetis,
641 1042 771 1104 retinere
793 1041 900 1118 incipit
925 1044 1048 1105 tabulas

19 1131 238 1191 Theomnastus
253 1126 385 1202 quidam,
399 1126 490 1187 homo
504 1125 632 1185 ridicule
647 1125 789 1199 insanus,
804 1142 897 1201 quem
913 1124 1045 1203 Syracu·

19 1215 86 1273 sani
98 1212 294 1270 Theoractum
313 1216 436 1270 vocant:
459 1207 510 1283 qui
526 1207 586 1268 illic
602 1209 668 1270 eius
678 1208 822 1280 modiest,
835 1217 868 1269 ut
878 1224 948 1270 eum
959 1209 1047 1284 pueri

20 1302 187 1364 sectentur,
208 1302 242 1352 ut
262 1307 383 1365 omncs,
408 1309 501 1367 quum
521 1292 605 1365 loqui
626 1290 741 1366 eoepit,
762 1290 916 1352 irrideant
947 1290 1046 1353 liuius

18 1385 118 1435 tamen
132 1373 260 1449 insania,
275 1390 354 1449 quae
370 1374 497 1435 ridicula
510 1382 557 1434 est
570 1373 647 1446 aliis,
665 1372 736 1434 mihi
751 1382 814 1434 tum
827 1375 957 1434 molesta
970 1390 1046 1435 sane

19 1457 88 1517 tuit:
104 1474 173 1517 nam
189 1473 282 1533 quum
299 1473 424 1533 spumas
438 1465 542 1530 ageret
555 1456 587 1515 in
602 1473 669 1529 ore,
691 1456 789 1518 oculis
810 1456 945 1529 arderet,
966 1472 1047 1518 voce

19 1539 150 1600 maxima
165 1540 227 1599 vim
239 1556 289 1619 pne
305 1539 364 1600 sihi
378 1540 497 1600 adferre
512 1541 663 1612 clamaret,
678 1538 813 1614 copulati
825 1539 857 1599 in
873 1538 922 1599 ius
936 1555 1045 1614 perve-

18 1621 128 1685 nimus.
159 1620 229 1685 149.
262 1622 318 1683 Hic
335 1638 393 1697 ego
407 1624 562 1697 postulare
574 1623 681 1697 coepi,
696 1631 729 1682 nt
742 1621 814 1681 mihi
829 1623 948 1683 tabulas
964 1622 1047 1683 obsi·

19 1720 112 1780 gnare
126 1721 162 1765 ao
177 1705 338 1782 deportare
354 1704 467 1766 liceret.
497 1705 552 1764 llle
572 1714 676 1766 contra
696 1705 814 1765 cicerae
841 1720 953 1780 negare
973 1720 1047 1766 esse

18 1786 92 1848 illud
106 1797 229 1850 senatus
251 1790 436 1863 consultum,
465 1788 495 1849 in
517 1804 578 1864 quo
605 1796 727 1864 praetor
748 1787 920 1862 appellatus
945 1795 1047 1848 esset⁸

18 1888 131 1947 negare
150 1872 182 1932 id
202 1871 274 1933 milri
284 1871 362 1932 tradi
378 1881 528 1947 oportere.
559 1872 624 1946 Ego
638 1874 736 1946 legem
750 1868 892 1945 recitare,
914 1869 1047 1930 omniurn

18 1955 90 2015 mihi
109 1956 277 2016 tabularum
296 1963 326 2016 ct
346 1955 509 2016 litterarum
529 1954 596 2015 lieri
616 1961 805 2029 potestatem.
837 1953 892 2015 llle
912 1952 1047 2017 fumosus

18 2054 142 2112 urgere,
168 2040 240 2098 nihil
261 2039 301 2099 ad
322 2055 357 2098 se
369 2047 490 2099 nostres
505 2039 589 2111 loges
605 2036 763 2112 pertinere.
793 2035 919 2097 Praetor
937 2035 1046 2096 intelli-

18 2135 94 2192 gens
115 2136 226 2192 negare
244 2120 301 2181 sihi
326 2122 463 2196 placere,
490 2120 575 2194 qnod
602 2128 726 2179 senatus
751 2121 922 2180 consultum
947 2126 1048 2179 ratum

21 2216 92 2260 esse
115 2216 176 2259 non
201 2203 340 2277 deberet,
366 2203 397 2263 id
416 2220 465 2264 me
480 2204 607 2263 Romam
634 2202 805 2276 deportare.
835 2200 913 2275 Quid
931 2202 1048 2262 multat

20 2282 80 2341 nisi
97 2282 305 2347 vehementius
320 2286 433 2347 homini
446 2287 577 2347 miramus
593 2300 710 2357 essem,
733 2284 792 2346 nisi
812 2284 889 2359 legis
914 2282 1046 2345 sanctio-

20 2381 90 2425 nem
104 2380 299 2441 poenamque
313 2369 505 2442 recitassem,
528 2369 696 2429 tabulnrum
715 2367 788 2427 mihi
807 2375 945 2443 potestas
968 2367 1048 2426 lacta

19 2465 82 2510 non
96 2456 189 2508 esset.
220 2449 387 2525 llle,autem
401 2452 544 2524 insanus,
560 2451 611 2528 qui
626 2467 682 2527 pro
704 2450 762 2511 isto
778 2449 1047 2511 vehementissime

19 2541 124 2595 eontra
139 2546 187 2591 me
202 2530 416 2608 declamasset,
435 2546 599 2611 postquam
613 2551 674 2595 non
689 2532 928 2609 impetravisset,
943 2533 1047 2604 credo,

17 2624 52 2679 ut
67 2613 234 2691 ingratiam
248 2631 367 2676 meeum
381 2617 507 2692 rediret,
520 2619 653 2679 libellum
669 2616 740 2676 mihi
754 2617 820 2690 dat,
834 2615 865 2675 in
883 2631 946 2691 qno
958 2615 1047 2676 istius

17 2700 98 2761 turta
112 2699 308 2777 Syracusana
324 2699 495 2775 perscripta
517 2710 615 2762 erant:
638 2715 716 2776 quae
737 2715 793 2774 ego
817 2707 906 2760 antea
927 2698 990 2758 inm
1009 2697 1048 2757 ab

15 2778 78 2842 illis
91 2799 256 2858 cognoram
270 2791 300 2843 et
314 2798 501 2858 acceperam.

99 2866 215 2926 LXVII.
248 2864 318 2928 150.
349 2866 487 2927 Laudent
502 2877 531 2928 te
547 2867 606 2927 iam
622 2882 695 2927 sane
708 2863 885 2936 Mamertini,
903 2863 1048 2938 quoniam

18 2958 60 3003 ex
73 2952 138 3007 tota
153 2950 310 3023 provincia
324 2950 381 3010 soli
399 2958 469 3011 sunt
489 2950 541 3025 qui
561 2959 590 3010 te
609 2950 726 3010 salvum
746 2949 853 3008 velint:
883 2946 925 3006 ita
946 2955 1048 3007 amen

18 3026 158 3100 landent,
188 3042 221 3092 ut
236 3033 346 3105 Heius,
374 3033 424 3107 qui
445 3034 589 3109 princeps
610 3032 771 3106 legationis
794 3040 857 3104 cst,
886 3027 982 3089 adsit=
1009 3029 1051 3089 ita

17 3106 157 3179 laudent,
171 3116 315 3187 aladen,
332 3132 410 3190 quac
423 3116 520 3191 rogati
535 3124 632 3188 erunt,
646 3115 717 3173 mihi
732 3113 828 3189 parati
844 3111 904 3173 sint
917 3127 1049 3185 respon-

16 3192 101 3253 dere.
132 3194 179 3251 Ae
192 3210 231 3254 ne
246 3199 345 3258 subito
361 3215 379 3258 a
394 3214 443 3258 me
460 3197 685 3273 opprimantur,
699 3197 774 3257 haec
792 3212 858 3257 sum
870 3202 1049 3268 rogaturusz

14 3273 132 3339 Navem
152 3278 266 3349 populo
285 3281 423 3342 Romano
444 3281 635 3341 debeantner
669 3279 861 3341 Fatebuntar.
896 3275 1050 3337 Praebue-

0 3394 12 3423 ι
32 3358 116 3419 'nure
128 3366 269 3435 praetore
284 3361 314 3420 C.
333 3364 451 3424 Verret
487 3364 654 3438 Negabunt.
685 3361 923 3425 Aedificnrintne
938 3375 1053 3421 navem
