2340 3788
276 97 279 103 '
371 106 601 171 consi-ae.
621 113 827 177 §rra-11⁹.
945 132 948 138 ·
1051 111 1096 179 87

54 259 140 321 illius
167 256 368 319 continentior
399 258 528 331 abillo,
564 257 616 335 qui
643 258 738 333 cepit,
768 259 922 334 conditas,
955 261 994 325 ab
1025 260 1096 336 hoc,

57 342 114 419 qui
128 339 313 408 constitutas
332 339 468 416 accepit,
489 348 594 415 captas
610 340 717 401 dicetis
732 340 913 420 Syracusas.
945 341 1018 407 116.
1047 347 1095 405 Ac

55 425 118 487 iam
133 421 189 486 illo
205 422 326 494 omitto,
348 439 427 498 quae
444 423 586 498 disperse
599 441 619 484 a
632 440 680 483 me
693 425 793 485 multis
807 424 838 487 in
859 424 935 487 locis
956 426 1096 489 dicentur

58 525 97 571 ac
111 507 197 569 dieta
211 513 297 567 sunta
320 507 418 567 lormn
434 506 713 584 Syracusanorum,
728 507 812 581 quod
826 507 948 570 introitu
958 509 1095 571 Marcelli

59 589 287 668 purum-caede
301 598 455 651 servatum
471 597 533 663 est,
554 588 586 650 id
600 590 735 652 adventu
747 591 852 649 Verris
865 590 1034 653 Siculorum
1047 594 1092 653 in-

10 716 12 723 ·
60 672 238 737 nocentium
265 671 413 747 sanguine
435 673 641 739 redundassea
673 682 794 748 portum
820 672 1092 749 Syracusanorum,

10 808 12 817 .
59 756 111 835 qui
135 766 202 819 mm
227 763 258 815 et
280 757 394 817 nostris
417 755 570 816 classibus
596 763 626 816 et
644 754 941 831 Karthaginiensium
969 758 1093 820 clausus

10 834 12 905 ἐ
57 840 185 912 luisset,
205 853 274 899 eum
298 839 358 900 isto
373 846 515 913 praetore
530 838 654 899 cilicum
673 838 855 916 myoparoni
872 838 1101 912 praedonibus·-

10 926 13 935 “
59 940 118 999 que
132 920 290 998 patuisse:
312 919 396 980 mitto
415 921 577 982 adhibitam
591 922 652 983 vim
666 921 823 999 ingenuis,
838 929 950 982 matres
965 922 1093 985 familias
1155 915 1160 923 '

10 1022 15 1043 ²
58 1008 205 1077 damma,
231 1020 310 1079 quae
325 1011 389 1065 tum
402 1003 433 1063 in
449 1005 524 1066 urbe
540 1014 629 1081 capta
642 1005 806 1067 commissa
820 1022 882 1067 non
898 1013 970 1064 sunt
991 1020 1094 1078 neque

57 1089 127 1153 odio
148 1086 256 1164 hostili
281 1103 383 1161 neque
404 1087 526 1149 licentia
544 1088 663 1149 militari
683 1105 785 1165 neque
807 1104 892 1149 more
906 1085 978 1148 belli
991 1103 1093 1162 neque
1141 1081 1146 1102 ¹

58 1169 299 1235 inre'victoriaez
314 1169 415 1244 mitto,
430 1170 569 1247 inquam,
584 1171 661 1232 haec
676 1171 793 1245 omnia,
810 1187 888 1248 quae
903 1171 942 1232 ab
959 1169 1019 1231 isto
1036 1186 1094 1246 per

57 1254 221 1319 triennium
236 1254 373 1329 perlecta
387 1263 472 1315 sunt:
494 1271 546 1328 ea,
569 1272 649 1328 quae
664 1255 827 1317 coniuncta
840 1270 909 1315 cum
924 1253 983 1314 iltis
997 1254 1092 1313 rebus

59 1344 142 1412 suar,
162 1338 204 1399 de
219 1336 330 1411 quibus
345 1344 435 1397 antea
449 1335 527 1408 dixi,
552 1338 739 1412 cognoscite.
772 1334 842 1399 117.
869 1337 983 1399 Urbem
997 1336 1090 1414 Syra—

59 1436 150 1485 cusas
176 1421 338 1481 maximam
363 1436 435 1481 esse
461 1421 660 1496 Graecarum,
684 1419 918 1496 pulcherrimam
948 1420 1091 1494 omnium,

58 1520 152 1579 saepe
167 1502 308 1563 audistis.
336 1503 406 1578 Est,
427 1503 560 1575 iudices,
573 1503 625 1578 ita,
639 1513 672 1565 ut
686 1504 806 1566 dicitur.
833 1504 908 1565 Nam
924 1512 955 1565 et
968 1503 1029 1565 situ
1043 1511 1092 1563 est

58 1603 151 1663 quum
165 1585 280 1648 munito
305 1595 367 1646 turn
390 1602 430 1648 ex
444 1587 526 1649 omni
540 1586 638 1660 aditu,
664 1588 714 1647 vel
728 1595 808 1648 terra
821 1589 871 1647 vel
886 1585 976 1661 rnari,
1000 1601 1090 1662 prac-

58 1670 138 1733 elare
159 1670 201 1731 ad
217 1677 392 1744 aspectum,
420 1676 450 1728 et
474 1677 580 1743 portus
600 1668 693 1730 habet
713 1685 812 1744 prope
832 1668 863 1728 in
877 1668 1089 1730 aedificatione

58 1761 250 1829 aspectuque
264 1749 350 1811 urbis
366 1751 518 1810 inclusos:
541 1749 593 1823 qui
613 1767 707 1823 quum
727 1750 869 1811 diversos
883 1751 961 1810 inter
976 1767 1011 1810 se
1025 1750 1093 1811 adi-

58 1844 105 1897 tus
115 1835 263 1905 habeant,
279 1831 311 1890 in
326 1829 410 1891 exitu
423 1830 648 1903 coniunguntur
657 1841 689 1892 et
702 1831 869 1892 confluunt
890 1833 1004 1892 Eorum
1018 1848 1090 1891 con-

57 1916 214 1981 iunctione
230 1930 304 1989 pars
319 1911 439 1987 oppidi,
455 1928 535 1988 quae
550 1914 719 1987 appellatur
736 1914 853 1986 lnsula,
868 1912 944 1973 mari
957 1912 1092 1975 diiuncta

56 2007 205 2077 assumto,
229 2004 322 2071 ponte
336 2012 443 2057 rursus
460 1995 633 2070 adiungitur
655 2004 686 2058 et
706 1996 885 2059 continetur.
916 1994 990 2054 Llil.
1018 1994 1090 2059 118.

56 2082 98 2145 lla
110 2090 198 2147 tanta
211 2089 260 2142 est
276 2080 366 2152 urbs,
381 2088 414 2140 ut
427 2095 467 2139 ex
482 2087 624 2154 quattuor
637 2080 764 2141 urbibus
786 2077 925 2140 maximis
948 2087 1091 2142 constare

56 2164 190 2227 dicatum:
212 2179 341 2238 quarum
353 2178 414 2223 una
428 2171 476 2223 est
494 2180 545 2236 ea,
562 2179 653 2238 quum
670 2163 748 2235 dixi,
768 2162 886 2235 insuta,
911 2179 991 2237 quae
1013 2164 1091 2225 duo·

58 2248 114 2309 hus
130 2247 281 2323 portubus
297 2246 411 2318 cincta,
429 2246 460 2306 in
477 2247 637 2322 utriusque
652 2256 761 2322 portus
783 2247 894 2307 ostium
912 2246 1090 2325 aditumque

57 2330 195 2406 proiecta
209 2339 264 2402 est,
282 2329 313 2389 in
327 2346 391 2405 qua*
401 2330 511 2395 domus
527 2338 583 2404 est,
599 2346 679 2406 quae
690 2329 833 2391 Hieronis
847 2330 928 2405 regis
944 2329 1009 2404 luit,
1027 2347 1091 2405 qua

57 2421 216 2489 praetores
232 2411 275 2472 uti
288 2414 396 2473 solent.
418 2413 452 2471 ln
467 2429 506 2472 ea
520 2422 591 2473 sunt
601 2414 695 2474 aedes
710 2428 818 2474 sacrae
831 2415 1014 2491 complures,
1032 2413 1090 2473 sed

57 2498 141 2559 duae
163 2509 242 2570 quae
273 2496 364 2569 longe
387 2495 518 2555 caeteris
543 2498 740 2568 antecellant:
771 2497 901 2570 Dianae,
929 2496 1088 2565 etaltera,

56 2594 140 2655 quae
161 2578 218 2639 luit
237 2586 306 2639 ante
326 2576 415 2657 istius
437 2577 599 2639 adventum
627 2579 836 2653 ornatissima,
858 2579 1023 2639 Minervae.
1055 2576 1090 2634 ln

55 2663 113 2723 hac
137 2661 238 2723 insuta
257 2669 393 2721 extrema
414 2669 462 2720 cst
483 2661 553 2723 tons
575 2678 675 2736 aquae
688 2665 801 2737 dulcis,
823 2660 873 2722 cui
888 2674 999 2722 nomen
1012 2660 1088 2718 Are-

56 2746 149 2807 lhuse
162 2753 225 2818 est,
240 2743 411 2805 incredibili
426 2743 648 2819 magnitudine,
665 2745 861 2820 plenissimus
876 2741 1021 2816 piscium,
1036 2741 1089 2818 qui

56 2827 153 2889 fluctu
172 2835 255 2889 totus
272 2826 458 2902 operiretur,
482 2826 542 2886 nisi
563 2826 728 2889 munitione
748 2843 785 2888 ac
799 2826 881 2887 mole
895 2822 1029 2899 lapidum
1042 2824 1087 2891 di-

54 2911 178 2973 iunctus
212 2915 306 2970 esset‘
328 2928 347 2969 a
371 2908 456 2970 mari.
495 2909 566 2971 119.
604 2911 710 2970 Altera
735 2917 836 2971 autern
860 2915 908 2968 est
931 2909 1004 2970 urbs
1027 2908 1087 2987 Sy·
1165 2983 1167 2986 ¹

53 2993 190 3067 racusis,
206 2993 256 3055 cui
271 3008 382 3055 nomen
402 2994 577 3054 Achradina
594 3000 656 3054 est:
676 2994 705 3053 in
723 3010 784 3068 qua
801 2993 899 3052 lorum
915 2992 1088 3065 maximum,

55 3076 280 3154 pulcherrimae
293 3077 445 3151 porticus,
462 3075 686 3138 ornatissimum
701 3074 883 3153 prytanium,
899 3075 1087 3152 amplissima

52 3174 103 3222 est
123 3159 208 3220 curia
229 3161 436 3235 temptumque
458 3162 612 3243 egregium
632 3160 714 3222 lovis
736 3158 867 3236 Olympii
885 3169 1087 3233 caeteraeque

52 3243 140 3305 urbis
159 3251 276 3318 partes,
293 3258 372 3318 quae
387 3259 448 3303 una
459 3244 509 3302 vie
522 3245 582 3303 lata
594 3252 744 3317 perpetua
758 3244 919 3318 multisque
933 3253 1085 3304 transver

51 3326 100 3389 sis
120 3325 240 3386 divisae
261 3324 388 3401 privatis
409 3325 557 3387 aediliciis
574 3325 773 3386 continentur.
797 3322 903 3387 ‘Tertia
928 3333 976 3386 est
999 3323 1086 3398 urbs,
