2340 3788
81 176 125 246 78
319 182 358 241 IN
372 180 404 241 (2.
419 180 584 241 VERREM
596 180 681 240 ACT.
699 180 735 240 ll.
749 182 821 243 ΗΒ.
836 183 888 243 IV.

81 350 152 410 pam
168 333 345 407 crimenque
361 338 496 406 cuperet,
506 338 607 391 tamen
622 328 649 391 is
660 331 812 406 prolicere
826 332 900 392 nibil
915 342 1026 409 posset

80 419 160 477 enim
176 415 291 477 deduxi
305 406 400 475 testes
412 421 442 474 et
453 429 507 474 eas
521 413 637 474 litteras
652 414 822 490 deportavi,
834 422 868 476 ut
877 416 919 477 de
929 415 1021 479 istius

80 499 205 560 dubium
219 513 291 559 esse
307 497 418 558 nemini
435 505 552 573 posset.
579 495 630 559 92.
648 496 791 558 Publicae
812 497 931 559 litterae
951 508 1025 562 sunt

80 589 230 658 portatum
241 582 422 642 Mercurium
437 597 509 642 esee
519 578 693 640 Messanam
708 588 832 655 sumptu
845 582 988 656 publieo=
1003 584 1027 644 d

81 664 201 741 quantia
228 664 400 741 praefuisse
426 662 497 722 huic
522 662 652 736 negocio
673 662 796 738 publice
823 665 958 739 legatum
980 666 1027 729 Po:

80 748 181 823 Quide
198 748 227 809 is
245 749 296 809 ubi
311 754 379 809 este
404 747 528 805 Praesto
544 754 606 806 est:
627 745 714 806 testis
738 753 794 806 est.
824 747 970 823 Proagori
991 749 1027 811 St

81 833 177 893 iussu.
200 831 273 905 Quis
288 839 336 892 est
350 828 421 889 hiet
448 827 500 903 qui
521 829 560 888 ad
581 837 709 889 statuam
724 828 868 891 astrictus
883 838 940 891 est.
957 822 1027 907 *Qui

79 917 131 975 ubi
146 922 215 975 aste
236 913 366 974 Vidistis
383 910 536 972 hominem
552 919 582 970 et
592 911 687 971 verba
700 911 768 972 eius
782 911 921 975 audistis.
939 915 1027 978 Deru<

81 1015 153 1075 pum
170 997 286 1058 curavit
300 994 470 1055 Demetrius
484 995 746 1070 gymnasiarcbus,
758 996 842 1071 quod
855 995 882 1059 is
894 996 923 1056 ci
937 997 1010 1060 loco
1024 1018 1027 1076 j

81 1090 154 1142 erat.
189 1079 290 1153 Quidt
308 1078 368 1138 hoc
389 1093 446 1137 nos
467 1076 618 1138 dicimus‘t
648 1079 742 1138 lmmo
758 1094 833 1140 vero
854 1076 925 1154 ipse
944 1098 1027 1157 praet

79 1167 195 1226 Romae
215 1177 313 1235 nuper
340 1161 443 1235 ipsum
456 1159 548 1221 istum
565 1176 637 1220 esse
650 1161 833 1236 pollicitum,
850 1178 922 1223 sese
943 1163 975 1223 id
990 1164 1027 1241 sit

79 1245 186 1321 legatis
199 1243 401 1316 redditurum,
424 1242 452 1304 si
468 1241 534 1305 eius
553 1242 598 1303 rei
614 1243 785 1304 testificatio
805 1246 961 1308 tolleretur
975 1263 1027 1311 car

81 1326 143 1403 que'
152 1334 236 1387 esset
250 1342 305 1388 eos
320 1326 524 1387 testimonium
536 1343 597 1387 non
608 1343 680 1387 esse
692 1327 836 1389 dicturos,
857 1329 941 1391 Dixit
953 1329 1016 1393 boc

78 1426 137 1470 vos
150 1409 305 1485 Zosippus
319 1418 350 1470 et
364 1409 525 1483 ismenias,
541 1410 679 1471 homines
702 1411 883 1473 nobilissimi
904 1422 935 1474 et
951 1414 1027 1489 prin

78 1491 301 1571 Tyndaritanae
319 1492 458 1553 civitatis.

160 1574 263 1636 XLlll.
284 1575 334 1637 93.
351 1575 450 1650 Quid?
463 1577 629 1651 Agrigento
644 1592 746 1656 nonne
760 1577 899 1639 eiusdem
909 1579 941 1638 P.
954 1579 1027 1657 Scip

78 1667 319 1731 monumentum,
342 1659 462 1735 signum
478 1657 630 1733 Apollinis
649 1658 900 1736 pulcherrimum,
915 1663 1005 1724 cuius
1019 1664 1027 1725 i

78 1758 162 1804 more
182 1742 288 1804 litteris
308 1742 432 1804 minutis
454 1740 606 1817 argenteis
630 1759 741 1803 nomen
754 1743 892 1821 Myronis
919 1746 1027 1807 eratin

78 1835 171 1902 ptum,
188 1826 411 1902 eersculapii
421 1824 653 1901 religiosissimo
669 1827 739 1887 lanc
753 1826 924 1889 sustulistil
939 1828 1027 1905 Quod

78 1912 156 1981 dem,
171 1909 298 1985 iudices,
314 1926 407 1986 quum
420 1911 478 1972 iste
493 1913 570 1970 clam
588 1909 721 1982 lecisset,
734 1924 826 1985 quum
839 1912 879 1971 ad
896 1928 986 1973 suum
1004 1928 1027 1974 a

77 1994 152 2054 illud
167 1995 340 2069 lurtumque
357 1993 504 2055 celarium
519 1995 671 2070 quosdam
686 1993 825 2055 homines
836 1993 995 2069 improbos
1008 1994 1027 2051 d

77 2084 169 2149 atque
182 2076 336 2137 adiutores
351 2077 549 2148 adhibuisset,
561 2077 756 2137 vehementer
767 2085 914 2138 commota
925 2076 1027 2135 civitae

76 2157 145 2232 Upo
161 2159 240 2217 enim
261 2167 397 2235 tempore
413 2158 603 2234 Agrigentini
618 2159 801 2220 beneficium
816 2158 962 2228 Africani,
979 2158 1027 2216 rel

77 2254 147 2298 nem
154 2240 360 2316 domesticam,
372 2252 580 2303 ornamentum
591 2242 684 2316 urbis,
697 2242 838 2303 indicium
851 2238 1003 2311 victoriae,
1019 2247 1027 2299 l

77 2322 210 2381 monium
228 2323 382 2385 societatis
396 2325 599 2401 requirebant.
634 2327 737 2399 ltaque
752 2323 858 2397 abiis,
881 2321 931 2396 qui
944 2321 1027 2397 print

76 2403 107 2463 in
123 2420 160 2464 ca
175 2404 295 2466 civitate
311 2416 405 2481 erant,
422 2407 606 2484 praecipitur
620 2419 650 2470 et
663 2406 821 2482 negocium
832 2407 921 2465 datur
931 2420 1027 2478 quaes

75 2489 134 2549 bus
149 2495 179 2548 et
192 2488 351 2559 aedilibus,
366 2499 400 2551 ut
419 2500 511 2552 noctu
527 2491 644 2566 vigilias
665 2497 789 2563 agerent
808 2488 849 2546 ad
867 2489 961 2547 aedes
985 2504 1027 2548 sar

76 2572 193 2632 Etenim
208 2572 265 2633 iste
271 2573 437 2648 Agrigenti,
449 2574 540 2634 credo
551 2582 676 2649 propter
685 2570 903 2631 multitudinem
914 2570 1027 2632 illorum

74 2656 188 2717 minum
199 2663 291 2731 atque
300 2655 444 2727 virtutem,
457 2664 488 2717 et
498 2657 579 2728 quod
589 2655 675 2714 ‘cives
685 2652 822 2726 Romani,
833 2653 891 2713 viri
901 2654 1027 2715 sortesa

75 2739 212 2812 bonesti,
235 2737 375 2814 permulti
391 2738 421 2798 in
441 2738 492 2798 illo
510 2736 624 2813 oppido
640 2734 888 2797 coniunctissimo
908 2737 1012 2798 animo

75 2821 152 2897 ipsis
166 2821 372 2899 Agrigentinis
388 2823 490 2881 vivunt
504 2836 540 2880 ac
557 2819 764 2894 negociantur,
779 2835 839 2878 non
855 2820 989 2881 audebat
1001 2837 1027 2895 pr

76 2920 207 2977 poscere
221 2915 274 2968 aut
284 2907 388 2968 tollere
400 2920 479 2979 quae
490 2901 661 2978 placebant.
681 2899 731 2962 94.
746 2902 886 2963 Herculis
897 2904 1027 2978 templuo

74 2987 158 3059 apud
173 2990 401 3065 Agrigentinos,
424 3002 484 3047 non
504 2987 636 3060 longe‘a
656 2985 739 3058 loro,
760 3001 834 3046 sane
856 2994 995 3047 sanctum
1018 3002 1027 3045 t

73 3066 144 3127 illos
155 3078 185 3129 et
195 3073 377 3146 religiosum.
393 3069 437 3130 lbi
448 3076 494 3129 est
505 3084 544 3128 ex
556 3084 626 3129 aere
638 3067 831 3129 simulacrum
842 3067 941 3144 ipsius
951 3070 1027 3129 Herc

75 3165 136 3224 quo
147 3167 207 3211 uon
220 3155 307 3214 iacile
318 3153 445 3213 dixerim
457 3151 623 3228 quidquam
635 3167 683 3211 me
695 3150 811 3212 vidisse
823 3152 968 3227 pulcrius,
979 3160 1027 3212 tun

74 3249 135 3293 non
156 3242 216 3293 tam
235 3237 359 3296 multum
379 3236 410 3295 in
430 3235 497 3295 istis
519 3236 610 3294 rebus
630 3233 781 3310 intelligo,
801 3251 892 3310 quam
913 3238 1008 3296 multa

72 3333 172 3393 usque
189 3333 235 3387 eo,
252 3316 379 3392 iudices,
393 3327 427 3379 ut
439 3318 546 3401 rictum
562 3317 628 3379 eius
643 3326 826 3378 uenientum
841 3319 946 3393 paullo
964 3317 1027 3380 sitt

71 3400 141 3479 tius,
157 3400 240 3477 quod
254 3401 288 3477 in
299 3400 443 3477 precibus
458 3409 488 3463 et
503 3399 752 3478 gratulationibus
767 3417 829 3463 non
844 3402 944 3464 solum
958 3400 990 3462 id
1009 3419 1027 3461 v
