2340 3788
102 198 163 267 tna
381 191 455 253 rac
472 192 505 253 n.
521 192 684 253 munna
700 190 850 252 canno.
885 234 891 242 ,

104 362 173 407 mea
195 359 313 405 summa
338 350 369 404 et
390 340 480 403 vobis
505 343 627 417 cognita
647 341 679 402 in
702 358 767 402 rem
790 339 942 416 publicam
964 340 1131 421 diligentia,

103 442 230 502 moneo,
256 441 312 502 pro
333 427 509 487 anctoritate
529 424 684 486 consulari
702 424 820 497 hortor,
846 440 901 499 pro
922 425 1130 500 magnitudine

104 509 231 587 periculi
245 511 389 582 obtestor,
410 516 444 568 ut
459 507 538 582 ocio,
560 516 594 569 ut
608 507 686 582 paci,
705 515 738 568 ut
752 504 850 580 saluti,
867 513 900 566 ut
913 509 994 568 vitae
1007 519 1130 572 vestrae

103 603 134 654 et
145 603 334 653 caeterorum
344 592 455 652 civium
466 589 648 652 consulatis=
664 589 774 650 deinde
786 605 843 663 ego
857 587 938 649 idem
951 606 1009 651 vos
1025 593 1129 653 deien-

103 677 183 737 soris
198 682 229 736 et
244 675 333 735 amici
348 673 451 736 cilicio
467 675 617 735 adductus
638 689 692 734 oro
715 681 807 746 atque
829 673 976 747 obsecro,
999 672 1129 748 iudices,

100 766 187 820 utne
200 757 332 819 hominis
346 756 450 818 miseri
464 765 495 817 et
509 775 602 832 quum
617 755 755 831 corporis
770 754 876 816 morbo
890 763 954 816 tum
967 756 1061 817 animi
1076 760 1129 819 do

101 845 166 904 lore
182 842 328 914 coniecti,
345 842 378 901 L.
392 840 552 914 Murenae,
573 848 727 900 recentem
741 837 972 913 gratulationem
988 857 1073 900 nova
1088 842 1129 900 la-

100 925 285 987 mentatione
296 922 441 986 obruatis.
469 923 562 984 Modo
577 921 708 983 maximo
721 921 870 982 beneficio
883 923 990 997 populi
1000 924 1129 992 Romani

100 1017 225 1071 ornatus
245 1009 415 1069 fortunatus
436 1003 611 1079 videbatur,
637 1005 720 1081 quod
741 1003 856 1080 primus
872 1003 903 1064 in
920 1005 1063 1065 lanuliam
1078 1022 1130 1066 ve·

99 1100 210 1165 terem,
234 1091 350 1166 primus
363 1089 394 1151 in
409 1087 605 1164 municipium
620 1086 863 1164 antiquissimum
878 1089 1069 1151 consulatum
1084 1097 1128 1151 at-

99 1175 234 1236 tulissem
255 1188 336 1233 nunc
350 1172 431 1232 idem
445 1173 590 1246 squalore
603 1180 634 1232 et
647 1170 789 1231 sordibus
806 1172 980 1246 conlectus,
996 1173 1127 1234 lacrimis

99 1273 137 1317 ac
157 1270 295 1316 maerore
313 1253 466 1330 perditus,
488 1263 591 1315 vester
607 1261 655 1316 est
669 1255 817 1331 supplex,
839 1253 972 1327 iudices,
992 1264 1129 1323 vestram

98 1339 192 1398 fidem
203 1339 379 1411 obtestatur,
390 1337 628 1398 misericordiam
637 1337 788 1414 implorat,
803 1346 934 1398 vestram
944 1347 1128 1413 potestatem

19 1492 22 1497 ¹
99 1436 137 1480 ac
151 1428 270 1481 vestras
285 1436 361 1495 opes
376 1421 515 1481 intuetur.
557 1419 608 1484 ot.
629 1421 742 1492 Nolite,
764 1437 820 1495 per
834 1421 910 1482 deos
925 1421 1126 1484 immortales!

15 1534 19 1541 -
97 1500 225 1576 iudices,
242 1502 302 1562 hac
318 1518 388 1563 eum
401 1519 444 1577 re,
464 1520 525 1578 qua
541 1520 576 1564 se
590 1504 795 1563 honestiorem
809 1505 875 1566 lore
889 1504 1015 1579 putavit,
1037 1504 1128 1566 etiam

98 1584 228 1646 caeteris
252 1593 323 1647 ante
347 1584 442 1661 partis
461 1585 671 1647 honestatibus
691 1594 782 1660 atque
800 1586 881 1647 omni
901 1586 1046 1660 dignitate
1067 1589 1128 1650 ior-

24 1720 27 1727 .
97 1675 231 1743 tunaque
247 1667 379 1744 privare.
409 1674 512 1744 Atque
529 1668 570 1730 ita
587 1685 643 1730 vos
660 1667 687 1728 si
700 1668 733 1727 L.
747 1668 887 1742 Murena,
902 1668 1035 1743 indices,
1060 1680 1128 1732 orat

97 1757 190 1825 atque
209 1751 365 1824 obsecrat,
388 1750 415 1812 si
435 1750 546 1812 iniuste
560 1751 711 1812 nerninem
731 1751 833 1826 laesit,
856 1752 884 1813 si
904 1753 1015 1816 nullius
1033 1769 1126 1815 aures

97 1834 322 1896 voluntatemve
337 1834 477 1906 violavit,
501 1834 528 1895 si
547 1834 674 1908 nemini,
694 1843 727 1896 ut
746 1834 899 1895 levissime
916 1835 1030 1909 dicam,
1051 1836 1126 1896 odio

96 1932 154 1978 nec
176 1918 257 1979 domi
279 1933 337 1977 nec
357 1917 480 1978 militiae
502 1917 571 1992 luit,
598 1918 636 1978 sit
656 1918 739 1993 apud
757 1934 815 1978 vos
837 1917 1004 1979 modestiae
1025 1920 1127 1994 locus,

96 1999 137 2061 sit
147 2001 290 2062 demissis
301 1999 473 2083 hominibus
488 1999 669 2077 perfugium,
685 2001 724 2062 sit
735 1999 877 2062 auxilium
889 2000 1009 2076 pudori.
1031 2000 1126 2063 Mise-

74 2090 75 2093 ’
94 2082 259 2143 ricordiam
269 2083 410 2158 spoliatio
423 2084 599 2144 consulatus
610 2099 750 2158 magnam
761 2082 978 2157 haberedebet,
989 2082 1124 2145 indices2

95 2180 157 2224 nna
176 2165 256 2223 enirn
276 2165 444 2240 eripiuntur
461 2181 529 2226 curn
549 2167 710 2227 consulatu
731 2165 840 2226 omnia.
883 2165 1028 2226 Invidiam
1049 2183 1124 2228 vero

95 2246 144 2306 his
158 2247 345 2321 temporibus
364 2248 477 2309 habere
494 2251 669 2311 consulatus
688 2248 756 2324 ipse
777 2250 889 2309 nullam
907 2258 1020 2324 potest=
1046 2249 1123 2310 obii·

96 2328 174 2389 citur
189 2329 269 2389 enim
287 2331 478 2391 contionibus
494 2331 725 2403 seditiosorum,
750 2329 868 2392 insidiis
887 2333 1121 2405 coniuratorum,

94 2413 164 2472 telis
177 2412 336 2472 Catilinaez
354 2414 393 2472 ad
405 2430 494 2475 omne
509 2414 641 2490 denique
658 2415 824 2490 perieulum
838 2422 930 2490 atque
946 2416 986 2474 ad
1000 2431 1124 2476 omnem

94 2493 239 2555 invidiam
253 2497 338 2556 solus
354 2497 528 2571 opponitur.
556 2496 606 2558 88.
629 2498 739 2571 Quare
757 2498 829 2573 qnid
845 2497 1041 2561 invidendum
1056 2499 1124 2560 Mu·

93 2594 186 2638 ranae
206 2585 258 2638 ant
278 2577 419 2652 cuiquam
440 2588 576 2640 nostrum
593 2579 633 2641 sit
651 2581 682 2640 ln
701 2582 761 2641 hoc
784 2582 940 2655 praeclaro
960 2583 1125 2643 considatu

94 2677 155 2722 non
170 2659 276 2733 video,
300 2661 428 2721 iudices.
472 2663 555 2736 Quae
573 2680 645 2724 vero
661 2663 834 2724 miseranda
849 2672 933 2737 sunt,
949 2681 987 2724 ea
1002 2673 1033 2724 et
1049 2665 1124 2741 mihi

94 2754 163 2804 ante
185 2746 291 2804 oculos
314 2753 475 2805 versantur
494 2754 524 2806 et
545 2763 603 2806 vos
625 2746 727 2808 videre
747 2755 777 2807 et
791 2747 1123 2823 perspicerepotestis.

91 2826 165 2885 XLI.
190 2827 231 2897 Si,
248 2827 476 2902 quodluppiter
492 2844 580 2889 omen
595 2837 723 2912 avertat!
740 2830 822 2890 hunc
837 2829 946 2890 vestris
962 2830 1123 2891 sententiis

96 2908 281 2985 adflixeritiS,
300 2926 361 2986 quo
378 2927 412 2970 se
426 2909 519 2971 miser
531 2919 649 2972 vertet?
673 2913 863 2972 Domnmne?
884 2921 916 2973 ut
932 2929 999 2972 eam
1014 2911 1123 2987 imagi-

63 2984 67 3001 *
93 3004 163 3048 nem
183 2993 342 3054 clarissimi
364 2992 434 3067 viri,
457 2994 591 3069 parentis
612 2994 674 3068 sui,
695 3012 784 3071 quam
800 2994 907 3071 paucis
920 3003 991 3054 ante
1009 2994 1123 3056 diebus

93 3071 259 3133 laureatam
269 3076 300 3135 in
312 3093 369 3136 sua
380 3078 579 3150 gratulatione
591 3077 761 3153 conspexit,
773 3080 910 3137 eamdem
922 3078 1123 3138 deformatam

92 3152 257 3228 ignominia
272 3160 485 3235 lugentemque
499 3159 621 3221 videnti
640 3177 678 3220 an
693 3162 733 3221 ad
747 3167 892 3221 matremt
913 3176 992 3236 quae
1008 3161 1124 3221 misera

91 3236 184 3296 modo
200 3243 356 3300 consulem
374 3244 512 3303 osculata
526 3242 619 3303 fllium
637 3260 734 3317 suurn,
752 3260 832 3303 nunc
847 3243 997 3304 cruciatur
1013 3251 1045 3304 et
1059 3246 1122 3304 sol-

92 3318 173 3379 licita
193 3327 241 3379 est
259 3338 298 3382 ne
315 3326 454 3384 eumdem
477 3328 579 3401 paullo
604 3335 672 3400 post
691 3326 852 3401 spoliatum
873 3326 954 3385 omni
974 3325 1123 3398 dignitate

92 3402 283 3477 conspiciat?
323 3404 374 3465 89.
398 3406 460 3467 Sed
477 3410 549 3483 quid
565 3423 622 3482 ego
638 3416 762 3468 matrem
778 3416 830 3470 aut
844 3409 966 3469 domum
984 3411 1121 3483 appello,
