2340 3788
32 29 102 83 ‘uh
120 29 181 69 ι’...
199 32 225 61 ..ι
264 29 360 133 ‘susl'su
378 58 450 101 ivl*
489 58 542 103 'hi
569 84 575 99 t
673 86 693 103 r.
709 40 743 101 ‘9-
767 52 827 97 ..βψ
843 46 965 89 „burst”

36 132 41 147 .
81 98 86 135 Ι
123 102 129 127 ·
411 94 441 150 ,’“
628 94 657 117 ’“·

7 142 58 257 ²23
72 172 165 275 [372
285 224 309 235 .,
400 170 474 231 nso
488 173 522 232 r.
536 171 668 259 susrto
684 171 849 291 ortano.-
885 252 889 257 Ι

64 256 122 277 ·’-’
179 246 357 309 sanarint
578 232 703 307 *turult
733 250 790 285 w,
829 246 889 275 ιω·

7 284 74 355 ³²⁷3
102 342 231 400 mulque
246 325 389 386 defendit
424 320 475 387 77.
496 322 767 397 Meminististum,
789 324 923 399 iudices,
945 329 1130 402 corporibus

15 456 19 487 2
60 448 70 479 :
84 432 88 483 ε
101 409 215 475 civitam
228 407 356 469 Tiberim
372 408 533 482 compleri,
557 408 679 469 cloacas
692 407 842 481 refarciri,
864 426 882 468 e
903 410 970 469 loro
987 416 1130 490 spongiis

15 478 208 569 &lestingi
228 490 480 570 amsuiuemput
504 506 611 567 omnes
631 499 745 551 anam
772 490 853 551 illam
876 492 997 568 copiam
1019 503 1050 556 et
1071 506 1130 559 um

28 616 35 625 -
56 614 65 657 ·.
90 568 295 650 lmagnidoum
312 574 492 649 annuarum
505 562 733 648 iiob'privatum
752 581 804 635 aut
818 575 986 651 plebeium,
1003 581 1063 641 sed
1077 599 1129 656 pa-

14 664 43 689 '¹·
55 658 221 723 &tridium
235 666 266 719 et
280 657 465 732 praetorium
479 672 551 718 csse
566 656 791 717 arbitrarentur.

128 746 157 757 “·
184 741 319 801 XXXVI.
343 741 422 801 Nihil
443 748 633 819 nequelante
648 741 707 819 boo
727 748 848 821 tenpus
864 758 966 815 neque
980 743 1040 804 boc
1058 744 1129 820 ipso

16 852 20 859 ·
101 824 363 886 turbulentissimo
375 823 425 883 die
433 820 632 905 criminamini
638 821 933 900 scibam-'wittoni
949 828 996 885 vis
1013 827 1045 887 in
1061 830 1127 890 loro

101 916 226 969 versata
243 917 300 970 est
324 942 367 953 —
391 906 493 969 certes
522 907 644 982 quando
666 906 747 967 onim
765 906 882 967 maiora
912 908 1130 983 Lapidationes

102 1006 253 1066 persaepe
268 990 415 1051 vidimus:
440 1007 503 1052 non
517 989 559 1050 ita
572 1006 682 1064 saepe,
702 991 759 1052 sed
779 989 902 1051 nimium
919 999 1020 1051 umen
1035 1011 1130 1069 saepe

61 1086 66 1093 '
102 1074 238 1150 gladios,
254 1075 382 1135 caedem
400 1090 473 1134 vero
488 1082 616 1145 tantam,
637 1081 738 1135 tantos
753 1089 881 1135 acervos
896 1090 1062 1149 corporum
1076 1094 1129 1137 ex-

9 1220 13 1233 ,
43 1174 49 1229 g
82 1196 86 1203 .
103 1165 251 1228 structos,
276 1157 334 1218 nisi
353 1159 432 1219 torte
452 1157 504 1217 illo
520 1156 655 1217 Cinnano
675 1165 768 1231 atque
789 1156 953 1217 Octaviano
971 1158 1037 1231 die,
1058 1159 1129 1233 quis

7 1294 9 1303 .
101 1254 249 1315 umquam
261 1239 292 1299 in
307 1242 374 1300 loro
386 1239 483 1300 viditt
504 1257 565 1315 qua
576 1256 617 1300 ex
630 1239 833 1300 concitatione
843 1239 1036 1301 animorum?
1054 1243 1130 1302 Nam

16 1318 51 1381 =.'
103 1340 142 1385 cx
159 1312 328 1398 periinacia
346 1332 398 1383 aut
412 1322 584 1383 constantia
599 1323 812 1384 intercessoris
828 1323 927 1397 oritur,
936 1340 1033 1399 saepe
1047 1327 1128 1386 sedi-

7 1426 30 1453 -·
102 1406 161 1479 tio,
186 1407 276 1480 culpa
295 1415 387 1480 atque
404 1406 595 1480 improbitate
610 1408 715 1466 latoris
735 1408 897 1467 commodo
910 1404 1129 1483 aliquo'impe-

12 1540 18 1549 .
102 1488 169 1548 ritis
189 1496 242 1548 aut
260 1488 420 1564 largitione
440 1489 615 1565 proposita=
642 1490 735 1550 oritur
756 1507 796 1550 ex
818 1489 1043 1551 concertatione
1064 1508 1129 1550 ma-

103 1569 298 1645 gistratuum:
316 1572 410 1633 oritur
420 1572 536 1651 sensim
546 1566 881 1648 'circlamoreprimum
896 1573 1004 1657 deinde
1020 1573 1129 1648 aliqua

104 1652 299 1716 discessione
315 1650 481 1716 contionis:
499 1654 707 1728 ‘vix,·sem·et·
717 1662 792 1717 'raro
808 1658 848 1716 ad
863 1662 971 1716 manns·
983 1659 1128 1729 pervcni-

102 1746 165 1799 tur=
191 1739 275 1799 nullo
288 1754 364 1800 vcro
378 1740 471 1799 verbo
486 1740 582 1813 lacto,
607 1740 689 1799 nulla
704 1739 844 1800 contione
857 1743 1022 1811 advocata,
1042 1742 1128 1799 nulla

22 1866 26 1873 .
58 1868 62 1873 .
101 1822 170 1897 lege
183 1821 310 1883 recitata
323 1822 503 1884 concitatam
517 1832 695 1884 nocturnam
710 1821 891 1883 seditionem
907 1823 976 1899 quis
990 1822 1129 1884 audivitt

21 1904 36 1913 ’“
59 1909 70 1919 ”
103 1902 154 1966 78.
173 1906 222 1965 An
243 1905 308 1965 veri
330 1905 427 1966 simile
449 1916 511 1979 est,
539 1915 572 1967 ut
592 1907 669 1967 civis
689 1909 845 1967 Romanus
867 1915 919 1967 aut
938 1907 1029 1966 borno
1052 1905 1130 1967 liber

103 1987 266 2063 quisquam
280 2006 349 2050 cum
366 1989 468 2065 gladio
485 1991 516 2050 in
533 1992 632 2050 torum
651 1990 845 2050 descenderit
858 1998 928 2049 ante
950 1991 1065 2063 lucem,
1089 2007 1129 2049 ne

102 2073 141 2131 de
158 2089 206 2132 me
219 2073 291 2133 ferri
306 2081 473 2148 pateretur,
497 2083 616 2148 praeter
631 2090 702 2145 e0S,
724 2073 777 2147 qui
801 2074 840 2132 ab
861 2075 911 2132 illo
929 2074 1076 2147 pestilera
1091 2090 1130 2132 ac

103 2156 221 2229 perdito
238 2155 298 2216 civi
318 2156 378 2216 iam
399 2156 516 2230 pridem
535 2156 580 2216 rei
601 2157 742 2232 publicae
758 2156 906 2230 sanguine
928 2148 1148 2230 sagittanturt‘

102 2236 158 2297 llic
172 2238 232 2297 mm
245 2240 285 2298 de
300 2237 369 2312 ipso
384 2249 562 2300 accusatore
578 2256 708 2314 quaero,
730 2239 782 2314 qui
796 2239 827 2298 P.
843 2239 975 2299 Sestium
992 2240 1129 2314 queritur

103 2336 172 2379 cum
185 2321 374 2382 multitudine
389 2323 417 2382 in
435 2324 586 2382 tribunatu
600 2332 631 2383 ct
645 2340 712 2383 cum
728 2323 881 2398 pracsidio
897 2339 1008 2397 magno
1020 2322 1129 2396 luisse,

102 2420 175 2462 num
192 2404 243 2464 illo
259 2403 309 2464 die
324 2406 434 2466 luerit?
465 2407 551 2467 Certe
567 2423 627 2467 non
645 2407 708 2466 luit
742 2406 831 2466 Victa
852 2405 943 2480 igitur
963 2415 1011 2466 est
1032 2423 1128 2467 causa

102 2485 147 2546 rei
162 2486 302 2560 publicae
317 2498 347 2548 et
364 2489 443 2549 victa
456 2506 518 2550 non
536 2489 697 2564 auspiciis,
720 2507 781 2550 non
805 2489 1042 2563 intercessione,
1065 2507 1129 2550 non

104 2569 273 2645 suffragiis,
288 2572 343 2631 sed
357 2572 403 2645 vi,
419 2590 525 2646 monn,
545 2575 634 2633 ferro.
662 2572 736 2632 Nam
750 2575 777 2632 si
793 2572 1011 2632 obnunciasset
1023 2572 1128 2633 Fabri·

103 2654 151 2714 oio
166 2653 208 2726 is,
225 2654 277 2729 qui
291 2671 326 2714 se
341 2672 485 2717 servasse
498 2657 537 2717 de
557 2658 643 2716 caelo
666 2657 794 2728 diceret,
816 2658 988 2730 accepisset
1003 2673 1055 2716 res
1072 2674 1128 2731 pu-

104 2737 225 2812 publica
241 2739 376 2813 plagam,
399 2742 550 2810 sedeam,
573 2758 663 2814 quam
686 2750 843 2814 acceptam
865 2756 989 2814 gemere
1002 2749 1128 2814 posset:

104 2822 130 2879 si
149 2822 375 2881 intercessisset
398 2824 516 2898 collega
535 2823 690 2896 Fabricio,
717 2823 857 2884 laesisset
877 2841 940 2883 rem
962 2823 1127 2898 publicam,

104 2905 160 2964 sed
176 2905 428 2982 [rempublicam]
444 2905 509 2967 iure
525 2907 674 2967 laesisset.
714 2908 901 2968 Gladiatores
924 2917 954 2967 tu
975 2903 1128 2978 novicios,

103 3003 159 3059 pro
175 2998 353 3063 exspectata
367 2989 519 3051 aedilitate
535 2990 728 3065 suppositos,
751 3007 818 3051 cum
835 2990 952 3051 sicariis
969 3007 987 3049 e
1002 3006 1127 3049 carcere

103 3069 225 3130 emissis
239 3083 309 3134 ante
328 3075 428 3134 lucem
446 3073 610 3134 immittas?
635 3072 828 3148 magistratus
849 3076 960 3148 templo
979 3074 1130 3133 deiiciast

104 3151 228 3211 caedem
242 3158 402 3217 maximam
418 3158 532 3217 laciast
548 3159 646 3217 lorum
661 3165 797 3232 purgest
811 3165 855 3228 et,
872 3175 965 3232 quum
978 3158 1081 3216 omnia
1098 3157 1129 3213 vi

47 3236 50 3243 '
103 3242 133 3293 et
147 3235 364 3311 armengerus,
379 3257 508 3300 accuses
519 3257 603 3312 eum,
619 3239 671 3315 qui
687 3257 720 3299 se
732 3240 885 3315 praesidio
897 3241 1047 3312 munierit,
1063 3256 1128 3301 non

25 3344 29 3355 ¹
103 3326 133 3377 ut
149 3325 179 3379 te
194 3333 397 3395 oppugnaret,
413 3325 469 3383 sed
486 3333 519 3383 ut
532 3322 623 3383 vitam
638 3339 723 3382 suam
740 3333 847 3396 posset
861 3325 1048 3383 detenderet

185 3402 331 3462 XXXVII.
359 3404 408 3467 79.
434 3407 527 3481 Atqui
547 3423 586 3467 ne
601 3422 641 3467 ex
658 3420 695 3466 eo
718 3405 841 3481 quidem
860 3415 996 3482 tempore
1016 3408 1049 3467 id
1064 3406 1129 3482 egit
