2340 3788
335 336 465 445 ’2-8ῐωὶλί
488 342 518 424 ᾖ]
549 346 699 391 liuere,
738 350 863 389 (utrae-:l
893 362 930 381 a..
959 368 968 381 ι
993 360 1001 379 ¹
1054 352 1061 371 l
1112 336 1137 377 Α*

330 428 356 463 2‘
392 440 529 493 'ky-„¹3¹3

316 456 361 496 ἐ».

347 546 493 577 ι,1-χ,<,κ,“,ι
530 546 546 565 '-
606 556 632 570 ,ι
799 575 803 581 .
834 570 837 575 ¹
871 565 874 573 ,

279 582 315 603 ⁴¹
494 592 523 607 r.

270 602 311 651 ἐι.)
367 620 455 653 ““’“,,“
487 620 529 658 ζ·
551 605 624 663 psi,
661 618 707 647 1¹³..
731 632 746 649 r·
802 610 885 660 *154¹*
922 628 951 647 ἰ
981 628 1016 647 =i
1071 618 1115 643 «·”
1163 612 1168 620 “

999 700 1103 729 s‹-..·>

358 753 402 835 n.
429 711 564 835 rum
591 700 970 887 stanneus2}33}'·,³·-13f
1005 742 1036 866 ὲ,
1053 806 1057 811 -
1072 864 1087 881 ..

179 890 302 985 nno
346 892 391 986 r.
435 892 686 1023 sasire,
720 892 1149 1063 oninium

221 1011 262 1039 I·-
359 1026 363 1047 ρ
389 1034 394 1043 ,
658 1020 679 1047 fir:
773 1038 775 1043 .

216 1045 409 1109 mrsu-w
447 1031 489 1098 kl(
513 1025 573 1098 fus
685 1036 847 1117 oft'f'jf'ssf

683 1130 686 1137 .
721 1108 868 1170 ··'‚···-⁴·»·-,³

153 1294 156 1299 .
205 1240 476 1303 ARGUMENTUM
490 1241 655 1304 VETERlS
670 1242 953 1305 ENARRATORIS.

134 1374 164 1424 P.
177 1373 274 1424 Sestius
286 1375 454 1426 amicissimus
467 1376 728 1441 familiarissimasque
742 1375 868 1427 Ciceronis
881 1376 930 1426 luit
942 1377 969 1426 in
982 1375 1091 1443 collegio

64 1440 223 1492 tribunorum
235 1441 279 1507 pl.,
294 1444 336 1506 qui
349 1442 450 1494 luerunt
459 1446 488 1498 P.
499 1443 605 1495 Lentulo
615 1443 748 1510 Spinthere
761 1445 790 1504 Q.
801 1443 901 1494 Metello
913 1444 1011 1511 Nepote
1023 1456 1090 1499 cnse.

65 1509 256 1576 [europae.
270 1511 352 1579 enni
378 1513 507 1564 Obstinate
519 1514 597 1579 igitur
611 1521 636 1563 et
650 1515 742 1564 iassae
758 1514 885 1563 dediderat
899 1513 926 1563 ln
941 1526 1092 1564 commeent

63 1581 146 1644 pertis
160 1581 228 1639 eins,
252 1583 295 1642 qui
313 1582 460 1646 dignitatem
475 1597 548 1633 suem
562 1582 595 1632 M.
612 1581 693 1632 Tullio
709 1583 840 1631 restituere
855 1584 1004 1646 gestiebant
1040 1581 1092 1635 eet

64 1647 133 1698 enirn
147 1648 176 1698 P.
193 1646 281 1701 Clodiu
294 1659 450 1715 repugnante
467 1657 492 1699 et
509 1651 676 1714 conspiratam
693 1650 811 1700 seditiose
828 1649 1013 1702 multitudinem
1031 1664 1091 1701 con·

63 1723 195 1781 gregeute,
212 1728 244 1764 ne
257 1718 314 1778 quie
327 1718 369 1767 isti
381 1717 415 1766 ad
428 1717 596 1766 revocandum
608 1715 751 1766 Ciceronem
765 1718 867 1767 daretur
881 1716 992 1776 effectus,
1008 1716 1041 1767 ad
1054 1716 1091 1768 ‹11-

63 1783 226 1835 micationem
241 1797 320 1845 nsque
335 1798 480 1847 processum
494 1792 545 1846 est,
563 1791 591 1831 nt
604 1785 633 1832 P.
647 1780 743 1849 Sestius
758 1785 908 1848 gravissime
923 1792 948 1833 et
961 1798 1042 1849 paene
1054 1784 1090 1835 le·

63 1852 150 1903 taliter
159 1849 306 1898 vuluermm
319 1846 387 1912 [vide
400 1849 475 1899 huius
488 1850 570 1914 ipsius
583 1851 704 1900 orationis
715 1865 771 1914 cap.
785 1850 818 1901 37
831 1866 868 1914 sq.
883 1859 908 1900 et
919 1850 1044 1901 Gloeronis
1056 1852 1093 1901 ed

63 1922 94 1982 Q.
112 1918 228 1980 fratrea·
238 1917 394 1978 epistolariae
410 1917 453 1968 lib.
469 1918 500 1970 11.
516 1930 557 1982 cp.
572 1916 596 1972 3.
616 1919 640 1979 s.
653 1915 693 1984 6.]
712 1919 853 1968 necessario
870 1927 1003 1984 cogeretur
1016 1920 1091 1968 etism

62 1993 122 2053 ipse
135 1993 285 2035 armatorum
296 2000 398 2037 manum
412 1985 599 2052 gladiatoriam,
617 1987 686 2049 qnod
699 1986 758 2036 blilo
771 1989 821 2036 iam
836 1987 944 2049 lecerat,
961 1987 1090 2052 adbibere,

64 2053 190 2121 praesidii
205 2053 302 2104 scilicet
317 2056 412 2120 gratia:
430 2055 468 2104 sic
483 2056 550 2104 enim
565 2056 647 2122 potuit
661 2054 741 2114 ellici,
758 2064 785 2105 ut
800 2056 936 2111 uodonem,
954 2070 1029 2119 quem
1043 2069 1090 2121 pro

62 2122 146 2173 'lullio
162 2122 316 2182 instituerat,
334 2124 465 2176 obtineret.
501 2123 634 2188 Postquam
649 2131 733 2173 tomen
749 2123 832 2175 Cicero
850 2125 881 2174 ab
899 2123 990 2175 exsilio
1006 2123 1090 2185 rediit,

64 2205 184 2241 accusare
202 2190 233 2239 de
250 2191 276 2239 vl
291 2189 318 2244 P.
334 2190 436 2243 illodius
450 2189 559 2243 Sestium
574 2193 657 2258 coepit
676 2193 789 2242 immisso
806 2193 873 2243 velut
889 2194 1003 2258 principe
1021 2191 1090 2245 dela-

64 2261 140 2309 rionis
154 2257 188 2307 bi.
207 2259 365 2310 Albinovano
382 2269 407 2310 et
421 2261 591 2311 testimonium
610 2263 708 2312 dicente
725 2263 754 2316 P.
769 2261 885 2311 Vatinio:
908 2270 936 2311 nt
950 2262 999 2312 hoc
1016 2275 1089 2329 prae·

65 2330 140 2392 cipue
163 2318 261 2378 crimini
283 2328 368 2393 claret,
392 2331 460 2392 quod
480 2343 660 2396 supergressus
684 2330 783 2380 civilem
806 2330 908 2380 modum
930 2332 1088 2396 rogationem

64 2410 137 2445 suam
151 2410 201 2447 non
220 2397 344 2458 aequitate
360 2399 527 2461 persuaserit,
549 2400 595 2450 sed
613 2400 690 2450 armis
708 2397 849 2448 obtinuerit.
886 2397 932 2448 (lui
950 2406 1103 2464 opponetur-

64 2465 140 2513 lrnins
155 2465 225 2514 modi
240 2479 256 2514 a
272 2463 390 2515 Cicerone
408 2466 522 2516 defensio
540 2481 586 2532 per
602 2466 746 2530 qualitatem
761 2468 857 2530 speciei
878 2467 985 2532 duplicis
1007 2500 1083 2517 .....

69 2567 399 2584 ....................
438 2532 501 2583 Nam
522 2534 653 2585 relativum
667 2535 716 2584 hoc
730 2535 789 2593 erit,
813 2534 878 2584 iuste
896 2543 921 2584 et
940 2537 1029 2600 merito
1042 2533 1087 2581 ha·

63 2601 149 2649 buisee
165 2608 316 2650 armatorum
336 2603 461 2667 praesidia
479 2603 507 2655 P.
526 2601 647 2667 Sestium,
670 2611 698 2652 nt
714 2601 846 2653 Clodianos
862 2604 971 2668 impetus
992 2604 1023 2652 ab
1044 2598 1089 2649 illa

65 2668 236 2728 dimicatione,
255 2683 330 2732 quarn
348 2671 431 2720 lacere
448 2679 589 2734 coeperet„
602 2672 770 2721 submoveret.
804 2669 869 2720 lllurl
885 2686 946 2721 vero
964 2670 998 2720 ed
1018 2682 1087 2719 conr-

63 2738 235 2799 pensationem
251 2737 370 2796 refertur,
386 2753 432 2802 pro
447 2740 513 2788 boua
526 2752 602 2787 causa
618 2747 642 2789 et
658 2740 694 2789 rei
709 2739 824 2804 publicae
839 2739 993 2799 necessaria,
1011 2737 1087 2788 etiam

64 2807 86 2851 si
102 2813 211 2854 armatos
226 2804 354 2877 habuerit,
379 2807 528 2872 impunitum
549 2821 605 2855 esse
623 2807 728 2874 debere,
752 2823 829 2872 quum
843 2807 1039 2856 benemeritam
1055 2804 1088 2854 ds

63 2870 144 2922 salute
166 2874 262 2938 patriae
284 2875 365 2924 civem
384 2875 481 2924 restitui
501 2873 574 2924 vellet
595 2877 705 2926 omniurn
730 2877 831 2927 favente
852 2889 984 2924 consensu.
1018 2872 1087 2923 Hane

62 2940 140 3004 igitur
156 2942 268 2991 eamdem
285 2956 386 2992 cansam
399 2942 502 3007 plurimi
518 2941 693 3000 defenderunt,
708 2945 735 2993 in
750 2945 807 3008 quis
823 2943 871 2991 luit
887 2941 916 3001 Q.
929 2941 1083 3000 Hortensius,

63 3008 95 3056 Μ,
114 3007 234 3068 Crassus,
254 3009 281 3059 G.
298 3011 410 3060 Licinius
425 3008 529 3069 Calvus,
552 3011 666 3074 partibus
683 3013 748 3061 inter
765 3027 792 3060 se
808 3010 962 3072 distributis,
981 3022 1042 3072 quas
1057 3006 1083 3056 ln

62 3077 161 3141 agendo
176 3086 312 3128 tuerentur.
347 3081 432 3142 ltaque
443 3077 538 3127 Tullius
553 3093 583 3127 ea
595 3081 733 3143 peroravit,
752 3094 815 3142 quae
831 3078 880 3126 sibi
891 3077 989 3126 luerent
1004 3075 1084 3140 expll-
1117 3088 1120 3097 ·

62 3146 151 3206 canda,
169 3160 222 3203 uec,
238 3155 265 3194 ut
277 3147 389 3211 plerique
400 3147 513 3196 arbitrati
526 3155 592 3212 sunt,
610 3155 682 3197 extra
696 3163 797 3197 causam
812 3153 916 3210 vagatus
929 3151 980 3195 ast:
997 3159 1082 3207 quam·

62 3215 100 3261 vis
119 3215 186 3262 enim
205 3217 316 3264 sciamus
336 3250 650 3267 ...................
677 3216 755 3267 multa
772 3215 913 3264 Ciceronem
933 3214 972 3263 rel
991 3214 1083 3262 iratum

60 3281 100 3329 vel
117 3282 241 3332 dolentem
259 3283 289 3333 de
304 3284 465 3347 passionibus
483 3284 537 3332 suis
554 3283 619 3332 ultra
635 3298 715 3347 paene
730 3298 805 3346 quam
823 3297 864 3332 res
877 3288 992 3347 posceret
1007 3295 1082 3344 exag-

61 3363 147 3413 gerare
163 3351 278 3408 solitam,
297 3358 395 3412 tamen,
415 3352 482 3414 quod
499 3350 541 3400 hic
561 3351 660 3415 prolixa
676 3353 783 3413 quadam
799 3350 1002 3400 turbulentissimi
1019 3356 1082 3396 tem·

60 3419 132 3482 poris
149 3419 318 3483 descriptione
333 3420 439 3471 multum
455 3419 590 3471 voluminis
608 3427 727 3484 occupat,
746 3434 795 3469 nou
811 3419 969 3468 mediocriter
984 3416 1084 3465 videtur

828 3479 890 3544 ib*
