2340 3788
103 202 164 268 loo
296 269 302 277 ν
379 199 451 261 PRO
466 201 500 259 L.
516 199 680 260 MURENA
696 197 846 260 ORATIO.
1128 285 1130 289 Ι

100 348 130 405 aa
144 352 279 418 peroravit,
303 351 361 400 vide
377 350 535 415 Quinam
548 353 616 405 toea..
626 365 665 405 or.
680 349 725 410 xl,
744 350 770 404 1.
787 349 828 404 lt.
847 357 872 401 et
889 350 1024 402 Plutarchi
1044 353 1125 403 Van

101 419 351 475 cranemerae.
366 418 409 469 21.
425 417 459 467 M.
475 417 580 468 Murena
595 417 726 469 absolutus
743 426 769 468 et
783 432 849 485 euno
865 427 923 483 post
938 418 1029 471 consul
1044 414 1126 471 factes

100 484 993 615 ilaYiifftfiimf'aiT‘fii‘mq”²⁰⁰⁸‘⁹'⁰¹‘·”⁰⁶⁰⁰⁰·²⁹·
1006 485 1089 580 ,Μ
1102 498 1126 538 0‘

182 710 205 769 l.
229 708 257 769 l.
283 672 372 777 Quae
386 708 567 783 deprecatus
581 704 659 767 adis
672 705 890 767 immortalibus
905 722 982 781 sum,
997 704 1125 782 iudices,

100 808 183 853 more
197 778 395 866 instifitoque
408 792 554 853 malorum
573 789 624 849 illo
644 787 709 858 die,
732 805 792 864 quo
814 787 972 863 auspicato
997 790 1127 852 comitiis

101 874 274 936 centuriatis
289 875 321 934 L.
337 875 493 934 Murenam
507 873 664 935 consulem
677 870 867 943 renunciavi,
889 879 922 932 ut
935 888 974 932 ea
986 889 1039 934 res
1055 873 1126 933 mihi

100 957 349 1035 magistratuique
369 973 453 1029 meo,
476 958 590 1033 populo
610 954 755 1030 plebique
767 956 923 1015 Romanae
936 955 1017 1016 bene
1035 965 1126 1032 atque

100 1040 226 1102 feliciter
241 1040 389 1112 eveniret,
411 1040 518 1100 eadem
532 1054 643 1115 precor
659 1036 701 1097 ab
712 1037 822 1099 iisdem
838 1036 886 1098 dis
906 1038 1125 1099 immortalibus

56 1164 70 1181 .
100 1125 140 1184 ob
156 1122 294 1185 eiusdem
306 1122 437 1187 hominis
456 1124 645 1184 consulatum
660 1133 803 1181 unacum
818 1121 913 1201 salute
927 1119 1126 1182 obtinendum

100 1215 130 1268 et
149 1214 182 1268 ut
202 1212 322 1265 vestrae
342 1212 458 1266 mantas
479 1215 570 1280 atque
591 1203 759 1265 sententiae
779 1221 847 1264 curn
870 1203 978 1281 populi
995 1204 1127 1266 Romani

101 1287 304 1348 voluntatibus
326 1287 542 1364 suffragiisque
562 1282 757 1348 consentiant
772 1302 871 1363 eaque
890 1303 940 1347 res
960 1287 1050 1348 vobis
1071 1305 1127 1364 po·

99 1367 235 1447 puloque
249 1371 387 1430 Romano
402 1387 519 1445 pacem,
533 1369 786 1447 tranquillitatem,
802 1370 901 1430 ocium
916 1371 1127 1435 concordium-

101 1468 161 1529 que
174 1453 300 1515 adferat.
330 1452 417 1525 Quod
433 1453 459 1514 si
471 1455 522 1514 illa
532 1453 688 1516 sollemnis
699 1452 888 1514 comitiorum
901 1452 1036 1528 precatio
1051 1469 1125 1515 cou-

101 1534 252 1599 sularibus
269 1534 415 1612 auspiciis
432 1532 611 1598 consecrata
626 1545 738 1598 tantam
750 1536 842 1597 habet
854 1536 885 1596 in
906 1553 941 1597 se
956 1535 1017 1597 vim
1032 1544 1063 1598 et
1076 1552 1124 1596 re-

99 1620 257 1696 ligionem,
279 1628 423 1696 quantam
436 1621 480 1680 rei
494 1620 635 1696 publicae
649 1620 779 1695 dignitas
794 1620 944 1696 postulat,
965 1617 1044 1680 idem
1064 1634 1124 1694 ego

100 1720 168 1765 sum
183 1711 342 1779 precatus,
366 1710 399 1763 ut
414 1702 459 1765 eis
475 1720 598 1780 quoque
611 1703 799 1777 hominibus,
822 1701 933 1776 quibus
946 1700 996 1762 hic
1011 1717 1125 1764 consu-

99 1788 177 1848 latus
191 1803 241 1848 me
254 1794 380 1862 rogante
395 1786 485 1847 datus
500 1795 591 1859 esset,
609 1804 645 1847 ea
659 1802 709 1854 res
726 1786 835 1861 fauste,
852 1785 979 1846 feliciter
993 1800 1125 1861 prospe-

99 1887 195 1946 reque
206 1869 350 1932 eveniret.
371 1869 401 1930 2.
412 1870 495 1943 Quae
508 1887 600 1946 quum
610 1870 652 1931 ita
663 1871 731 1943 sint,
743 1868 870 1944 iudices,
881 1877 913 1930 et
923 1884 1016 1944 quum
1024 1869 1124 1936 omnis

100 1954 226 2014 deorum
245 1953 456 2015 immortalium
476 1962 613 2029 potestas
636 1961 688 2014 aut
707 1954 851 2013 translata
871 1951 910 2012 sit
933 1953 973 2013 ad
994 1968 1053 2012 vos
1073 1961 1127 2013 aut

100 2044 180 2096 certe
195 2037 414 2097 communicata
431 2035 598 2107 vobiscum,
614 2035 694 2096 idem
712 2037 820 2095 consul
834 2052 902 2096 eum
916 2043 1038 2096 vestrae
1051 2035 1129 2106 fidei

101 2119 300 2191 commendat,
313 2119 365 2192 qui
376 2129 464 2179 antea
474 2118 521 2178 dis
531 2117 748 2179 immortalibus
758 2117 990 2192 commendavit,
1000 2126 1032 2178 ut
1043 2118 1126 2179 eius·

100 2199 169 2257 dem
178 2199 314 2269 hominis
321 2217 399 2261 voce
412 2210 441 2262 et
453 2202 622 2261 declaratus
635 2202 743 2263 consul
750 2209 780 2262 et
787 2202 932 2262 defensus
941 2201 1124 2262 benemium

99 2280 206 2354 populi
216 2282 344 2342 Romani
358 2300 426 2342 cum
438 2292 540 2344 vestra
554 2292 645 2358 atque
660 2282 793 2344 omnium
807 2283 916 2346 civium
928 2284 1025 2344 salute
1039 2292 1124 2345 tuea-

99 2370 157 2422 tur.
185 2363 223 2423 Et
240 2365 382 2438 quoniam
397 2366 427 2426 in
443 2367 503 2426 hoc
518 2367 619 2426 officio
635 2366 767 2428 studium
781 2383 868 2428 meae
882 2365 1068 2427 defensionis
1083 2369 1123 2427 ab

100 2445 328 2507 accusatoribus
344 2456 435 2522 atque
452 2449 540 2510 etiam
555 2449 623 2524 ipsa
638 2449 793 2525 susceptio
809 2465 922 2511 causae
935 2448 1123 2524 reprehensa

100 2537 160 2603 est,
182 2538 252 2590 ante
268 2545 359 2603 quam
373 2547 428 2605 pro
444 2532 478 2591 L.
493 2533 618 2610 lllurena
635 2533 736 2595 dicere
750 2533 888 2606 instituo,
908 2537 964 2608 pro'
984 2548 1031 2592 me
1051 2531 1123 2606 ipso

100 2629 199 2686 pauca
212 2613 319 2684 dicam,
336 2629 396 2676 non
413 2631 473 2689 quo
488 2615 559 2674 milri
573 2615 673 2691 potior
682 2617 742 2677 hoc
757 2616 879 2692 quidem
890 2615 919 2675 in
932 2625 1070 2691 tempore
1085 2614 1125 2676 sit

101 2695 194 2755 officii
208 2694 268 2756 mei
284 2711 374 2769 quam
391 2696 519 2758 huiusce
533 2697 639 2760 salutis
654 2699 810 2774 defensio,
831 2701 888 2760 sed
907 2708 941 2761 ut
957 2716 1025 2760 meo
1043 2701 1123 2766 facto

99 2779 187 2839 vobis
203 2779 330 2855 probato
347 2777 460 2840 maiore
474 2783 650 2844 auctoritate
665 2783 702 2842 ab
715 2781 805 2844 huius
820 2784 951 2855 honore,
969 2784 1050 2842 fama
1063 2782 1123 2840 for·

100 2863 242 2937 turisque
256 2861 396 2923 omnibus
411 2861 598 2925 inimicorum
612 2863 743 2941 impetus
757 2867 939 2942 propulsare
954 2864 1082 2941 possim.

181 2992 218 3050 ll.
239 2994 269 3055 3.
294 2997 332 3056 Et
352 2994 481 3071 primum
499 2997 538 3056 Μ.
560 2996 665 3059 Catoni
683 2999 775 3058 vitam
794 3001 834 3059 ad
860 3005 980 3075 certam·
996 2996 1123 3058 rationis

100 3086 235 3164 normam
252 3076 391 3152 dirigenti
405 3087 435 3140 et
451 3073 679 3155 diligentissime
695 3075 896 3156 perpendenti
909 3089 1063 3142 momenta
1079 3081 1123 3141 of·

100 3151 237 3214 ficrorum
252 3161 385 3221 omnium
401 3163 439 3223 de
458 3163 559 3223 officio
575 3180 644 3223 meo
662 3165 866 3238 respondebo.
909 3164 1007 3238 Negat
1026 3163 1125 3224 luisse

100 3246 214 3296 rectum
229 3237 301 3300 Cato
317 3258 365 3303 me
380 3254 410 3306 et
428 3247 584 3306 consulem
600 3255 630 3307 et
644 3247 720 3320 legis
734 3246 863 3307 ambitus
878 3247 1005 3308 latorem
1019 3255 1124 3308 ettam

100 3335 208 3380 severe
222 3329 309 3394 gesto
327 3329 485 3389 consulatu
502 3344 624 3390 causam
641 3330 674 3387 L.
689 3328 832 3389 Murenae
849 3329 1010 3405 attingere:
1035 3327 1124 3390 cuius

99 3402 296 3477 reprehensio
310 3422 359 3465 ma
373 3409 695 3483 vehementer-movet,
715 3429 776 3472 non
793 3413 892 3472 solum
908 3420 942 3473 ut
956 3410 1061 3487 vobis,
1078 3411 1124 3473 iu-

131 3497 162 3531 „
965 3506 969 3513 .
