2340 3788
353 183 435 244 car.
452 192 585 247 as-tt
606 190 797 250 sss-roa.
832 236 836 245 .
1024 184 1088 252 aaa

57 332 280 410 perstrinxisti,
308 341 342 395 ιιι
365 333 502 395 florentis
529 335 666 394 coloniae
690 332 871 393 territorium
890 334 1086 401 minueretur.

59 415 133 479 103.
156 417 211 475 Ah
225 415 282 476 hac
306 417 485 491 religionum
504 416 729 491 perturbatione
749 416 876 475 advolas
900 417 930 477 in
948 421 1086 483 M..Var-

57 501 161 570 ronis,
178 498 361 560 sanctissimi
374 507 466 574 atque
480 499 662 574 integerrimi
676 498 747 572 viri,
764 498 889 557 fundum
908 501 1085 566 Casinatem

59 582 127 656 Quo
151 581 237 641 iuret
264 599 326 658 quo
348 589 422 642 orer
447 583 580 655 Eodem,
601 580 819 656 inquies,·quo
840 580 871 639 in
889 581 1033 646 heredum
1052 589 1086 647 L.

57 663 182 736 Rubrii,
199 681 260 738 quo
274 666 305 725 in
321 665 466 724 heredum
481 666 514 724 L.
532 665 659 725 Turselii
674 664 892 739 praedia-quo
908 663 939 722 in
954 667 1086 742 reliquas

57 747 295 808 innumerabiles
319 748 547 821 possessiones.
581 748 619 807 Et
640 747 666 808 si
687 747 724 806 ab
746 746 848 818 hasta,
869 747 969 807 valeat
990 749 1087 826 hasta,

59 831 183 889 valeant
195 828 331 903 tabulae,
353 831 444 890 modo
460 829 612 902 Caesaris,
636 847 697 890 non
715 838 798 902 tuae,
823 830 932 903 quibus
948 831 1088 910 debuisti,

58 926 122 972 non
151 912 261 986 quibus
289 920 322 971 tu
343 918 372 970 te
392 911 564 972 liberavisti.
608 911 753 972 Varronis
775 909 896 986 quidem
918 912 1088 976 casinatem

58 994 188 1054 fundum
214 992 284 1067 quis
303 993 427 1054 venisse
446 994 539 1055 dicit?
572 995 639 1068 quis
660 995 776 1054 hastam
796 993 883 1053 istius
905 995 1090 1058 venditionis

57 1075 156 1136 viditt
178 1075 247 1150 quis
265 1092 372 1136 vocem
388 1076 551 1159 praeconis
568 1077 702 1137 audivit?
721 1076 844 1135 Misisse
865 1075 942 1136 dicis
957 1079 1087 1139 Alexan-

59 1159 164 1219 dream
178 1157 231 1232 qui
242 1168 356 1218 emeret
364 1174 385 1218 a
397 1159 535 1219 Caesare.
553 1159 657 1233 Ipsum
668 1157 748 1218 enim
759 1162 937 1233 exspectare
945 1177 1088 1236 magnum

57 1239 215 1301 rutulos.
238 1240 310 1312 Quis
326 1257 398 1301 vero
415 1241 530 1302 audivit
545 1259 689 1317 umquam
701 1275 743 1286 -
763 1241 874 1301 nullius
891 1251 990 1302 autem
1004 1245 1087 1304 salus

57 1338 153 1404 curae
175 1322 312 1396 pluribus
329 1323 442 1384 luit-
459 1326 498 1384 de
518 1325 646 1386 lortunis
659 1324 807 1385 Varronis
830 1342 893 1386 rem
908 1327 1000 1386 ullam
1017 1343 1089 1388 esse

57 1407 250 1464 detractamr
265 1406 363 1478 Quid?
381 1405 408 1466 si
422 1408 511 1468 etiam
529 1408 652 1484 scripsit
666 1408 704 1468 ad
719 1416 748 1469 te
760 1409 870 1468 Caesar
884 1417 918 1470 ut
930 1410 1087 1482 redderes,

58 1485 135 1561 quid
157 1489 230 1548 satis
251 1496 353 1563 potest
368 1489 427 1549 dici
442 1491 480 1551 de
494 1498 576 1552 tanta
589 1491 797 1567 impudentias
818 1493 953 1553 Remove
968 1493 1088 1566 gladios

57 1584 224 1646 parumper
238 1572 322 1644 illos,
341 1589 420 1647 quos
436 1573 586 1634 videmus.
613 1576 677 1632 lam
693 1573 843 1647 intelliges
858 1577 946 1634 aliam
963 1592 1088 1637 causam

27 1720 32 1731 Ι
61 1666 132 1710 esse
152 1651 259 1711 hastae
274 1653 429 1725 Caesaris,
450 1653 539 1711 aliam
559 1652 761 1713 confidentiae
776 1664 805 1712 et
818 1657 992 1716 temeritatis
1007 1667 1087 1719 tuae.

56 1733 126 1792 Non
142 1734 220 1791 enim
234 1741 265 1792 te
279 1734 419 1793 dominus
434 1733 525 1792 modo
540 1735 598 1793 illis
616 1733 756 1803 sedibus,
772 1737 828 1794 sed
847 1736 947 1810 quivis
960 1739 1087 1812 amicus,

57 1814 197 1887 vicinus,
211 1815 343 1889 hospes,
363 1821 543 1890 procurator
556 1815 679 1875 arcebit.
721 1815 795 1873 XLI.
817 1818 858 1876 At
873 1833 964 1890 quam
977 1823 1089 1879 multos

60 1896 128 1956 dies
151 1898 182 1955 in
208 1913 244 1956 ea
260 1897 331 1956 villa
345 1895 519 1973 turpissime
533 1907 580 1958 est
593 1896 828 1980 perbacchatus!
849 1899 898 1956 Ab
913 1896 989 1958 hora
1002 1900 1089 1962 tertia

58 1979 233 2052 hibebatur,
252 1980 426 2054 ludebatur,
440 1981 626 2041 vomebatur.
650 1979 672 2038 0
688 1987 767 2041 tecta
781 1979 849 2054 ipsa
859 1979 984 2053 misera,
1000 1999 1090 2056 qaam

60 2063 179 2137 dispari
198 2061 331 2124 domino!
359 2063 545 2138 Quamquam
568 2077 629 2138 qua
649 2063 741 2123 modo
762 2063 820 2122 iste
843 2061 1006 2123 dominus?
1027 2064 1090 2125 Sed

60 2153 161 2204 tamen
178 2161 268 2218 quam
283 2147 322 2206 ab
337 2146 451 2222 dispari
465 2147 658 2207 tenebantur!
678 2145 854 2207 Studiorum
869 2144 949 2206 enirn
964 2162 1089 2208 suorum

59 2229 159 2288 Varro
183 2229 278 2288 voluit
297 2227 385 2302 illud,
406 2245 466 2288 non
484 2227 639 2289 libidinum
653 2227 872 2289 deversorium.
916 2228 986 2292 105.
1007 2229 1090 2304 Quae

61 2310 93 2369 in
107 2310 159 2369 illa
171 2310 244 2369 villa
255 2319 344 2370 antea
354 2312 546 2372 dicebanturt
563 2328 643 2387 quae
654 2311 877 2386 cogitabanturl
894 2329 973 2386 quae
984 2312 1089 2374 litteris

60 2392 295 2451 mandabanturt
327 2393 397 2453 Iura
422 2395 530 2469 populi
550 2395 693 2466 Romani,
718 2394 912 2455 monumenta
932 2395 1089 2468 maiorum,

61 2473 161 2535 omnis
176 2474 345 2548 sapientiae
358 2475 436 2536 ratio
458 2477 620 2553 omnisque
635 2478 801 2538 doctrinae.
833 2481 874 2538 At
900 2493 972 2537 vero
994 2485 1028 2536 te
1044 2477 1090 2536 in·

61 2556 177 2632 quilino
193 2590 234 2603 -
247 2574 308 2617 non
329 2559 408 2617 enim
430 2559 605 2620 domino-
621 2561 828 2634 personabant
843 2558 944 2620 omnia
962 2560 1090 2619 vocibus

59 2639 228 2700 ebriorum:
260 2640 404 2705 natabant
432 2640 605 2716 pavimenta
631 2642 721 2703 vino:
752 2642 915 2722 madebant
940 2641 1089 2718 parietes:

58 2721 187 2796 ingenui
206 2723 293 2797 pueri
313 2739 380 2782 cum
402 2723 578 2797 meritoriis,
606 2735 707 2787 scorta
727 2724 804 2786 inter
823 2732 935 2786 matres
961 2723 1101 2783 lamilias'

58 2806 269 2867 versabantur.
292 2804 402 2866 Casino
413 2807 574 2868 salutatum
587 2809 755 2882 veniebant,
767 2806 899 2884 Aquino,
911 2809 1091 2867 Interamna.

57 2887 226 2950 Admissus
248 2897 295 2950 est
316 2904 415 2948 nemo.
447 2890 516 2948 lure
535 2889 567 2949 id
582 2889 714 2964 quidem.
746 2892 780 2950 ln
794 2891 916 2951 homine
932 2891 1011 2948 enim
1029 2897 1092 2950 tur-

58 2969 190 3046 pissimo
215 2972 435 3034 obsolefiebant
454 2971 607 3047 dignitatis
629 2972 767 3047 insignia.
811 2972 881 3034 106.
902 2972 1000 3046 Quum
1020 2970 1092 3031 inde

57 3055 190 3131 Romam
219 3054 419 3129 proficiscens
445 3055 485 3114 ad
504 3055 660 3130 Aquinum
686 3058 859 3127 accederet,
891 3055 930 3115 ob
962 3055 1041 3114 viam
1061 3053 1091 3112 ei

58 3137 230 3212 processit,
251 3147 284 3198 ut
305 3147 352 3199 est
371 3139 516 3213 frequens
538 3137 749 3215 municipium,
771 3154 881 3213 magna
901 3154 976 3199 sane
993 3135 1091 3196 multi·

59 3219 148 3281 tudo.
181 3222 223 3279 At
240 3219 299 3280 iste
314 3229 421 3297 operta
437 3220 544 3280 lectica
559 3224 637 3282 latus
654 3238 710 3297 per
724 3221 871 3297 oppidum
884 3230 945 3295 est,
967 3229 999 3281 ut
1011 3233 1090 3278 mor-

57 3312 145 3363 tuus.
179 3301 275 3363 Stulte
288 3302 473 3379 Aquinates:
497 3304 553 3365 sed
566 3313 666 3364 tamen
683 3306 714 3364 in
731 3304 781 3364 via
797 3304 980 3364 habitabant
997 3298 1092 3377 ,Quid

56 3384 236 3459 Anagninis
255 3384 326 3458 Qui,
349 3403 441 3463 quum
457 3395 561 3448 essent
575 3386 671 3461 devii,
688 3387 928 3460 descenderunt,
943 3385 1091 3460 utistum,
