2340 3788
371 180 452 241 cur.
470 189 600 247 1o-1o.
621 188 647 250 s.
661 140 793 247 sr-os
1030 190 1096 258 217

65 345 162 407 quem
174 327 367 392 intoremistie
384 348 441 406 ego
453 330 600 393 iacentem
615 341 646 393 et
659 332 821 408 spoliatum
831 333 962 397 delendo
977 344 1008 397 et
1020 353 1091 412 pro·

63 422 148 497 tego.
183 412 286 487 Atque
305 412 355 473 irie
376 422 408 475 tu
425 421 454 475 et
473 414 672 489 reprehendis
691 431 753 487 me,
777 415 848 490 quia
863 416 1038 494 defendam,
1060 429 1092 483 et

63 493 221 559 utereris.
247 495 313 570 Ego
327 504 428 557 autem
442 513 505 557 non
518 499 610 559 modo
623 497 678 558 tibi
692 514 752 559 non
768 496 898 571 irascor,
921 503 978 561 sed
991 519 1029 563 ne
1042 519 1090 567 re·

65 577 225 655 prehendo
246 577 368 653 quidem
387 581 498 641 lartum
515 590 608 642 tuum.
637 581 679 640 Te
698 579 778 640 enim
793 579 933 641 existimo
956 584 1009 645 tibi
1030 595 1090 647 ste-

65 660 164 723 tnisse
178 659 254 735 quid
267 660 439 722 laciendum
453 671 576 738 putares
589 672 619 724 et
634 662 708 724 satis
722 662 866 723 idoneum
884 664 975 724 officii
989 667 1032 727 tui
1045 668 1089 728 iu·

67 743 166 807 dicem
180 759 252 803 esse
266 743 415 818 potuisse.

46 897 47 900 Ἴ
148 823 200 887 51.
220 828 262 887 At
275 836 400 888 accusat
417 828 448 888 C.
470 825 600 889 Cornelii
618 826 698 888 lilius
714 835 744 887 et
757 825 789 887 id
810 841 908 902 aeque
922 829 1024 888 valere
1038 831 1089 891 de·

66 906 218 970 betacei
242 916 328 984 pater
347 910 503 971 indicaret.
546 909 699 986 Cpatrem
716 908 885 980 Cornelium
905 909 1088 984 sapientem!

66 991 127 1067 qui,
146 990 231 1066 quod
245 993 370 1066 praemii
385 994 464 1054 solet
478 1009 552 1053 esse
562 993 593 1053 in
607 992 728 1064 indicio,
748 991 911 1066 reliquerit,
932 993 1015 1067 quod
1028 1002 1089 1054 tur·

65 1073 213 1150 pitudinis
228 1072 258 1134 in
274 1076 477 1149 confessione,
492 1074 524 1136 id
538 1092 594 1150 per
604 1075 830 1137 accusationem
843 1074 897 1135 lilii
912 1077 1089 1150 susceperit.

67 1156 128 1219 Sed
145 1155 220 1232 quid
235 1165 283 1217 est
298 1158 429 1232 tandem,
444 1160 527 1232 quod
538 1158 652 1242 indicat
667 1175 723 1234 per
736 1157 827 1218 istum
840 1174 968 1233 puerum
978 1158 1089 1219 Corne-

64 1240 145 1301 liust
165 1239 199 1300 Si
209 1247 313 1300 vetera
326 1241 399 1301 mihi
412 1241 524 1316 ignota
540 1258 608 1303 eum
619 1240 782 1302 Hortensio
797 1241 1026 1312 communicate,
1041 1258 1088 1302 re-

65 1321 190 1399 spondit
208 1323 402 1385 Hortensium
423 1327 486 1400 sin,
506 1335 540 1387 ut
555 1325 615 1399 nis,
636 1325 719 1385 illum
739 1333 880 1386 conatum
899 1322 1038 1385 Autronii
1058 1333 1089 1385 et

65 1404 223 1478 Catilinae,
243 1424 335 1481 quum
356 1407 385 1467 in
407 1424 515 1484 campo
533 1408 744 1469 consularibus
759 1406 896 1480 comitiis,
913 1424 992 1483 quae
1006 1422 1026 1467 a
1038 1424 1088 1468 me

15 1550 18 1562 ,
62 1487 165 1550 linbila
184 1496 269 1564 sunt,
298 1492 423 1553 eaedem
445 1495 547 1554 faeere
568 1494 741 1553 voluerunt:
764 1491 944 1553 Autronium
970 1500 1034 1552 tum
1056 1490 1088 1550 in

64 1587 173 1647 compo
193 1572 340 1647 vidimus,
361 1576 418 1635 sed
437 1575 510 1650 quid
531 1575 594 1634 dixi
614 1574 731 1634 vidisse
750 1581 831 1634 nost
851 1591 909 1650 ego
930 1574 1006 1635 vidi=
1030 1589 1087 1633 vos

63 1655 142 1715 enirn
156 1663 228 1729 tum,
240 1656 366 1727 iudices,
378 1657 451 1717 nihil
462 1656 644 1718 laborabatis
655 1673 756 1729 neque
771 1655 1017 1729 suspicabamini,
1028 1671 1087 1730 ego

61 1744 159 1799 tectus
180 1737 335 1812 praesidio
356 1739 443 1799 firmo
466 1739 631 1799 amicorum
653 1738 795 1797 Catilinae
816 1746 879 1797 tum
896 1747 928 1799 et
947 1738 1088 1799 Autronii

62 1821 170 1896 copias
191 1828 222 1880 et
241 1825 382 1878 conatum
404 1820 549 1894 repressi
598 1819 648 1880 52.
670 1821 746 1878 Num
767 1819 836 1892 quis
857 1827 905 1881 est
923 1819 1013 1892 igitur
1035 1820 1088 1892 qui

59 1911 123 1964 tum
136 1901 218 1960 dicat
231 1900 261 1958 in
274 1916 413 1974 campum
426 1901 581 1976 aspirasse
593 1899 728 1960 Sullemt
746 1899 841 1974 Atqui
855 1901 882 1961 si
892 1909 955 1960 tum
970 1915 1005 1959 se
1019 1915 1088 1959 cum

59 1980 188 2046 Catilina
201 1981 348 2042 societate
359 1980 485 2045 'sceleris
497 1981 701 2057 coniunxerat,
718 1998 771 2042 cur
786 1982 824 2042 ab
837 1999 875 2042 eo
890 1980 1089 2042 discedebat?

60 2084 117 2128 eur
142 2080 210 2126 cum
230 2064 378 2127 Autronio
399 2083 460 2128 non
482 2073 567 2128 eratt
592 2064 696 2126 curin
718 2065 784 2140 pari
805 2081 900 2126 cansa
919 2080 981 2127 non
1003 2062 1088 2138 paria

58 2150 148 2224 signa
160 2147 292 2209 criminis
303 2149 586 2224 reperiunturtSed
598 2148 740 2225 quoniam
749 2148 906 2209 Cornelius
918 2148 986 2222 ipse
997 2145 1087 2208 etiam

59 2248 142 2293 nnnc
155 2233 193 2292 de
210 2231 374 2293 indicando
390 2234 513 2306 dubitat,
528 2241 562 2294 ut
575 2233 688 2305 dicius,
704 2232 848 2293 informat
866 2230 967 2292 adhuc
980 2230 1085 2291 adum-

56 2315 176 2376 bratum
191 2314 333 2375 indicium
348 2316 417 2390 lilii,
440 2317 513 2392 quid
526 2318 648 2378 tandem
664 2316 702 2376 de
718 2315 770 2376 illa
783 2323 873 2376 nocte
889 2314 976 2388 dicit,
992 2331 1086 2389 quum

56 2396 136 2459 inter
156 2397 297 2459 falcarios
317 2401 358 2458 ad
371 2399 411 2458 ld.
424 2401 554 2460 Laecam
576 2410 665 2461 nocte
687 2415 738 2470 ea,
761 2415 840 2473 quae
860 2405 1026 2459 consecuta
1039 2405 1086 2457 cst
1139 2412 1142 2421 ’

55 2489 215 2556 posterum
228 2479 308 2541 diem
321 2481 426 2543 Nonas
439 2483 626 2544 Novembres
647 2498 696 2543 me
710 2481 851 2554 consule,
873 2479 1018 2542 Catilinae
1032 2479 1085 2539 de—

56 2563 251 2624 nunciatione
265 2565 428 2625 conveniet
446 2581 525 2639 quae
539 2582 601 2626 nox
618 2564 750 2626 omniurn
761 2573 931 2639 temporum
946 2560 1085 2622 coniura-

55 2646 148 2708 tionis
162 2647 310 2707 acerrima
326 2649 380 2708 luit
402 2655 495 2722 atque
518 2647 723 2709 acerbissima.
765 2647 838 2707 Tum
853 2645 997 2707 Catilinae
1018 2642 1085 2703 dies

54 2730 198 2804 exeundi,
209 2738 272 2790 turn
286 2729 415 2792 caeteris
425 2731 567 2791 manendi
580 2730 728 2801 condicio,
741 2738 802 2790 tum
814 2727 980 2801 descriptio
992 2734 1085 2787 totam

53 2827 118 2888 pen
136 2812 243 2873 urbem
269 2815 374 2874 coedis
395 2821 487 2889 etque
512 2812 719 2874 incendiorum
745 2811 909 2873 constituta
934 2816 997 2869 est:
1021 2817 1085 2870 tum

53 2903 126 2956 tuus
141 2904 234 2969 pater,
251 2895 381 2970 Corneli,
400 2896 433 2956 id
451 2897 534 2972 quod
548 2897 669 2957 tandem
684 2894 848 2970 aliquando
863 2892 1032 2962 confitetur,
1048 2892 1083 2951 il-

53 2979 115 3038 lam
136 2977 195 3037 sibi
217 2979 385 3039 officiosam
413 2978 601 3055 provinciam
622 2977 819 3053 depoposcit,
841 2983 875 3037 ut
896 2991 964 3036 cum
986 2973 1084 3050 prima

52 3061 124 3121 luce
138 3062 296 3121 consulem
316 3063 477 3123 salutatum
497 3061 629 3136 veniret,
649 3060 843 3120 intromissus
862 3073 930 3118 meo
955 3074 1039 3119 more
1054 3067 1084 3120 et

52 3141 120 3203 iure
140 3141 289 3205 amicitiae
311 3161 360 3206 me
380 3143 411 3204 in
429 3161 497 3205 meo
526 3146 604 3205 teoto
632 3143 807 3205 trucidaret.
848 3141 925 3202 xlx,
944 3139 994 3203 53.
1016 3141 1084 3201 Hoc

51 3235 206 3298 temporo,
230 3244 322 3301 quum
343 3228 463 3288 arderet
481 3226 629 3287 acerrime
645 3225 829 3299 coniuratio,
851 3239 942 3298 quum
956 3222 1084 3284 Catilina

51 3307 248 3379 egrederetur
266 3311 307 3369 ad
329 3310 509 3383 exercitum,
536 3310 683 3370 Lentulus
704 3309 734 3367 in
754 3308 830 3368 urbe
850 3305 1083 3380 relinqueretur,

52 3385 179 3448 Cassius
196 3390 363 3460 incendiis,
376 3392 529 3461 Cedregus
550 3391 638 3448 caedi
661 3397 917 3462 praeponeretur,
933 3385 1083 3444 Autronio
