2340 3788
368 166 596 257 cnam-qe.
618 200 791 260 sss-m
980 180 983 185 ’
1028 192 1093 259 ote

62 349 132 410 huic
150 355 180 409 et
195 364 280 407 suam
296 354 326 407 et
338 346 377 405 ab
392 346 451 406 boc
467 345 645 406 observatas
659 345 756 405 tribus
776 347 900 420 ederes,
919 364 980 408 non
998 349 1089 410 modo

63 450 126 491 non
139 446 297 505 quererer,
319 431 376 489 sed
386 430 468 489 bunc
484 429 521 487 iis
538 426 691 487 iudicibus
701 427 807 501 editis,
825 429 878 504 qui
891 431 983 491 iidem
996 440 1091 492 testes

63 531 134 575 esse
149 522 291 588 possent,
311 513 483 573 absolutum
500 519 655 586 putarem:
676 528 777 586 neque
792 527 872 571 nunc
892 517 984 575 multo
1000 532 1091 576 secus

62 596 213 658 existimo.
236 596 333 670 Quum
348 597 431 655 enim·
441 596 498 655 bas
514 591 610 655 tribus
626 593 758 667 edidisti,
773 594 884 668 ignotis
899 605 928 656 te
942 596 1091 659 iudicibus

61 681 105 740 uti
132 682 220 740 malle
241 696 333 759 quarn
356 679 438 739 notis
457 675 645 737 indicavisti:
671 677 774 750 fugisti
800 679 979 739 senteutiam
998 681 1090 754 legis:

62 763 242 838 aequitatem
254 779 373 823 omnem
384 760 531 821 reiecisti=
545 762 576 819 iu
591 760 722 820 tenebris
738 776 830 835 quarn
844 761 874 820 iu
890 764 957 822 luce
968 779 1092 823 causam

61 846 177 906 versari
197 846 340 907 maluisti.
382 844 433 907 4³.
459 843 592 903 Voltinia
612 842 709 902 tribus
723 844 763 902 ab
777 844 836 904 hoc
852 855 1010 920 corrupta=
1037 846 1090 906 Te

60 930 209 993 sentinam
224 931 371 988 babuerat
386 928 535 987 venalem.
570 925 647 999 Quid
662 926 776 989 diceret
790 929 873 1003 apud
884 927 1092 989 Voltinienses

62 1021 114 1072 aut
128 1014 212 1087 apud
226 1013 352 1073 tribules
368 1028 444 1071 suos
458 1010 599 1070 iudices?
618 1010 711 1068 Immo
727 1027 801 1071 vero
818 1021 848 1071 tu
864 1014 935 1085 quid
952 1012 1092 1072 diceres‘t

64 1113 155 1170 quem
175 1096 307 1155 iudicem
328 1111 368 1153 ex
388 1094 447 1152 illis
463 1099 523 1153 'aut
546 1091 669 1153 tacitum
684 1100 792 1153 testem
808 1095 937 1156 haberes
952 1103 1004 1154 aut
1017 1112 1092 1155 vero

64 1179 155 1239 etiarn
172 1177 345 1238 excitares?
357 1177 474 1238 Etenim
490 1175 518 1236 si
531 1192 603 1236 reus
622 1176 714 1235 tribus
731 1179 842 1250 ederet,
857 1178 1019 1238 Voltiniam
1031 1180 1095 1257 lor7

63 1271 148 1320 tasse
162 1260 302 1320 Plancius
320 1269 444 1335 propter
459 1258 715 1320 uecessitudinem
736 1277 772 1320 ao
787 1261 985 1335 vicinitatem,
1004 1279 1090 1323 suam

61 1360 137 1403 vero
159 1352 240 1404 certe
255 1344 410 1404 edidisset.
452 1345 504 1417 Et,
522 1341 549 1402 si
565 1343 722 1417 quaesitor
736 1343 806 1404 lruio
821 1346 959 1406 edendus
973 1345 1090 1417 luisset,

63 1443 153 1500 quem
169 1429 287 1488 tandem
303 1427 405 1502 potius
420 1444 510 1502 quam
524 1427 605 1486 buno
621 1427 652 1486 C.
667 1428 794 1500 Allium,
813 1447 902 1503 quem
917 1429 1023 1503 habet,
1041 1429 1091 1489 cui

61 1510 239 1570 notissimus
254 1527 324 1571 esse
336 1512 435 1584 debet,
451 1510 593 1583 vicinum,
607 1510 755 1584 tribulem,
765 1513 979 1586 gravissimum
994 1513 1090 1573 homi-

60 1610 130 1653 nem
151 1594 409 1670 iustissimumque
427 1594 599 1655 edidisset?
613 1594 699 1654 cuius
716 1595 838 1668 quidem
854 1597 993 1672 aequitas
1008 1605 1038 1658 et
1054 1612 1091 1655 ea

64 1679 204 1737 voluntas
227 1695 300 1751 erga
314 1680 364 1737 cn.
377 1677 489 1736 Plancii
511 1678 654 1748 salutem,
675 1693 765 1749 quam
780 1677 831 1737 ille
847 1678 913 1738 sine
927 1683 989 1739 ullu
1005 1681 1090 1754 cupi-

60 1759 166 1819 ditatis
182 1760 358 1833 suspicione
373 1777 446 1833 prae
461 1775 496 1817 se
511 1759 581 1830 lert,
603 1759 692 1817 lacile
708 1758 843 1821 declarat
856 1777 917 1820 non
933 1762 1057 1821 luisses
1078 1793 1089 1803 ·

59 1843 193 1916 giendos
207 1842 333 1901 tribules
347 1841 416 1900 huic
430 1841 563 1913 iudices,
586 1841 635 1899 cui
656 1843 857 1914 quaesitorem
878 1843 1018 1902 tribulem
1037 1858 1090 1902 ex·

60 1925 225 1998 optandum
243 1923 339 1983 luisse
354 1924 492 1983 videatis.

122 2007 228 2066 XVlIl.
238 2004 301 2067 lt.
318 2006 424 2082 Neque
438 2023 496 2082 ego
520 2021 601 2066 nuuc
616 2003 775 2066 consilium
787 2007 978 2082 reprebendo
995 2016 1090 2078 tuum,

60 2092 145 2166 quod
157 2107 211 2149 eas
227 2090 332 2162 tribus,
347 2089 458 2164 quibus
466 2098 532 2151 erat
545 2089 593 2149 hic
608 2089 739 2150 maxime
751 2098 850 2164 notus,
862 2107 923 2150 uon
939 2088 1090 2149 edideris=

59 2176 116 2234 sed
134 2191 152 2232 a
167 2182 196 2234 te
215 2175 313 2233 doceo
326 2173 486 2235 consilium
496 2190 557 2234 non
571 2183 724 2234 servatum
735 2183 871 2235 senatus.
885 2172 1003 2234 Etenim
1021 2173 1090 2248 quis

58 2267 87 2317 te
101 2266 164 2316 tum
176 2256 293 2318 audiret
307 2257 426 2318 illorum
445 2264 497 2321 aut
508 2257 583 2332 quid
592 2256 737 2318 diceres?
758 2256 1088 2333 sequestremnePlan·

59 2340 161 2400 ciumt
176 2349 358 2415 respuerent
371 2356 471 2418 aures,
486 2356 576 2402 nemo
592 2350 781 2416 agnosceret
796 2341 1000 2417 repudiarent.
1037 2342 1086 2398 An

59 2424 247 2497 gratiosum?
265 2424 308 2482 illi
331 2424 458 2485 libenter
476 2425 629 2497 audirent,
648 2441 706 2485 nos
728 2441 789 2485 non
810 2425 915 2486 timide
929 2423 1088 2484 conlitere-

58 2524 134 2571 mur·
176 2505 244 2566 Noli
264 2508 343 2566 enim
364 2518 487 2582 putare,
500 2508 689 2580 Laterensis,
704 2507 821 2582 legibus
838 2508 920 2581 istis,
942 2522 1019 2589 quas
1039 2521 1088 2565 se·

58 2599 148 2650 natus
165 2591 204 2649 de
219 2590 332 2650 ambitu
346 2590 456 2651 sanciri
471 2592 620 2665 voluerit,
634 2590 665 2651 id
681 2607 751 2652 esse
765 2599 880 2663 actum,
891 2599 926 2651 ut
939 2588 1090 2662 sullbaga·

56 2673 115 2745 tio,
129 2683 162 2733 ut
176 2673 378 2747 observantia,
391 2684 426 2735 ut
438 2673 534 2749 gratia
548 2676 710 2735 tolleretur.
754 2675 882 2750 Semper
895 2673 1019 2734 luerunt
1033 2671 1088 2730 viri

55 2755 145 2829 boni,
168 2756 220 2829 qui
240 2759 322 2830 apud
341 2757 466 2819 tribules
482 2774 557 2818 suos
571 2757 697 2832 gratiosi
711 2774 782 2818 esse
797 2760 918 2818 vellent.
961 2753 1013 2816 45.
1030 2754 1086 2814 Ne

56 2855 118 2912 que
140 2854 213 2898 vero
227 2849 286 2900 tem
304 2842 398 2903 durus
411 2843 440 2900 in
461 2841 581 2917 plebem
600 2850 705 2902 noster
719 2842 794 2902 ordo
810 2840 879 2911 luit,
894 2848 929 2900 ut
943 2854 1011 2898 eam
1028 2836 1087 2897 ooli

56 2928 162 2980 nostra
172 2923 292 2984 modica
306 2923 484 2985 liberalitate
498 2926 642 2985 uoluerit:
665 2942 765 2999 neque
778 2924 839 2984 boc
853 2922 958 2983 liberis
973 2919 1085 2993 nostrls

54 3002 298 3067 interdicendum
312 3016 368 3080 est,
385 3025 424 3068 ne
435 3009 600 3068 observent
609 3008 734 3068 tribules
745 3024 830 3079 suos,
848 3023 886 3067 ue
899 3004 1030 3081 diligant,
1045 3018 1084 3061 ne

54 3088 210 3148 conficere
226 3091 409 3153 necessariis
426 3092 490 3152 suis
503 3108 589 3151 suam
604 3091 712 3152 tribum
728 3091 858 3167 possint,
875 3104 914 3150 no
924 3102 980 3165 per
992 3082 1083 3147 abiis

52 3189 166 3231 munus
187 3171 217 3231 in
238 3188 295 3234 sua
314 3174 459 3249 petitione
479 3183 661 3250 respectent.
705 3176 790 3235 llaec
811 3173 891 3237 enlm
911 3172 1000 3247 plena
1013 3175 1084 3229 sunt

53 3256 163 3327 ollloii,
179 3258 269 3331 plena
285 3256 514 3330 observantiae,
530 3259 620 3332 plena
633 3257 723 3317 etiam
740 3255 934 3332 antiquitatis.
974 3254 1036 3313 lsto
1051 3249 1083 3309 in

53 3354 166 3413 genere
180 3349 210 3399 ct
224 3340 337 3400 luimus
348 3341 423 3415 insi,
444 3358 537 3416 quum
554 3339 725 3401 ambitionis
739 3350 861 3403 nostrae
873 3348 1013 3412 tempora
1030 3348 1084 3408 po·

52 3423 222 3497 stulabant,
245 3431 276 3483 et
297 3424 484 3485 clarissimos
507 3424 590 3485 viros
613 3440 685 3485 esse
706 3423 835 3484 vidimus
855 3430 886 3483 et
905 3418 1000 3481 bodie
1015 3430 1087 3474 esse
