2340 3788
94 193 159 257 282
378 188 453 251 PRO
474 189 507 249 P.
529 187 662 335 Sffllll
685 187 836 275 ohtric.
859 216 867 231 ι
1014 255 1023 265 ³

628 274 785 335 „pilus
825 272 921 322 ij'a't(
956 274 1027 317 ’Μ’

94 361 159 403 rem
174 341 327 418 publicam
342 278 621 416 propugnatoribiis
631 340 862 400 arbitrabantur.
884 338 1125 405 Frumentariam

93 429 192 501 legem
207 425 238 484 C.
256 424 410 487 Gracchus
425 424 550 483 terebat.
571 424 707 483 Iucunda
723 439 774 483 res
792 423 906 497 plebei:
928 423 1027 485 victus
1044 427 1125 488 enim

93 508 348 584 suppeditabatur
364 509 447 582 large
464 506 531 566 sine
546 505 660 567 labore.
688 508 912 580 Repugnabant
925 507 1014 581 boni,
1039 513 1123 585 quod

28 619 31 631 s
93 601 124 653 et
140 593 178 653 ab
195 590 344 651 industria
360 591 480 665 plebem
494 589 534 649 ad
548 589 696 649 desidiam
715 590 838 650 avocari
862 591 1009 664 putabant
1023 603 1055 654 et
1074 612 1121 656 ae·

93 675 206 736 rarium
222 673 375 735 exhauriri
391 673 558 733 videbatur.

173 757 275 817 XLIX.
294 757 489 819 Multaetiam
501 764 605 816 nostra
616 754 769 837 memoria,
787 772 866 830 quae
882 759 1022 838 consulto
1034 777 1121 843 prae·

91 849 191 914 tereo,
215 842 337 901 luerunt
355 840 387 900 in
410 856 447 900 ea
465 840 674 914 contentione,
687 834 738 900 'tit'
750 824 907 937 popplaris
931 834 1085 919 cupiditas
1105 862 1124 904 a

41 978 44 984 .
91 923 219 985 consilio
236 923 406 999 principum
422 923 593 984 dissideret.
622 921 691 985 104.
707 923 792 983 Nunc
809 924 873 985 ram
884 922 959 983 nihil
974 929 1123 1001 estquod

91 1009 226 1084 populus
247 1007 419 1081 adelectis
446 1005 698 1083 principibusque
725 1005 897 1077 dissentiat,
928 1024 985 1067 nec
1006 1007 1123 1085 flagitat

90 1108 154 1151 rem
170 1092 261 1151 ullam
282 1107 382 1166 neque
403 1106 552 1151 novarum
571 1106 671 1150 rerum
694 1098 741 1150 est
762 1089 892 1164 cupidus
920 1099 949 1150 et
972 1092 1040 1154 ocio
1063 1111 1123 1154 suo

91 1183 122 1235 et
136 1174 282 1248 dignitate
297 1174 400 1249 optimi
416 1173 566 1248 cuiusque
580 1181 610 1233 et
630 1172 793 1233 universae
808 1172 852 1232 rei
866 1173 1008 1248 publicae
1024 1177 1124 1250 gloria

92 1258 268 1318 delectatur.
314 1258 381 1332 itaq
446 1256 586 1341 homines
615 1255 754 1317 seditiosi
779 1272 815 1315 ac
843 1257 1021 1331 turbulenti,
1050 1261 1124 1334 quia

90 1342 173 1401 nulla
193 1340 254 1400 iani
274 1341 392 1416 largitio
447 1320 603 1416 ”p‘opulum
617 1342 786 1401 Romanum
810 1339 963 1400 concitare
978 1351 1123 1416 possunt,

93 1425 176 1498 quod
198 1424 305 1499 plebes
326 1425 487 1498 perfuncta
508 1422 977 1511 gravissimibflhtfilwssibus„,ad
1001 1425 1122 1493 discor·

91 1507 151 1567 diis
166 1506 267 1577 ocium
281 1510 485 1582 amplexatur,
510 1495 811 1571 condictas’hlbcnt·
821 1494 1123 1585 conbanem-tneque

90 1591 121 1650 id
138 1599 246 1665 agunt,
260 1599 293 1651 ut
307 1607 344 1650 ea
360 1591 463 1652 dicant
477 1593 655 1682 callerent,
672 1607 692 1663 q
750 1589 808 1732 {tri
820 1582 913 1650 velint
927 1589 1046 1663 audite,
1066 1594 1123 1667 qui

90 1672 119 1734 in
137 1673 281 1763 cohtiqne
290 1681 381 1749 punt,
397 1676 453 1736 sed
467 1672 571 1750 precio
584 1691 620 1734 ac
634 1689 736 1733 merce
793 1673 967 1748 perficiunt,
980 1680 1013 1733 ut
1028 1676 1121 1748 quid-

92 1756 166 1831 quid
186 1752 312 1828 dicant,¹
325 1757 357 1817 id
375 1759 417 1818 illi
439 1760 518 1819 velle
538 1757 643 1900 εψάἶρ
664 1757 831 1845 ¹uideantur.
868 1753 938 1819 105.
959 1757 1035 1816 Num
1057 1774 1120 1818 vos

91 1840 272 1911 existimatis
286 1841 440 1901 Gracchos
455 1850 507 1902 aut
524 1840 598 1903 salu
615 1824 786 1901 hinum'aut
802 1857 984 1916 quemquam
998 1840 1118 1902 illorum
1153 1848 1156 1857 '

90 1916 241 1998 veterum,
258 1924 310 1999 qui
327 1928 493 2023 populare*
507 1925 710 1996 habebantur,
731 1926 823 1984 ullum
840 1941 983 1998 umquam
997 1923 1028 1984 in
1046 1941 1119 1985 con·

17 2023 19 2031 ’
42 2001 73 2050 ⁴2·
89 2008 172 2068 tione
186 2008 331 2068 habuisse
347 1994 550 2069 coridiictum?
576 2010 671 2068 Nemo
691 2008 803 2067 habuit.
840 2009 911 2082 Ipsa
928 2007 1007 2067 enim
1029 2009 1117 2083 largi-

19 2084 24 2103 ¹
89 2091 131 2150 tio
146 2099 176 2151 et
191 2109 264 2165 spes
281 2093 439 2173 commodi,
452 2091 603 2167 propositi
624 2092 691 2154 sine
712 2092 853 2151 mercede
873 2093 936 2150 ulla
955 2091 1117 2152 multitudi-

90 2190 158 2233 nem
172 2174 357 2251 concitabat.
373 2170 478 2250 ltaqu'e'
490 2175 676 2251 temporibus
689 2174 762 2245 illis,
780 2175 831 2250 qui
843 2178 1009 2251 populares
1023 2184 1118 2248 erant,

33 2318 36 2323 ,
73 2254 286 2316 'offendebant
307 2258 495 2337 illiquidem
508 2260 597 2332 ‚apud
620 2274 730 2332 graves
747 2249 1116 2337 ethonestos'iiomines,

90 2339 146 2398 sed
161 2340 266 2414 populi
284 2341 404 2401 iudiciis
422 2352 513 2417 atque
531 2341 612 2401 omni
634 2324 855 2415 significatione
876 2341 1034 2402 florebant.
1064 2343 1118 2401 His

89 2421 119 2482 in
134 2422 251 2483 theatro
266 2425 480 2498 plaudebatur:
499 2425 528 2484 hi
544 2424 696 2498 suffragiis
713 2426 796 2500 quod
812 2427 1032 2486 contenderant
1046 2442 1118 2485 con-

43 2559 45 2568 .
89 2507 311 2580 sequebantur:
326 2507 434 2568 horum
449 2509 587 2582 homines
603 2520 723 2582 nomen,
741 2509 915 2579 orationem,
933 2511 1058 2581 vultum,
1074 2508 1119 2566 in·

17 2604 19 2609 ·
67 2607 211 2661 cessum
223 2592 373 2652 amabant.
396 2591 452 2665 Qui
466 2601 565 2652 autem
578 2593 819 2656 adversabantur
829 2594 854 2652 ei
871 2592 991 2666 generi,
1007 2608 1119 2666 graves

65 2706 76 2731 .-
88 2682 118 2734 et
134 2676 234 2750 magni
249 2675 389 2735 homines
405 2675 606 2736 habebantur:
632 2676 688 2735 seri
708 2676 853 2737 valebant
869 2676 898 2734 in
918 2684 1028 2734 senatu
1043 2677 1118 2734 mul-

87 2766 164 2828 tum,
187 2760 270 2833 apud
290 2759 389 2818 bonos
412 2758 494 2818 viros
515 2758 690 2833 plurimum:
710 2758 892 2821 multitudini
909 2758 1035 2818 iucundi
1058 2775 1120 2817 non

88 2851 186 2913 erant,
210 2840 365 2916 suffragiis
383 2842 595 2902 offendebatur
616 2860 710 2917 saepe
722 2857 833 2904 ¹eorum
853 2844 1009 2902 voluntas:
1033 2842 1120 2916 plau-

88 2941 155 2983 sum
169 2942 243 2985 vero
259 2925 392 2985 etiamsi
408 2924 477 3000 quis
495 2943 599 2987 eorum
614 2926 778 3001 aliquando
794 2932 969 3000 acceperat,
985 2940 1025 2983 ne
1045 2924 1122 2998 quid

88 3017 252 3079 peccasset
267 3009 510 3084 pertimescebat.
542 3013 710 3081 Attamen,
728 3010 754 3070 si
772 3026 916 3085 quaeres
933 3017 997 3068 erat
1012 3007 1120 3080 maior,

86 3087 168 3229 {dem
195 3091 244 3151 ille
276 3094 409 3167 populus
435 3093 543 3153 horum
573 3093 753 3154 auctoritate
782 3092 914 3152 maxime
944 3108 1122 3152 commove-

108 3179 183 3231 atur.

170 3255 203 3313 L.
227 3254 296 3317 106.
318 3260 419 3332 Nunc,
434 3257 493 3318 nisi
538 3275 555 3318 e
573 3259 660 3330 saliit,
682 3258 712 3317 in
728 3276 765 3318 eo
781 3266 860 3319 statu
875 3259 982 3320 civitas
997 3267 1060 3331 est,
1079 3269 1122 3332 ut,

87 3337 114 3396 si
138 3355 249 3414 operas
268 3342 518 3402 conductorumr
538 3342 688 3412 moveris,
711 3358 818 3401 omnes
839 3342 919 3402 idem
943 3344 981 3401 de
1003 3358 1039 3401 re
1065 3359 1123 3416 pu·

86 3420 166 3481 blica
181 3421 303 3483 sensuri
318 3439 388 3484 esse
403 3425 572 3489 videantur.
605 3423 724 3486 Etenim
740 3418 836 3485 tribds
857 3425 934 3486 locis
951 3424 1125 3498 significari
