2340 3788
349 174 432 237 car.
448 181 579 239 so-ne.
601 178 768 242 too-ra
994 164 1060 235 tto

40 327 89 391 tibi
99 326 219 388 obiecto
231 322 271 386 sit
281 322 402 400 species
412 321 573 399 singularis
584 320 651 397 viri,
661 321 938 398 penerrttumteoe
950 337 1060 385 somno

40 408 177 480 excitari,
194 410 293 470 turere
308 406 397 469 etiarn
408 422 504 482 saepe
516 405 699 481 vigilantem.
741 404 792 469 6⁹.
804 404 853 466 tle
869 405 990 481 quidem
1005 406 1060 467 rni-

40 500 118 557 seret
132 490 278 568 parietum
295 490 432 566 ipsorum
445 498 536 564 atquc
551 496 708 550 tectorum.
731 487 809 561 Quid
824 486 905 547 enirn
917 504 1061 565 umquam

40 577 147 639 lomus
166 575 216 635 illa
238 573 357 635 viderat
379 571 439 634 nisi
452 571 618 648 pudicuml
639 571 713 647 quid
726 572 784 632 nisi
800 586 840 633 ex
850 568 963 646 optimc
976 588 1061 634 more

40 656 278 721 asarnedsstma
303 654 485 731 disciptinas
508 654 577 716 Fuit
597 652 677 715 enirn
701 655 752 715 ille
772 652 834 728 vir,
859 660 963 729 pause
989 671 1061 715 eon·

40 740 157 816 sodpd,
171 741 249 801 sieut
262 737 362 812 scitis,
381 754 474 814 quum
490 736 565 799 toris
581 738 681 820 clarus
694 745 757 799 tum
771 735 854 799 domi
865 735 1063 799 admirandus

40 836 139 898 neque
158 823 251 884 rebus
270 822 404 884 externis
422 822 518 896 magis
539 821 709 882 laudandus
730 836 820 895 quarn
841 818 985 894 institutis
1008 820 1062 880 do·

40 904 187 969 nosticis=
200 906 290 967 huius
300 906 332 965 in
346 903 472 966 sedibus
485 921 543 979 pro
554 902 702 965 cubiculis
713 905 840 976 stabula,
858 919 914 978 pro
927 902 1063 963 tricliniis

40 989 171 1067 popinae
186 997 267 1051 sunt.
297 986 363 1049 Etsi
377 987 436 1047 iam
452 996 550 1063 neget
593 985 690 1048 Nolite
710 1002 868 1062 quaerere.
909 984 999 1060 Frugi
1021 985 1065 1045 ia·

40 1080 103 1135 etus
124 1079 180 1132 est
223 1073 307 1132 illam
329 1086 415 1131 suam
427 1086 501 1131 suas
514 1086 566 1131 res
581 1068 640 1130 sibi
653 1069 766 1131 habere
779 1068 879 1144 iussit,
892 1084 932 1133 ex
945 1067 1063 1131 duode-
1097 1106 1101 1111 -

40 1155 96 1217 rim
117 1153 229 1215 tabulis
250 1155 355 1215 eleves
369 1152 497 1225 ademit,
519 1152 630 1228 exegit.
678 1152 773 1226 Quam
794 1167 887 1227 porro
907 1159 1063 1227 spectatus

40 1236 122 1310 ciuis,
137 1252 229 1311 quam
240 1236 403 1313 probatusl
421 1234 508 1297 cuitu
526 1233 662 1297 exomni
675 1235 738 1296 vita
754 1234 827 1297 nibil
841 1242 889 1298 esl
902 1232 1062 1297 honestius

40 1335 129 1397 ruam
142 1321 226 1395 quod
241 1335 309 1380 cum
323 1318 414 1380 mnne
428 1316 499 1380 iecit
513 1317 685 1380 divortium.
729 1316 779 1380 70.
795 1321 837 1380 At
848 1335 940 1395 quam
955 1317 1063 1378 crebro

40 1411 179 1478 usurpa:
200 1409 230 1464 et
245 1406 392 1465 comolet
408 1399 573 1465 Acontio?
592 1402 653 1464 hoc
671 1409 719 1464 est
733 1400 852 1477 dicere,
868 1411 899 1464 et
914 1400 1065 1463 consulet

40 1485 313 1560 mpudieissimus,
337 1494 368 1547 ct
383 1487 492 1548 consul
506 1494 536 1547 et
549 1486 640 1548 bomo
655 1485 872 1562 nequissimus
916 1484 995 1561 Quid
1016 1490 1065 1545 cst

40 1567 119 1629 enim
129 1567 1063 1644 uliudAntoniuslNamsidignitussigniiieareturiunomine,

40 1648 167 1713 lixisset
179 1649 362 1726 aliquando,
384 1651 493 1719 credo,
510 1666 586 1709 avus
600 1658 670 1710 tuus
685 1666 720 1710 se
740 1656 771 1711 et
787 1653 943 1713 consulem
957 1658 989 1712 et
1001 1652 1064 1711 An·

40 1734 161 1795 onium.
204 1732 374 1805 Numquam
389 1729 474 1788 dixit
517 1729 651 1789 Dixisset
664 1730 754 1792 etiam
769 1734 888 1807 collega
900 1747 996 1805 meus,
1011 1749 1064 1807 pc·

40 1829 122 1877 ruus
133 1820 213 1872 tuus.
241 1810 307 1872 Nisi
320 1813 347 1871 si
362 1818 395 1872 tu
408 1826 444 1871 es
459 1811 544 1871 solus
554 1809 717 1872 Antonius.
751 1812 813 1874 Sed
827 1812 931 1874 omitto
942 1829 980 1872 ea
994 1829 1066 1887 pao·

40 1903 120 1967 tata,
144 1909 224 1969 quae
244 1908 306 1955 non
324 1902 394 1955 sunt
406 1908 511 1954 earum
524 1892 655 1969 paruum
671 1896 810 1970 propria,
829 1895 941 1971 quibus
955 1902 987 1956 tu
1001 1910 1066 1957 rem

40 1976 190 2055 publicam
206 1975 369 2039 vexavisti=
387 1977 428 2037 ad
443 1975 529 2053 ipsas
544 1983 611 2037 tuas
626 1985 730 2052 parles
743 1978 848 2052 redeo,
862 1978 894 2037 id
908 1984 957 2040 est
967 1977 1008 2039 ad
1025 1979 1066 2038 ci·

40 2060 96 2121 nile
107 2059 229 2133 bellum,
247 2061 453 2136 quodnatnm,
465 2058 638 2134 conflatum,
653 2068 829 2136 susceptum
842 2068 997 2136 operatua
1008 2068 1066 2122 est

96 2142 201 2203 XXIX.
224 2141 273 2206 tt.
293 2142 347 2205 Cui
367 2144 447 2204 bello
463 2158 555 2219 quum
570 2150 694 2220 propter
703 2142 889 2207 timiditatem
906 2152 988 2205 tuam
1003 2151 1066 2205 tum
1154 2148 1159 2159 ’

40 2233 163 2302 propter
185 2223 328 2287 libidines
347 2224 491 2288 delusus
510 2226 656 2287 Gustatus
679 2226 798 2288 civilem
818 2225 996 2302 sanguinem
1016 2227 1066 2289 vel

40 2306 139 2385 notius
156 2308 360 2370 exsorbueras
374 2331 381 2365 =
396 2311 498 2370 lueres
518 2309 550 2370 in
560 2311 627 2371 acie
645 2309 818 2372 Pharsalica
831 2312 1065 2387 antesignanus:

40 2392 69 2451 t.
84 2389 257 2464 Domitium,
272 2391 473 2453 clarissimum
490 2400 520 2454 el
533 2391 754 2454 nobilissimum
771 2394 876 2468 virum,
895 2393 1064 2465 occideras,

40 2475 211 2549 nullosque
226 2483 398 2549 praeterea,
417 2474 470 2551 qni
486 2490 504 2537 e
520 2475 637 2552 proelio
653 2476 830 2552 effugerant,
847 2494 925 2553 quos
945 2478 1065 2548 caesar,

40 2563 69 2619 ut
89 2572 152 2616 non
168 2558 283 2631 nubas,
304 2559 436 2620 fortasse
457 2567 628 2634 servasset,
649 2559 859 2621 crudelissime
883 2568 1064 2633 persecutus

40 2637 215 2700 nocidaras.
265 2640 380 2714 Quibus
408 2641 501 2702 rebus
530 2642 619 2703 tantis
647 2642 757 2704 talibus
786 2641 881 2718 gestis
909 2642 983 2718 quid
1010 2640 1066 2700 tuit

40 2737 152 2783 musae
165 2737 220 2783 cur
235 2721 265 2783 in
281 2724 591 2793 Africamduesarern
605 2740 665 2785 non
680 2741 854 2802 sequerere,
870 2742 963 2800 quum
976 2739 1064 2799 prae·

40 2803 141 2867 wrtim
162 2804 233 2866 belli
252 2822 325 2882 pars
344 2816 426 2869 tanta
445 2814 595 2868 resturetl
618 2808 722 2883 ltaque
748 2825 840 2884 quern
859 2810 959 2870 locum
982 2807 1065 2882 apud

40 2889 140 2963 ipsum
152 2888 311 2949 Caesarem
327 2898 397 2964 post
414 2889 479 2951 eius
494 2907 535 2950 ex
549 2890 652 2951 Africa
665 2892 793 2953 reditum
809 2889 986 2954 obtiduistil
1002 2904 1064 2965 quo

40 2985 163 3032 numero
177 2970 282 3032 luistit
298 2972 389 3034 cuius
399 2981 432 3034 tu
446 2973 637 3048 imperatoris
653 2985 799 3048 quaestor
811 2976 922 3046 lueres,
940 2972 1064 3033 dictato·

40 3052 78 3113 ris
90 3052 238 3127 magister
247 3055 392 3129 equitum,
400 3057 470 3116 beili
486 3056 638 3131 princeps,
653 3057 837 3119 crudelitatis
849 3065 963 3128 auctor,
976 3071 1065 3132 prae-

40 3136 94 3196 dae
108 3136 228 3210 socius,
242 3144 485 3210 testamentode
499 3138 623 3199 dicebas
639 3140 723 3214 ipse,
735 3141 825 3214 lilius,
843 3140 1012 3215 appellatus
1029 3154 1065 3198 es

40 3218 75 3280 de
90 3218 238 3295 pecunia,
255 3238 345 3296 quarn
363 3239 418 3296 pro
434 3223 535 3295 domo,
551 3237 607 3296 pro
625 3221 729 3294 hortis,
745 3239 802 3299 pro
817 3223 954 3284 sectione
972 3222 1065 3281 debe·

40 3302 103 3362 bus.
145 3298 198 3364 72.
214 3301 312 3364 Primo
326 3303 515 3380 respondisti
530 3305 620 3378 plane
635 3305 786 3381 ferociter,
800 3315 838 3377 ct,
855 3322 894 3365 ne
909 3304 1010 3368 ornnia
1020 3305 1064 3363 vi·

40 3382 112 3445 deur
125 3392 231 3447 conca
244 3392 283 3459 le,
299 3402 396 3463 prope
411 3387 533 3449 modum
551 3403 649 3462 aequa
665 3397 695 3449 ct
708 3388 788 3453 iusta
802 3389 938 3450 dicebas.
974 3389 1004 3449 A
1016 3400 1065 3449 me
