2340 3788
127 160 189 225 110
324 158 376 218 DE
390 154 545 216 IMPERIO
560 156 617 215 CN.
630 155 782 217 nouanti
799 154 950 216 ORATIO.

125 307 261 384 periculo
273 304 477 377 committeret,
494 321 586 380 quum
595 313 648 367 aut
660 305 759 366 bieme
768 314 820 368 aut
829 307 942 369 retecto
954 308 1143 381 praedonum

125 390 200 451 mari
215 388 391 462 navigarett
416 388 482 447 Hoc
495 396 610 448 tantum
625 388 750 460 bellum,
772 397 832 449 tam
846 397 951 464 turpe,
970 398 1034 450 tam
1044 400 1142 464 uetus,

124 482 186 534 tom
200 473 259 532 late
273 470 403 530 divisum
418 479 509 545 atque
525 471 697 545 dispersum
713 470 781 546 quis
794 488 936 546 umquam
949 471 1142 535 arbitraretur

124 563 177 615 aut
196 555 234 614 ab
252 552 391 614 omnibus
405 552 635 627 imperatoribus
651 569 711 613 uno
730 570 811 614 auno
827 553 1038 615 automnibus
1055 557 1141 617 anuis

125 640 163 697 ab
184 654 245 698 uno
266 637 447 710 imperatore
474 636 584 695 confici
605 641 721 710 posset
759 633 810 697 32.
840 636 935 708 Quam
954 636 1142 712 provinciam

29 728 36 747 '¹
124 719 263 781 tenuistis
290 736 309 779 a
336 717 540 794 praedonibus
564 717 689 777 liberam
713 734 768 792 per
791 719 886 779 hosce
909 725 1032 784 annosi
1060 722 1143 797 quod

123 803 254 877 vectigal
278 801 367 862 vobis
391 809 485 861 tutum
510 799 584 860 fuit?
612 817 701 874 quem
727 800 843 861 socium
865 801 1068 863 defendistist
1096 803 1143 865 oui

124 884 279 961 praesidio
301 882 449 944 classibus
465 882 573 944 vestris
593 883 715 944 fuistis?
736 900 826 958 quam
841 885 948 945 multas
963 884 1142 948 existimatis

125 970 241 1031 insulas
258 976 330 1028 esse
345 966 506 1025 desertas?
526 982 615 1040 quam
631 967 739 1026 multas
755 974 808 1026 aut
822 975 903 1027 metu
918 966 1042 1027 relictas
1058 978 1144 1029 auta

125 1050 331 1129 praedonibus
351 1055 458 1122 captas
476 1047 568 1107 urbes
590 1064 661 1107 esse
684 1049 856 1111 sociorum?
895 1050 959 1110 ΧΗ.
984 1049 1049 1110 Sed
1070 1050 1141 1126 quid

125 1150 183 1210 ego
202 1132 369 1206 longinqua
388 1137 612 1191 commemoro?
636 1130 704 1191 Fuit
724 1130 782 1191 boc
802 1132 972 1207 quondam,
994 1131 1051 1197 tuit
1073 1150 1143 1209 pro·

125 1217 222 1292 prium
238 1212 342 1289 populi
351 1213 487 1286 Romani,
502 1214 592 1287 louge
607 1229 626 1272 a
640 1215 731 1273 domo
744 1215 855 1273 bellare
865 1223 895 1276 et
904 1216 1162 1290 propugnaculis·

125 1297 243 1370 imperii
258 1295 410 1356 sociorum
424 1296 575 1369 fortunas,
593 1311 654 1355 non
672 1313 728 1356 sua
741 1305 821 1358 tecta
835 1297 1010 1358 defendere.
1042 1297 1144 1359 Sociis

93 1408 96 1414 ⁴
126 1395 183 1454 ego
197 1377 310 1438 nostris
321 1395 403 1438 mare
417 1394 472 1453 per
486 1379 543 1439 hos
555 1394 651 1449 annos
666 1380 802 1439 clausum
815 1380 910 1440 tuisse
924 1379 1033 1453 dicam,
1049 1398 1145 1456 quoru

125 1460 276 1523 exercitus
297 1461 390 1521 vestri
414 1457 578 1536 numquam
597 1478 616 1521 a
635 1461 796 1522 Brundisio
820 1461 880 1522 nisi
902 1461 1002 1523 bieme
1024 1478 1145 1524 summa

125 1543 364 1606 transmiserint?
393 1543 448 1617 Qui
470 1545 510 1603 ad
531 1560 589 1604 vos
609 1544 647 1604 ab
668 1544 779 1605 exteris
801 1543 972 1605 redonibus
995 1544 1144 1618 venirent,

126 1635 233 1703 captos
252 1642 375 1701 querar,
402 1642 494 1701 quum
513 1626 603 1700 iegati
624 1627 730 1702 populi
749 1627 875 1687 Romani
894 1627 1044 1703 redempti
1063 1627 1145 1689 sintt
1166 1679 1169 1684 .

124 1710 343 1771 Mercatoribus
358 1718 453 1771 tutum
466 1725 549 1769 mare
565 1726 625 1769 uon
640 1711 736 1771 tuisse
751 1708 857 1782 dicam,
877 1726 967 1785 quum
979 1710 1145 1771 duodecim

125 1810 250 1854 secures
263 1793 293 1852 in
308 1794 496 1867 praedonum
510 1800 690 1868 potestatem
704 1791 916 1868 pervenerint?
943 1790 994 1854 33.
1016 1792 1145 1855 cnidum

125 1886 177 1942 out
191 1877 397 1952 Colophonem
410 1886 462 1938 aut
478 1876 615 1950 Samum,
630 1875 833 1936 nobilissimas
847 1874 954 1948 urbes,
970 1874 1145 1938 innumera·

124 1961 264 2035 bilesque
278 1959 353 2021 alies
368 1967 473 2035 captas
483 1975 555 2020 esse
571 1974 810 2031 commemorem,
825 1974 918 2034 quum
935 1967 1056 2039 vestros
1074 1976 1144 2034 por·

124 2052 174 2104 tus
195 2053 285 2118 atque
307 2059 362 2103 eos
384 2052 503 2118 portus,
525 2042 634 2117 quibus
653 2042 743 2102 vitam
760 2057 796 2100 ac
812 2039 948 2116 spiritum
965 2041 1093 2114 ducitiS,
1115 2041 1145 2100 iu

125 2127 313 2199 praedonum
334 2125 430 2186 tuisse
455 2131 634 2200 potestatem
658 2123 782 2184 sciatis?
821 2126 875 2183 An·
896 2139 967 2185 vero
992 2124 1145 2198 ignoratis

125 2214 245 2282 portum
267 2208 385 2268 Caietae
406 2206 631 2268 celeberrimum
659 2223 694 2266 ac
719 2206 928 2281 plenissimum
952 2206 1079 2266 navium
1100 2206 1143 2265 in·

9 2322 14 2331 ·
127 2296 282 2364 spectante
293 2288 677 2365 praetoreapraedonibus
688 2305 759 2349 esse
771 2291 940 2364 direptumr
965 2289 1015 2348 Ex
1023 2289 1143 2350 Miseno

126 2379 226 2431 autem
245 2370 311 2431 eius
330 2372 428 2446 ipsius
448 2373 576 2444 liberos,
602 2371 654 2446 qui
675 2388 742 2432 cum
761 2371 968 2448 praedonibus
990 2380 1082 2432 antea
1103 2370 1145 2430 ibi

125 2455 238 2515 bellum
255 2464 407 2530 gesserat,
429 2455 665 2530 apraedonibus
686 2471 757 2515 esse
774 2455 932 2514 sublatos?
973 2454 1050 2514 Nam
1070 2453 1144 2529 quid

126 2553 183 2612 ego
207 2537 345 2597 Ostiense
369 2537 591 2599 incommodum
611 2547 702 2613 atque
720 2538 803 2597 illam
822 2538 920 2597 labem
943 2544 1036 2612 atque
1057 2536 1142 2612 igno·

126 2622 245 2681 miniam
257 2619 303 2680 rei
313 2620 452 2694 publicae
460 2637 578 2696 querar,
591 2637 683 2695 quum
694 2636 791 2695 prope
802 2618 1045 2696 inspectantibus
1054 2617 1143 2680 vobis

127 2704 234 2765 classis
250 2719 299 2775 ea,
322 2703 369 2764 cui
394 2706 499 2764 consul
515 2704 620 2780 populi
638 2705 764 2764 Romani
786 2702 979 2778 praepositus
1004 2711 1105 2775 esset,
1125 2716 1143 2759 a

126 2788 331 2862 praedonibus
355 2795 444 2861 capto
462 2795 553 2862 atque
571 2803 721 2862 oppressa
734 2792 801 2847 estu
826 2785 883 2846 Pro
896 2786 926 2845 di
940 2784 1141 2846 immortates!

127 2880 278 2932 tantamne
303 2872 392 2931 unius
416 2871 545 2931 hominis
570 2868 752 2930 incredibilis
781 2884 817 2927 ac
842 2869 945 2928 diviua
964 2868 1062 2928 virtus
1086 2877 1143 2927 tam

126 2952 212 3012 brevi
225 2964 360 3030 tempore
375 2956 473 3014 lucem
489 2955 606 3014 adferre
620 2953 664 3012 rei
678 2951 817 3026 publicae
831 2951 937 3026 potuit,
952 2959 986 3011 ut
1002 2966 1070 3021 vos,
1093 2948 1143 3023 qui

127 3036 218 3094 modo
229 3047 297 3098 ante
309 3040 418 3100 ostium
428 3037 597 3097 Tiberinum
608 3039 737 3095 classem
748 3033 880 3094 hostium
889 3033 1051 3106 videbatis,
1065 3045 1143 3092 nunc

127 3117 239 3175 nullam
253 3121 327 3180 iutra
339 3121 450 3180 Oceani
465 3120 576 3180 ostium
589 3119 777 3193 praedonum
790 3133 899 3177 navem
910 3132 982 3176 esse
992 3116 1144 3176 aunensi

127 3195 177 3258 34.
198 3201 300 3274 Atque
313 3203 463 3279 haecque
480 3202 631 3263 celeritate
644 3209 731 3274 gesta
747 3200 807 3260 sint
823 3215 1007 3274 quamquam
1023 3196 1142 3266 videtis,

127 3289 262 3342 tamena
281 3298 329 3341 me
342 3284 372 3342 in
394 3286 523 3345 dicendo
545 3284 764 3358 praetereunda
780 3299 840 3343 non
859 3290 937 3342 sunt.
976 3281 1052 3354 Quis
1067 3280 1144 3340 euim

127 3381 273 3442 umquam
289 3374 340 3426 aut
355 3368 487 3430 obeundi
502 3367 622 3443 negocii
632 3376 683 3426 aut
698 3365 905 3440 consequendi
921 3374 1070 3440 quaestus
1084 3370 1144 3422 stu-
