2340 3788
381 148 577 242 cultu-t
599 186 772 248 ιιι-ιι
881 213 885 220 -
1038 185 1101 252 ιιι

67 331 184 393 bimur.
201 331 249 391 sin
264 329 459 391 remissiores
480 347 551 392 esse
564 331 757 427 voluerimus,
775 350 910 398 summae
924 335 1014 398 nobis
1028 352 1097 398 etu-

67 412 233 475 delitatis
224 429 254 473 m
271 413 386 489 patriae
408 413 582 489 civiumque
608 406 746 489 pernicie
764 417 843 478 lama
863 421 1023 481 subeunde
1037 429 1096 482 est.

67 496 120 558 13.
152 496 222 556 Nisi
232 514 305 558 vero
320 495 498 571 cuipiamL.
515 497 641 571 Caesar,
671 496 720 556 vir
738 499 920 562 lordssimus
939 511 970 564 et
991 520 1096 564 eman-

67 580 417 656 tissimusreipublioae‚
433 581 585 640 crudelior
593 579 706 641 nudius
717 579 824 642 tentius
835 582 919 644 visus
931 595 986 660 est,
1001 604 1094 663 quum

66 678 186 724 sororis
194 678 278 737 suae,
285 664 415 724 femmae
422 662 614 736 lectissimae
628 663 724 724 virum
736 668 1095 745 pmeseutemetaudien·

66 755 130 807 tem
141 744 204 806 vitd
216 747 398 822 privandum
416 762 487 806 esse
502 745 587 821 dixit,
603 764 696 823 quum
714 764 804 808 avum
822 747 1007 811 suumiussu
1022 768 1096 812 uon-

55 828 145 890 'sulis
160 826 351 891 interiectum
365 829 564 905 filiumque
538 847 604 890 elus
618 831 815 917 impuberem,
833 831 962 904 legatum
976 848 995 891 a
1009 842 1096 907 patre

66 913 204 986 missum,
218 912 249 972 in
266 928 392 973 earcere
405 920 545 973 necatum
561 930 632 974 esse
647 909 731 974 dixit.
754 914 886 988 Quorum
902 914 985 988 quod
999 913 1097 975 simile

65 996 203 1056 laeusml
216 995 301 1071 quod
316 996 421 1057 initum
437 997 586 1056 delendae
602 999 645 1057 tei
661 996 801 1072 publicae
818 995 999 1059 eonsiliuml
1025 997 1097 1056 Lar-

64 1077 190 1154 gitionis
213 1080 352 1140 voluntas
370 1089 432 1141 tum
449 1078 480 1139 in
503 1096 537 1139 re
562 1079 684 1155 publiea
702 1089 823 1141 versata
845 1087 893 1141 est
919 1088 950 1141 et
969 1078 1099 1154 panium

66 1162 219 1238 quaedam
241 1162 405 1223 eontentio.
435 1165 538 1239 Atque
552 1161 604 1224 illo
620 1171 758 1238 tempore
771 1163 862 1224 huius
877 1180 954 1224 avus
968 1162 1098 1233 Lentuli,

66 1245 114 1306 vir
125 1245 330 1321 clarissimus,
347 1255 481 1308 armatus
491 1246 663 1307 Gracchum
675 1255 723 1308 est
733 1255 925 1323 persecutus.
943 1247 996 1305 Ille
1007 1244 1096 1306 etiam

64 1345 162 1404 grave
174 1336 237 1389 tum
252 1330 362 1390 vulnus
383 1330 567 1406 accepitne
583 1329 657 1405 quid
672 1331 711 1391 de
727 1348 845 1392 summa
860 1329 1029 1406 republica
1043 1328 1097 1389 de

65 1413 267 1472 minueretur·
282 1413 331 1473 hio
346 1414 386 1474 ad
399 1415 565 1474 evertenda
576 1414 771 1476 fundamenta
784 1413 981 1491 reipublicae
992 1413 1097 1471 Gallos

64 1495 205 1569 arcessit,
221 1497 345 1558 servitia
362 1497 508 1569 eoncitat,
523 1496 679 1557 Catilinam
692 1507 798 1571 vocat,
813 1496 946 1560 attribuit
962 1512 1020 1574 nos
1034 1502 1098 1555 tm

64 1579 217 1640 cidandos
234 1580 366 1655 Cethego
384 1588 415 1641 et
431 1588 570 1640 caeteros
595 1580 679 1641 aives
704 1582 747 1642 int
735 1582 931 1643 terllciendos
956 1576 1097 1652 Gabinio,

64 1663 173 1724 urbem
187 1661 433 1723 inflammandam
448 1662 571 1736 Cassio,
585 1670 677 1723 totam
692 1664 808 1724 ltaliam
825 1664 1006 1725 vastandam
1023 1660 1095 1720 diri·

64 1747 272 1822 piendamque
287 1745 441 1806 Catilinae.
462 1745 633 1818 veremini,
649 1762 780 1820 denseo,
803 1763 842 1806 ne
857 1748 887 1806 in
903 1748 962 1805 hoo
978 1745 1096 1805 scelere

64 1839 125 1891 tam
152 1827 275 1887 immani
294 1843 331 1887 ae
353 1827 487 1887 nefando
511 1826 600 1885 nimis
621 1828 737 1902 aliquid
756 1845 868 1890 severe
890 1828 1035 1890 statuisse
1050 1826 1096 1886 vi-

62 1908 214 1973 deamini:
236 1911 329 1969 multo
352 1909 449 1986 magis
467 1917 515 1970 est
534 1911 702 1970 verendum
717 1928 756 1972 ne
777 1911 959 1971 remissione
975 1925 1096 1985 poenae

62 1990 238 2056 crudeles·
230 2008 260 2051 m
274 1993 400 2068 palliam
418 2007 510 2070 quam
533 2007 572 2052 ne
587 1993 749 2055 severitate
763 1992 1037 2055 animadversionis
1050 1992 1096 2052 ni-

61 2079 122 2139 mls
138 2075 359 2137 vehementes'
351 2094 381 2136 m
396 2075 613 2137 acerbissimos
629 2077 736 2138 hostes
752 2078 849 2138 luisse
864 2075 1036 2139 videamini.

149 2160 214 2219 Vll.
248 2152 298 2221 14.
322 2159 384 2221 Sed
400 2177 438 2220 ea
445 2176 549 2235 ‚quae
564 2160 706 2235 exaudio,
723 2169 825 2236 patres
843 2159 1016 2236 conscripti,
1031 2159 1096 2220 dis-

63 2243 208 2304 simulare
226 2259 286 2303 non
303 2259 440 2318 possum.
476 2242 630 2305 laoiuntur
651 2244 732 2305 enim
749 2260 860 2318 voees,
884 2261 963 2321 quae
984 2260 1094 2320 perve-

62 2327 152 2387 niunl
165 2327 205 2386 ad
226 2343 317 2387 aures
333 2344 427 2401 meas,
443 2342 557 2402 eorum,
577 2327 629 2404 qui
644 2327 744 2390 vereri
760 2292 904 2390 viden'tur
917 2337 951 2390 ut
959 2326 1094 2388 habeam

63 2410 142 2477 satis
157 2409 303 2484 praesidii
315 2411 413 2485 adea,
429 2410 969 2487 quaevosstatueritishodlemodie,
984 2409 1094 2471 transi·

63 2494 176 2569 gunda.
214 2492 320 2554 Omnia
341 2503 372 2554 et
393 2493 519 2570 provisa
540 2502 570 2555 et
584 2503 690 2570 parata
711 2503 741 2556 et
757 2495 922 2557 constituta
936 2502 1092 2565 sunt‚-pa-

61 2584 127 2636 tres
138 2575 317 2651 conscripti,
337 2594 430 2652 quum
446 2592 514 2636 mea
529 2594 647 2637 summa
662 2587 841 2654 careatque
862 2577 1018 2652 diligentia
1031 2583 1094 2632 tum

62 2660 158 2721 multo
183 2659 271 2721 etiam
289 2659 404 2720 maiore
422 2659 527 2736 populi
549 2661 677 2721 Romani
698 2663 738 2722 ad
759 2678 909 2722 summum
937 2654 1094 2730 imperium

61 2741 253 2803 retinendum
272 2750 302 2803 et
321 2743 362 2802 ad
380 2759 557 2805 communes
579 2744 716 2805 fortunas
740 2742 970 2805 conservandas
987 2739 1093 2799 volun-

61 2833 134 2886 tate.
165 2825 278 2886 Omnes
292 2827 404 2887 adsunt
419 2826 551 2888 omnium
568 2828 707 2888 ordinum
724 2827 874 2897 homines,
892 2820 1026 2884 omnium
1041 2821 1094 2881 de

61 2907 158 2984 nique
174 2917 322 2970 aetatum=
343 2911 466 2985 plenum
489 2919 537 2971 est
551 2912 664 2984 ionum,
680 2912 772 2986 plena
785 2908 900 2982 templa
919 2905 1031 2971 eit-eum
1048 2904 1095 2966 io-

61 3009 145 3065 rum,
171 2991 253 3068 pleni
276 3010 384 3053 omnes
406 2995 507 3057 aditus
528 2994 627 3054 huius.
642 2993 746 3068 templi
768 3008 804 3052 ac
825 2989 895 3051 loei
933 2988 1095 3050 causaest

61 3075 145 3136 enim
161 3084 233 3151 post
249 3078 354 3137 urbem
370 3079 523 3139 conditam
540 3078 617 3137 haee
638 3076 761 3137 inventa
782 3072 874 3136 sola
865 3090 896 3133 ιι
911 3087 973 3150 qua
985 3088 1093 3134 omnes

61 3156 212 3220 sentirent
236 3177 328 3220 unum
349 3169 442 3236 atque
462 3160 542 3222 idem
558 3168 679 3236 praeter
693 3176 763 3232 eos,
793 3156 845 3233 qui
867 3173 958 3234 quum
975 3148 1033 3218 sibi
1046 3156 1093 3213 ιι-

61 3242 172 3304 derent
187 3259 258 3304 esse
272 3247 471 3319 pereundum,
487 3260 555 3304 eum
571 3242 712 3303 omnibus
726 3240 932 3318 potiusquam
949 3239 1007 3301 soli
1022 3254 1094 3314 per

61 3324 294 3387 inevoluemnt
322 3326 377 3389 «15
406 3328 509 3388 llosoe
530 3342 588 3402 ego
610 3326 749 3386 homines
772 3323 894 3399 excipio
915 3333 1095 3385 etseoemo
1133 3370 1136 3374 .

61 3394 199 3481 libenter,
214 3409 361 3486 usquein
376 3410 582 3487 improborum
601 3408 726 3484 civium,
747 3407 832 3469 sed
824 3424 870 3468 m
878 3401 1094 3552 axexerbissimo·

106 3507 161 3548 cm.
180 3507 269 3550 οιιι.
