2340 3788
100 174 166 243 stt
297 128 304 135 ¹
372 175 448 239 ruo
462 174 520 237 ort.
533 174 863 251 estrumentum.

64 362 73 377 ι
104 328 246 390 volumus
260 282 354 402 quam
368 324 515 402 plurimos
530 325 693 402 nodosos
713 324 888 399 ilecuriatio
902 323 1068 401 tribulium,
1084 327 1139 388 da

104 409 230 485 scriptio
238 409 353 485 populi,
364 407 512 485 summio
519 407 680 485 largitione
689 407 831 485 deqincta
841 409 1035 471 severitatem
1046 427 1138 471 sena-

103 502 157 565 tus
174 501 206 553 et
223 493 372 555 bonorum
393 492 526 553 omnium
546 491 666 553 trimae
678 491 815 553 dolorem
828 491 1008 553 excitarunt
1052 494 1140 555 Haec

104 576 193 648 doce,
207 576 285 637 baec
297 576 410 651 proter,
427 575 488 636 bue
500 573 654 650 incumbe,
659 574 843 648 Laterensis,
855 574 1035 637 decuriasse
1048 575 1140 638 Plau-

105 658 205 730 eium,
219 656 454 735 conscripsisse,
466 667 657 734 sequestrem
677 656 789 731 luisse,
801 657 1039 733 pronunciasse,
1060 661 1141 721 divi·

104 739 650 815 ciscestummiraborteiisarmisuti,
662 740 972 817 quaetibilexdabat,
984 741 1140 805 noluisse.

103 825 275 887 tributum
288 826 371 889 cuim
387 823 539 886 iudicibus
552 841 615 886 uon
630 825 723 886 modo
739 823 930 885 severitatem
949 824 1089 898 illorum,
1111 826 1140 887 si

103 908 163 971 ista
178 924 252 971 vera
267 916 352 982 sunt,
373 908 431 971 sed
450 924 490 969 ne
503 911 605 970 vultus
625 907 750 984 quidem
765 908 846 967 ferre
864 923 1039 982 possemus.
1085 906 1139 971 46.

73 1060 80 1075 ,
102 992 190 1053 Hanc
203 1000 237 1054 tu
251 991 400 1055 rationem
411 1007 505 1067 quum
517 992 630 1068 fugeris
645 1006 801 1066 quumque
814 1005 870 1051 eos
884 988 1002 1055 iudices
1018 990 1139 1053 habere

103 1074 254 1149 uolueris,
275 1090 403 1151 quorum
423 1073 454 1135 in
468 1074 559 1139 buius
578 1073 688 1136 delicto
709 1090 802 1150 quum
821 1073 947 1134 scieum
963 1073 1140 1136 certissima

101 1168 166 1221 tum
180 1158 269 1219 dolor
281 1158 480 1234 saevissimus
495 1174 568 1219 esse
587 1155 741 1231 debuerit,
760 1155 836 1233 quid
855 1157 939 1233 apud
957 1156 1017 1218 bos
1037 1158 1137 1233 dices,

104 1240 159 1317 qui
170 1240 229 1302 abs
242 1248 274 1301 te
287 1240 369 1303 taciti
387 1240 547 1316 requirunt
565 1256 620 1303 cur
640 1239 699 1303 sibi
725 1240 785 1302 boc
797 1277 800 1283 -
814 1240 915 1301 oneris
937 1239 1138 1316 imposueris,

7 1392 12 1407 1
42 1398 46 1403 ,
102 1339 158 1387 cur
177 1338 214 1405 se
228 1323 420 1399 potissimum
439 1323 605 1400 delegeris,
625 1340 680 1385 cur
701 1324 835 1400 denique
856 1339 892 1383 se
914 1323 1051 1385 divinare
1072 1341 1137 1385 ma-

102 1406 196 1467 lueris
211 1422 302 1479 quam
316 1423 388 1480 eos,
410 1405 464 1481 qui
473 1407 604 1479 seirent,
624 1405 781 1469 iudicaret
800 1406 877 1467 xlx.
889 1407 956 1482 Ego
968 1406 1137 1482 Plancium,

101 1487 447 1564 commosin-etipsum
457 1487 624 1564 gratiosum
636 1505 708 1551 essa
725 1491 793 1550 dico
808 1498 840 1550 et
852 1488 999 1551 habuisse
1011 1489 1044 1550 iu
1057 1491 1137 1567 peti·

103 1568 187 1633 douc
196 1571 308 1633 multos
319 1571 448 1648 cupidos
458 1573 507 1635 sui
516 1571 686 1652 gradososc
703 1590 783 1648 quos
796 1581 830 1635 tu
847 1571 1009 1634 sisodales
1024 1590 1137 1648 vocas,

102 1652 273 1716 officiosam
293 1655 455 1717 amicitiam
467 1655 596 1718 nomine
614 1653 758 1732 inquinas
772 1654 951 1717 criminosos
974 1655 1038 1737 sin,
1061 1656 1138 1733 quia

101 1736 228 1812 mtiosi
240 1737 523 1827 sinnaccusaudos
539 1746 644 1814 putas,
668 1739 731 1800 noli
744 1738 846 1801 mirari
864 1745 895 1798 te
914 1741 961 1812 id,
981 1739 1069 1815 quod
1083 1749 1137 1802 tua

101 1819 233 1901 dignita
244 1823 413 1897 postularit,
424 1822 621 1897 repudiandis
632 1821 1137 1899 gratiosorumamicitiisnonessc

50 1906 53 1911 '
100 1905 288 1967 adsecutum.
330 1903 381 1968 47.
401 1903 522 1967 Namut
543 1922 602 1981 ego
622 1908 720 1968 doceo
739 1907 907 1982 gmtiosum
925 1921 998 1967 esse
1019 1904 1052 1966 in
1076 1924 1137 1968 sua

101 1988 181 2049 tribu
192 1987 362 2062 Plancium,
378 1989 463 2065 quod
476 1988 576 2050 multis
592 1989 722 2064 benigne
735 1989 854 2063 lecerit,
871 2004 926 2064 pro
941 1986 1041 2050 multis
1057 2006 1135 2064 spo-

101 2071 256 2146 ponderit,
277 2072 309 2133 in
326 2088 436 2148 operas
450 2073 596 2147 plurimos
614 2072 708 2163 patris
725 2072 901 2134 auctoritate
921 2081 951 2133 et
964 2070 1061 2148 gratia
1076 2072 1134 2132 mi·

102 2153 184 2226 serit,
201 2155 285 2231 quod
299 2156 434 2238 denique
448 2155 589 2216 omnibus
606 2155 718 2216 officiis
733 2172 846 2230 perse,
862 2172 917 2230 per
932 2164 1059 2230 patrem,
1076 2172 1135 2231 per

101 2235 233 2297 maiores
249 2255 325 2299 suos
340 2247 433 2300 totam
448 2238 599 2300 Atinatem
612 2241 833 2315 praefecturam
856 2238 1133 2314 comprehenderit,

101 2319 147 2377 sic
159 2325 193 2378 tu
207 2319 284 2381 doce
300 2331 489 2396 sequestrem
505 2321 617 2396 luisse,
638 2321 776 2398 largitum
791 2339 877 2394 esse,
895 2320 1133 2396 conscripsisse,

100 2400 226 2462 tribules
241 2402 458 2466 decuriavisse.
486 2406 574 2479 Quod
589 2405 616 2465 si
628 2422 689 2465 non
704 2414 808 2480 potes,
830 2405 891 2466 noli
907 2406 1012 2466 tollere
1026 2420 1068 2464 ex
1083 2421 1136 2464 or·

101 2483 172 2544 dine
183 2493 288 2548 nostro
299 2486 514 2559 liberalitatem,
530 2487 593 2549 noli
600 2487 782 2550 maleficium
794 2498 900 2564 putare
911 2505 982 2549 esse
994 2486 1134 2562 gratiam,

102 2569 164 2630 noli
178 2569 401 2632 observantiam
417 2569 537 2632 saneim
553 2586 663 2645 poena.

156 2651 268 2733 ¹Itaque
286 2653 483 2716 haesitantem
504 2662 534 2716 te
553 2655 583 2714 in
604 2655 663 2716 boc
683 2653 899 2715 sodaliciorum
913 2651 1059 2714 tribuario
1077 2653 1135 2715 cri·

83 2735 182 2796 umine
196 2737 234 2796 ad
250 2753 440 2798 communem
455 2736 585 2798 ambitus
600 2753 723 2798 cansam
738 2734 906 2810 contulisti,
924 2737 955 2796 in
975 2752 1036 2810 qua
1051 2735 1136 2797 desi-

101 2833 209 2881 namus
224 2820 407 2894 aliquando,
422 2818 450 2881 si
466 2819 600 2894 videtur,
621 2822 737 2896 vulgari
751 2829 783 2882 et
798 2827 965 2896 pervagata
979 2820 1136 2879 declama—

101 2899 183 2963 tione
200 2905 395 2964 contendere.
425 2902 476 2964 Sic
490 2903 571 2964 euim
586 2912 686 2965 tecum
700 2920 769 2978 ago,
800 2905 851 2967 48.
870 2904 965 2977 Quam
979 2901 1033 2963 tibi
1050 2919 1137 2963 com·

100 2985 223 3045 modum
247 2988 309 3057 est,
332 3003 422 3047 unam
447 2986 555 3048 tribum
574 2986 689 3061 delige:
706 2995 739 3049 tu
755 2988 850 3060 doce,
874 2987 906 3047 id
924 2987 1008 3061 qnod
1026 2985 1136 3058 debes,

101 3078 157 3138 per
173 3084 262 3141 quem
278 3079 482 3144 sequestrem,
507 3087 568 3146 quo
587 3071 722 3132 divisore
732 3080 881 3146 corrupta
896 3069 948 3131 site
966 3085 1041 3142 ego,
1062 3069 1091 3130 si
1104 3069 1136 3128 id

100 3149 202 3208 lacere
222 3167 282 3212 non
306 3152 458 3228 potueris,
473 3154 571 3228 quod,
591 3162 625 3215 ut
645 3152 749 3228 opinio
770 3169 839 3214 mea
853 3155 924 3227 lert,
945 3169 983 3212 ne
1002 3151 1138 3228 incipies

102 3231 240 3306 quidem,
256 3249 312 3307 per
328 3253 419 3311 quern
432 3235 533 3298 tulerit
546 3237 676 3297 docebo.
719 3237 814 3296 Estne
828 3236 905 3295 baec
921 3252 993 3295 vera
1008 3244 1137 3296 conten·

99 3314 163 3377 tiol
174 3315 314 3390 placetne
331 3318 376 3378 sic
391 3318 461 3395 egil
473 3319 551 3381 Num
564 3335 692 3394 possum
706 3319 803 3394 magis
814 3320 925 3393 pedem
937 3320 1093 3391 conferre,
1105 3324 1142 3379 ut

100 3395 197 3470 aiunt,
219 3407 272 3460 aut
286 3401 414 3476 propius
424 3404 594 3464 accederet
621 3401 698 3475 Quid
713 3408 819 3462 tacesl
839 3401 914 3476 quid
934 3400 1141 3464 dissimulem
