2340 3788
340 169 422 231 one.
438 177 533 232 n-o.
555 157 581 236 n
597 178 711 232 s-m.
969 158 1033 237 lla

10 335 77 389 nus
99 323 179 384 enim
199 318 321 381 maximi
341 327 371 381 et
387 319 582 394 pulcherrimi
599 320 669 381 lacti
692 318 740 381 sui
761 321 947 384 conscientia
961 323 1034 384 nihil

10 412 47 470 le
70 424 126 466 suo
143 422 230 478 casu,
252 405 343 465 mulia
364 403 402 462 de
430 411 532 463 vestro
554 403 746 477 querebatur.
791 402 840 465 10.
865 405 972 480 Exque
995 424 1032 469 eo

10 491 140 550 orimum
160 486 291 562 cognovi
310 502 390 562 quae
409 485 555 545 Kalendis
571 483 738 546 Sextilibus
755 486 784 545 in
802 494 910 546 senatu
927 489 1034 551 luisset

17 610 39 635 ι.
52 571 171 633 Pisonis
186 569 297 631 oratioe
313 569 365 644 qui
382 585 564 643 quamquam
581 584 687 644 parum
701 577 765 628 erat
777 601 816 614 -
828 568 860 629 id
876 568 955 631 enim
965 574 1033 646 ipso

10 705 25 731 ‚i
46 658 140 715 Bruto
160 653 313 714 audieram
335 686 372 696 -
398 668 417 711 a
438 652 548 726 quibus
568 651 864 726 debueraradlutus,
885 661 984 713 tamen
1006 663 1036 715 et

10 738 92 798 bruti
106 738 275 798 testimonio
290 769 333 780 -
348 751 408 809 quo
427 734 501 809 quid
515 743 617 810 potest
629 750 701 795 esse
713 733 859 808 gravius?
870 770 909 778 —
927 743 958 795 et
973 752 1035 794 om·

22 822 90 881 ‚ium
104 819 345 895 praedieatione,
361 833 440 892 quos
454 825 563 892 postea
576 817 648 890 vidi,
664 834 801 892 magnam
816 816 889 877 milri
902 819 1035 892 videbe,

10 902 56 965 Tur
70 903 195 977 gloriam
211 907 406 963 consecutus.
437 901 533 961 Hunc·
545 900 635 975 igitur
649 909 682 961 ut
698 916 843 974 sequerer
862 901 1037 976 properavi,

10 989 101 1063 inem
116 992 296 1061 praesentes
311 1000 372 1043 non
390 992 461 1044 sunt
476 984 582 1058 secuti,
598 1001 658 1044 non
674 992 708 1044 ιιι
725 985 906 1058 proficerem
922 983 1037 1058 aliquid

23 1085 179 1143 -neque
209 1067 289 1127 enirn
316 1067 477 1140 sperabam
497 1067 527 1125 id
553 1083 611 1126 nec
639 1076 796 1141 praestare
824 1075 959 1141 poteram
985 1099 1036 1140 -‚
1111 1085 1114 1095 ·

24 1153 64 1213 ed
82 1160 129 1221 ut,
152 1150 179 1209 si
201 1150 274 1223 quid
295 1148 368 1209 mini
390 1150 563 1211 humanitus
582 1150 805 1211 accidisset-
824 1151 917 1210 multa
936 1157 1037 1209 autem

10 1235 187 1374 npendere
199 1231 343 1293 videntur
353 1239 474 1307 praeter
484 1241 620 1293 naturam
638 1234 726 1293 etiarn
748 1241 928 1308 praeterque
944 1235 1037 1292 latum

80 1317 170 1376 huius
184 1323 284 1376 tamen
299 1314 368 1375 diei
374 1331 481 1376 voeem
498 1324 605 1377 testem
619 1315 820 1391 reipublicae
833 1315 1036 1392 relinquerem

25 1416 94 1462 reae
105 1408 271 1474 perpetuae
289 1414 410 1473 ergase
424 1399 597 1461 voluntatis.

10 1481 122 1542 ·.11
138 1481 286 1555 Quoniam
298 1483 456 1557 uirlusque
470 1485 590 1544 consnu
600 1499 734 1555 causam
748 1491 850 1558 patres
861 1481 1036 1556 conscripti
1110 1527 1114 1531 .

10 1560 119 1626 ‘'troba
108 1574 169 1624 lam
184 1565 274 1649 vobis
289 1582 360 1626 esse
376 1566 514 1639 conlido,
535 1565 620 1641 prius
642 1567 786 1640 quamde
804 1582 838 1623 re
854 1567 976 1639 publica
991 1563 1035 1625 di·
1119 1584 1122 1595 ¹

14 1657 78 1710 are
93 1648 222 1722 incipio,
244 1664 342 1723 pauca
364 1665 475 1723 querar
495 1650 534 1708 de
548 1648 690 1708 hesterna
703 1648 849 1707 Antonii
841 1648 964 1707 iniuria.
986 1646 1036 1708 oni

10 1720 225 1800 amauricus,
250 1729 344 1803 idque
369 1747 417 1789 me
438 1746 500 1789 non
521 1731 604 1789 nullo
625 1728 692 1788 eius
715 1730 816 1789 ollicio
838 1729 951 1788 debere
965 1745 1037 1789 esse

10 1814 83 1875 -'rae
105 1827 152 1870 me
175 1820 327 1885 sempert
315 1809 379 1870 ιιιιι
428 1813 466 1869 V.
489 1810 567 1884 puio
587 1810 708 1871 tandem
727 1818 792 1871 erat
812 1826 923 1871 causae
939 1809 1036 1870 curin

10 1896 149 1967 enatum
162 1892 305 1953 hesterno
321 1891 442 1953 dietam
456 1893 566 1953 acerbe
583 1900 730 1966 cogerent
753 1892 884 1970 Solpsne
895 1893 1038 1952 aberamt

25 1998 45 2040 n
63 1993 124 2036 non
141 1991 235 2049 saepe
250 1973 348 2035 minus
370 1976 544 2051 frequentes
559 1976 680 2037 fuistisa
699 1991 737 2035 an
759 1991 797 2036 ea
816 1992 866 2034 res
883 1975 1038 2049 agebatur,

10 2064 38 2127 ’ῐι
54 2059 145 2120 etiam
160 2066 301 2132 aegrotos
316 2058 428 2127 delerri
439 2065 613 2135 oporteret?
626 2057 783 2131 Hannibal,
800 2057 901 2129 credo,
919 2064 983 2117 erat
998 2058 1039 2118 od

10 2142 116 2206 borlas
134 2150 187 2203 aut
201 2143 240 2201 de
252 2141 362 2218 Pyrrhi
376 2158 454 2217 pace
468 2141 627 2217 agebatur·
644 2143 685 2202 ad
701 2158 792 2217 quam
808 2157 934 2202 causam
948 2141 1038 2200 etiam

10 2217 144 2304 lippiam
166 2226 248 2285 illum
270 2231 300 2285 et
322 2239 445 2285 caecum
463 2235 493 2287 et
514 2241 618 2285 senem
639 2226 770 2286 delatum
791 2240 862 2286 esse
874 2239 1039 2286 memoriae

10 2308 164 2373 iroditunr
185 2316 241 2368 est
285 2306 335 2369 12.
358 2309 403 2370 De
420 2308 691 2384 supplicationibus
704 2309 905 2370 referebaturr
928 2307 1038 2384 quoin
1112 2356 1115 2361 .

16 2398 123 2455 enere
145 2399 303 2452 senatores
324 2391 434 2453 deesse
456 2409 518 2453 non
543 2393 651 2453 solent
701 2390 854 2466 Coguntur
873 2389 954 2452 enirn
976 2407 1038 2450 non

10 2473 205 2552 aignoribus‚
231 2474 288 2533 sed
308 2490 427 2546 eorum,
450 2474 488 2535 de
510 2492 639 2550 quorum
657 2475 775 2535 honore
793 2474 906 2548 agitur,
927 2473 1038 2548 gratiae

10 2559 96 2638 tuod
117 2557 197 2617 idem
220 2556 268 2628 lit,
291 2574 384 2632 quum
404 2559 443 2619 de
462 2557 612 2633 triumpho
635 2559 772 2618 refertur.
815 2559 860 2618 lta
880 2556 946 2617 sine
967 2570 1041 2615 cura

16 2640 157 2702 tonsules
172 2646 252 2712 sunt,
266 2647 299 2700 ut
309 2657 408 2715 paene
420 2640 548 2701 liberum
562 2640 602 2702 sit
614 2636 750 2701 senatori
763 2656 825 2700 non
839 2640 961 2700 adesse.
984 2635 1040 2711 oui

11 2732 107 2803 tuum
119 2721 190 2781 mihi
203 2739 272 2783 mos
283 2731 373 2784 notus
388 2732 472 2785 esset
482 2740 639 2799 quumque
653 2741 670 2784 e
685 2725 734 2784 via
750 2725 926 2796 languerem
942 2727 972 2780 et
985 2720 1040 2779 mi·

11 2808 107 2869 timet
120 2803 322 2878 displicerem,
337 2805 406 2867 misi
427 2824 483 2882 pro
506 2807 635 2869 amicitia
650 2806 702 2882 qui
716 2807 776 2867 hoc
792 2806 820 2866 ei
834 2806 957 2867 diceret.
999 2805 1041 2862 At

10 2893 63 2955 lle
81 2884 168 2946 vobis
184 2889 375 2951 audientibus
393 2905 463 2950 cum
480 2890 572 2950 labris
585 2908 619 2951 se
633 2890 757 2951 domum
773 2905 870 2951 meam
881 2895 1040 2948 venturum

12 2984 85 3033 esse
103 2969 187 3030 dixit.
215 2971 309 3032 Nimis
325 2970 470 3033 iracunde
485 2973 543 3034 boc
557 2973 680 3048 quidem
691 2981 722 3033 et
733 2974 825 3033 valde
839 2971 1041 3044 intemperan-

12 3065 67 3123 jer.
112 3052 205 3113 Cuius
219 3054 298 3114 enim
312 3055 452 3117 maleficii
468 3064 550 3117 tanta
563 3055 622 3118 ista
635 3072 737 3132 poena
757 3064 818 3127 est,
842 3062 875 3114 ut
887 3053 1041 3113 dicerem

14 3130 73 3201 roc
88 3135 195 3197 ordine
208 3139 335 3199 auderet
348 3155 383 3199 se
399 3138 528 3214 publicis
551 3140 653 3215 operis
673 3139 909 3200 disturbaturum
920 3135 1041 3212 publice

10 3230 51 3294 ax
79 3227 203 3280 senatus
223 3221 372 3283 sententia
391 3222 580 3285 aedificatam
605 3224 750 3284 domumt
767 3225 839 3298 Quis
856 3232 956 3285 autern
977 3234 1041 3279 um·

10 3318 105 3382 poam
119 3309 202 3373 tanto
221 3305 331 3364 damno
346 3315 517 3367 senatorem
532 3308 652 3382 coegit?
670 3316 724 3368 aut
743 3307 817 3384 quid
838 3315 885 3369 est
899 3311 978 3368 ιιιιιιι
997 3298 1042 3374 pi·

10 3398 92 3477 gnus
107 3394 159 3446 aut
173 3388 333 3447 mulctam?
347 3387 434 3462 Quod
447 3388 474 3451 si
488 3391 598 3451 scisset
609 3407 699 3466 quam
711 3394 893 3455 sententiam
906 3391 1043 3453 dicturus

10 3490 13 3527 l
