2340 3788
135 226 177 291 14
294 226 369 288 PRO
392 224 475 287 stix.
490 224 628 285 Roscio
646 224 823 285 AMERINO
846 224 999 287 ORATIO.

136 380 219 441 etde
236 377 365 440 caeteris
383 378 491 438 tatibus
503 375 579 449 ¹viris
594 375 816 438 existimabant.
853 376 960 453 Itaque
985 395 1027 440 ex
1043 380 1152 443 minino

136 460 376 537 tenuissimaque
389 476 423 520 re
440 459 563 536 publica
578 458 739 519 maximam
759 468 790 520 et
808 458 1062 523 florentissimum
1076 464 1150 527 nobit

136 544 332 618 reliquerunt.
368 543 448 605 Suos
465 542 546 604 enirn
560 558 652 617 agros
671 542 808 604 studiose
830 543 987 619 colebant,
1008 544 1149 609 nonnis
1169 599 1170 604 ,

136 643 194 688 nos
212 626 322 704 cupide
339 628 537 704 appetebant=
562 625 673 700 quibus
685 625 778 686 rebus
796 625 921 701 stagnis
943 636 974 689 et
987 628 1114 691 urbibus
1126 636 1152 691 et·

136 710 309 772 nationibus
328 728 393 772 rem
413 710 565 786 publicam
581 717 674 784 atque
687 710 747 768 hoc
761 709 920 785 imperium
933 720 964 771 et
977 712 1089 787 popuii
1100 712 1148 773 lie
1169 769 1170 786 ,

135 794 216 855 mani
230 811 340 857 nornen
355 800 513 855 auxerunt.
541 789 591 852 51.
611 793 718 867 Neque
732 807 789 866 ego
805 792 882 851 haec
894 806 932 853 eo
946 796 1084 869 protero,
1098 808 1148 871 quc
1168 819 1170 882 p

136 877 322 939 conferenda
336 878 396 939 sint
410 891 479 936 cum
494 874 596 946 hisce,
612 876 651 935 de
667 874 779 951 quibus
794 889 875 936 nunc
890 877 1084 952 quaerimus,
1103 874 1148 939 sei
1169 903 1170 910 ¹

134 971 168 1024 ut
186 962 262 1022 illud
276 960 441 1034 inutogas,
468 969 561 1032 quum
582 960 665 1033 apud
684 958 815 1018 maiores
834 966 957 1039 nostqos
979 960 1090 1021 summi
1103 958 1148 1023 nn
1167 983 1170 996 ·

135 1043 356 1118 clarissimique
381 1040 535 1113 homines,
559 1040 611 1117 qni
632 1040 714 1102 omni
735 1049 871 1117 tempore
890 1042 930 1102 ad
953 1042 1170 1144 gubernacuhl

133 1127 179 1188 rei
193 1125 334 1202 publicae
348 1125 457 1185 sedere
471 1124 638 1197 debebant,
652 1122 798 1184 tamenin
813 1124 894 1200 agris
910 1140 1037 1201 quoque
1054 1124 1170 1216 coieu'

135 1211 182 1269 dis
196 1208 382 1282 aliquantum
400 1222 513 1283 operae
530 1207 737 1283 temporisque
753 1207 1015 1283 consumpserint,
1040 1204 1170 1285 ignosci

135 1301 276 1367 oportere
297 1290 326 1351 ci
346 1291 476 1364 homini,
506 1291 557 1366 qui
582 1307 616 1350 se
635 1292 763 1351 fateatur
784 1307 855 1352 esse
873 1290 1036 1366 rusticum,
1067 1302 1170 1367 quun·

128 1374 196 1434 ruri
215 1375 362 1434 adsiduus
384 1390 506 1449 semper
523 1372 648 1434 vixerim
671 1390 763 1449 quum
785 1372 963 1450 praesertim
984 1372 1057 1434 nihil
1075 1362 1170 1435 esset

135 1456 219 1532 quod
239 1465 291 1518 aut
309 1456 388 1533 patri
407 1456 521 1532 gratius
545 1465 596 1517 aut
613 1456 671 1517 sibi
685 1455 848 1518 iucundius
862 1465 914 1518 aut
926 1473 961 1517 re
974 1472 1048 1517 vora
1062 1456 1170 1518 none·

135 1540 211 1600 stius
235 1541 335 1601 iacere
355 1548 472 1614 posset.
515 1538 565 1602 52.
587 1539 695 1599 Odium
716 1539 805 1615 igitur
823 1538 1002 1600 acerrimum
1015 1540 1110 1614 patris
1140 1571 1141 1586 .
1163 1569 1170 1580 ·

133 1622 229 1682 filium
251 1639 290 1683 ex
314 1624 389 1697 hoc,
412 1624 536 1698 opinor,
559 1623 743 1695 ostenditur,
763 1623 868 1696 Eruci,
890 1624 974 1698 quod
995 1622 1077 1683 hunc
1094 1618 1155 1683 mn*

134 1720 205 1766 esse
226 1706 404 1782 patiebatur.
444 1706 597 1781 Numquid
616 1714 664 1767 est
683 1706 786 1766 aliudt
816 1707 909 1765 Immo
931 1720 1019 1779 vero,
1048 1704 1170 1802 inquit*

134 1797 195 1859 est;
211 1805 281 1849 nam
297 1789 389 1851 istum
403 1790 590 1865 exheredare
604 1789 635 1848 in
652 1788 753 1850 animo
768 1789 908 1850 habebat.
936 1786 1052 1848 Audio:
1074 1790 1170 1850 nunt*

134 1872 211 1932 dicis
232 1873 348 1949 aliquid
369 1874 453 1948 quod
475 1874 514 1933 ad
527 1889 592 1933 reru
605 1872 763 1950 pertineat.
796 1873 872 1931 Nam
888 1872 953 1945 iiia,
972 1869 1101 1947 opinor,
1119 1870 1170 1931 td·-

134 1972 257 2032 quoque
268 1958 412 2017 concedis
422 1957 503 2017 levia
514 1971 585 2016 esse
596 1964 688 2031 atque
698 1953 1011 2030 inepta-convivia
1022 1970 1094 2017 eum
1103 1960 1170 2031 pt·²¹·

132 2048 178 2098 tre
189 2056 250 2099 non
261 2038 554 2114 inibat-Quippe,
568 2039 620 2113 qui
631 2055 670 2097 ne
680 2039 711 2097 in
724 2039 870 2114 oppidum
883 2038 1006 2113 quidem
1018 2038 1079 2099 nisi
1089 2050 1168 2123 perf

132 2136 201 2179 raro
214 2123 339 2181 veniret.
356 2154 394 2166 -
417 2124 545 2182 Domum
569 2137 655 2182 suam
670 2121 760 2181 istum
771 2138 833 2182 non
848 2123 912 2182 iere
925 2118 1089 2195 quisquam
1101 2133 1152 2181 vo·
1168 2157 1170 2166 ι

133 2202 230 2262 oabat
251 2236 294 2246 -
314 2205 376 2263 Nec
390 2204 513 2277 mirum,
535 2204 587 2278 qni
603 2220 703 2279 neque
722 2204 753 2263 in
773 2206 848 2265 urbe
862 2204 979 2264 viveret
992 2218 1163 2281 nequem*¹

131 2292 296 2346 vocaturus
323 2295 415 2347 esset.
462 2288 539 2347 XIX.
565 2289 679 2348 Verum
704 2288 781 2348 haec
809 2297 841 2350 tn
865 2302 989 2364 quoque
1012 2284 1147 2363 intelligit

133 2381 204 2427 esse
218 2369 384 2442 nugatoria.
412 2370 503 2443 iilud,
526 2370 609 2445 quod
624 2370 797 2445 coepimus,
815 2371 989 2443 videamus,
1011 2386 1075 2446 quo
1091 2380 1148 2431 cer·

131 2451 191 2510 tius
211 2461 418 2525 argumentum
439 2452 502 2513 odii
517 2453 644 2528 reperiri
664 2454 746 2515 nulio
760 2456 852 2516 modo
866 2461 977 2529 potest.
1020 2452 1075 2515 53.
1094 2452 1148 2513 Ex·

27 2574 30 2579 -
131 2533 278 2595 heredare
305 2543 392 2609 pater
416 2536 509 2597 filium
537 2538 696 2611 cogitabat.
742 2538 827 2599 Mitto
854 2552 1002 2613 quaeram
1029 2554 1092 2612 qua
1114 2536 1155 2595 de·

94 2624 96 2629 ’
132 2633 240 2679 causas
262 2634 376 2693 quaero
394 2618 446 2694 qui
461 2621 556 2681 scias:
577 2620 697 2681 tametsi
710 2628 741 2680 te
755 2621 856 2681 dicere
870 2629 962 2697 atque
976 2620 1163 2680 enumerate·

132 2716 242 2762 causas
254 2718 361 2763 omnes
377 2702 551 2776 oportebat,
566 2712 595 2764 et
606 2703 637 2763 id
650 2712 714 2765 erat
724 2705 797 2765 certi
809 2704 996 2765 accusatoris
1009 2702 1149 2775 officiunt,

132 2784 183 2856 qni
200 2785 274 2846 tanti
292 2785 418 2846 sceleris
432 2795 584 2860 argueret,
601 2787 755 2861 explicare
772 2788 873 2849 omnia
888 2785 960 2847 vitia
973 2794 1069 2862 atque
1082 2798 1150 2861 pee-

132 2872 199 2924 cata
213 2869 281 2941 fini,
297 2869 407 2944 quibus
422 2870 565 2931 incensus
579 2886 692 2946 parens
705 2870 837 2945 potuerit
852 2869 983 2930 animum
997 2870 1156 2939 inducas.¹

131 2954 165 3006 ut
177 2958 313 3011 naturam
327 2953 425 3028 ipsam
438 2953 586 3025 vinceret,
602 2962 636 3014 ut
649 2969 782 3015 amorem
794 2955 875 3014 illurn
890 2952 1012 3028 penitus
1028 2950 1157 3015 insitum·

131 3028 254 3092 eiiceret
270 3037 439 3110 exanimo,
459 3044 492 3097 ut
506 3036 637 3111 denique
651 3047 766 3110 patrem
785 3052 855 3098 esse
871 3053 943 3098 sese
955 3035 1149 3098 obliviscere·

130 3118 193 3170 tur:
220 3131 299 3188 quae
320 3119 385 3178 sine
405 3120 522 3195 magnis
542 3118 669 3180 huiusce
688 3121 823 3194 peccatis
848 3120 988 3181 accidere
1011 3118 1158 3193 potuisse·

130 3209 192 3253 non
217 3198 352 3259 arbitror.
395 3200 444 3263 54.
465 3205 580 3262 Vemm
605 3204 741 3265 concedo
765 3203 818 3264 tibi
845 3212 878 3264 ut
904 3219 941 3263 ea
965 3210 1149 3277 praetereas,

132 3294 211 3351 quae
233 3298 324 3357 quum
345 3290 442 3355 taces,
464 3288 545 3345 nulia
565 3302 637 3346 esse
657 3287 810 3347 concedis.
845 3288 931 3347 Illum
952 3285 1077 3361 quidem
1096 3298 1148 3345 vo·

131 3360 226 3424 luisse
240 3363 426 3425 exheredare
441 3375 521 3427 certe
542 3377 575 3430 tu
588 3370 710 3442 planum
732 3373 833 3430 iacere
848 3371 953 3430 debes.
982 3369 1062 3443 Quin
1076 3380 1158 3445 ergo¹

129 3445 232 3507 adfers
256 3463 350 3522 quare
369 3448 399 3508 id
424 3450 535 3512 sactum
553 3459 716 3526 putemust
748 3456 830 3514 Vere
844 3452 916 3514 nihii
933 3461 1022 3527 potes
1037 3454 1149 3513 dicere·
