2340 3788
368 206 782 276 cAP.40-cr.s.er-—aa.
1032 212 1096 282 277

62 357 255 434 dignitatem,
271 357 398 432 gloriam
410 367 498 420 natus
512 360 541 418 vi
556 361 773 429 sceleratorum
784 360 937 433 hominurn
949 366 1094 427 corrobo-

59 442 144 514 rata,
165 441 283 515 legibus
299 440 482 517 iudiciisque
498 441 647 502 sublatis?
679 429 973 537 Cervicesliibunus
992 449 1093 523 plebis

57 525 197 600 privato,
225 525 505 599 praestantissimus
519 526 575 598 .vir¹
591 514 819 600 profligatisslilr
856 525 970 589 nomini
987 532 1094 592 darett

59 626 99 668 an
115 623 240 667 causam
256 617 430 683 susceptam
445 595 636 688 adfligepdt'i
644 626 682 668 an
699 626 733 669 se
749 610 831 670 domi
847 610 1036 673 contineret?
1055 616 1093 677 Et

57 691 143 749 vinci
160 700 246 766 turpe
264 691 381 766 putavit
395 700 426 751 et
439 691 584 751 deterreri
598 700 628 751 et
642 693 746 754 latere.
781 693 912 754 Perfecit
927 703 972 766 ut,
996 713 1091 770 quon·

57 775 122 833 iam
137 773 201 833 sibi
212 774 242 833 in
258 777 340 836 illum
354 774 473 848 legibus
490 774 533 835 uti
548 792 608 834 non
626 774 747 847 liceret,
769 775 850 836 illius
869 776 929 837 vim
946 795 1046 852 neque
1060 779 1091 839 in

58 873 119 921 suo
136 874 236 931 neque
251 857 281 916 in
294 858 339 918 rei
354 857 494 932 publicae
510 858 643 932 periculo
659 858 896 939 pertimesceret
1103 906 1128 915 ..

55 924 111 973 ‘'f“
143 939 231 999 XLll.
246 940 295 1001 90.
318 941 384 1015 Quo
395 941 487 1001 modo
503 941 594 1015 igitur
607 941 708 1025 hocin
721 928 834 1016 gedel'e
848 940 992 1017 praesidii
1007 959 1089 1008 corn·

56 1024 157 1098 parati
172 1039 302 1085 accusas
315 1023 457 1097 Sestium,
473 1041 566 1098 quum
579 1024 660 1084 idem
675 1026 782 1086 laudes
794 1021 959 1086 Milonem?
976 1028 1025 1087 An
1038 1028 1091 1099 qui

56 1123 117 1166 sua
138 1115 218 1167 tecta
242 1107 389 1175 defendit,
417 1106 469 1182 qui
488 1107 620 1179 abaris,
644 1108 722 1168 iocis
744 1111 855 1169 terrum
874 1109 1089 1185 flammamque

56 1189 198 1264 depellit,
222 1190 274 1264 qui
288 1189 347 1250 sibi
361 1189 453 1250 licere
468 1192 532 1250 vult
546 1199 610 1250 tuto
629 1207 699 1251 esse
713 1194 742 1250 in
759 1193 842 1264 loro,
863 1192 895 1251 in
909 1193 1037 1267 templo,
1057 1188 1089 1253 in

56 1272 151 1344 curia,
167 1273 232 1334 iure
244 1273 431 1348 praesidium
446 1282 615 1350 comparat:
632 1275 685 1350 qui
698 1275 884 1347 vulneribus,
901 1292 981 1353 quae
994 1275 1090 1338 cernit

54 1355 170 1416 cotidie
187 1364 250 1416 toto
269 1373 414 1432 corpore,
435 1367 574 1419 monetur
595 1367 627 1418 ut
651 1358 753 1433 aliquo
776 1359 931 1434 praesidio
949 1368 1040 1434 caput
1059 1367 1090 1420 et

56 1438 195 1499 cervices
208 1447 238 1500 et
248 1439 384 1516 iugulum
393 1458 431 1501 ac
446 1442 540 1502 latera
554 1449 673 1514 tutetur,
690 1442 770 1503 hunc
783 1443 822 1503 de
836 1442 868 1503 vi
881 1445 1089 1504 accusandum

55 1529 170 1596 putas?
197 1522 246 1586 91.
263 1526 335 1598 Quis
350 1525 430 1585 enim
444 1535 597 1597 nostrum,
613 1525 747 1598 iudices,
762 1526 881 1600 ignorat
894 1525 936 1587 ita
950 1535 1088 1588 naturam

54 1622 157 1665 rerum
173 1606 294 1680 tulisse,
320 1618 353 1668 ut
374 1608 506 1681 quodam
524 1616 661 1681 tempore
678 1607 816 1669 homines
831 1610 965 1669 nondum
986 1626 1088 1687 neque

55 1687 187 1747 naturali
201 1706 303 1763 neque
316 1690 399 1757 civili
412 1689 479 1750 iure
493 1691 648 1763 descripto
662 1691 720 1750 lusi
733 1707 789 1763 per
802 1708 894 1765 agros
906 1708 942 1751 ac
954 1692 1087 1766 dispersi

52 1778 241 1842 vagarentur
258 1779 434 1845 tantumque
451 1772 612 1841 haberent,
642 1781 787 1845 quantum
810 1789 901 1832 manu
920 1789 956 1832 ac
971 1774 1087 1834 viribus

56 1868 114 1928 per
130 1851 256 1910 caedem
277 1868 314 1910 ac
329 1854 455 1912 vulnera
475 1860 527 1911 aut
547 1854 664 1926 eripere
681 1861 733 1912 aut
747 1854 877 1914 retinere
895 1855 1088 1928 potuissent?
1117 1914 1121 1920 ,

56 1933 115 2009 Qui
129 1932 219 2007 igitur
236 1932 322 2009 primi
343 1935 451 1995 virtute
464 1943 495 1995 et
515 1935 642 1995 consilio
663 1936 830 2012 praestanti
850 1937 1043 2009 exstiterunt,
1065 1936 1087 1998 ii

56 2025 222 2095 perspecto
237 2034 351 2092 genere
367 2019 516 2078 humanae
536 2017 697 2079 docilitatis
712 2028 804 2095 atque
819 2018 933 2095 ingenii
954 2019 1086 2096 dissipa-

56 2111 105 2162 tos
122 2118 216 2161 unum
232 2102 263 2161 in
279 2103 380 2163 locum
395 2110 617 2177 congregarunt
632 2119 751 2178 cosque
766 2120 806 2163 ex
820 2102 967 2163 efferitate
981 2102 1087 2179 illaad

57 2184 201 2244 iustitiam
223 2194 314 2261 atque
331 2185 593 2246 mansuetudinem
607 2187 853 2247 transduxerunt.
893 2186 967 2247 Tum
980 2203 1031 2247 res
1045 2188 1086 2247 ad

57 2284 249 2329 communem
262 2268 418 2331 utilitatem
434 2269 623 2344 constitutas,
639 2286 716 2345 quas
732 2270 871 2344 publicas
885 2271 1085 2344 appellamus,

59 2361 119 2411 turn
136 2351 348 2413 conventicula
362 2352 532 2425 hominum,
550 2370 628 2428 quae
643 2362 752 2429 postea
763 2352 901 2415 civitates
913 2353 1085 2415 nominatae

57 2442 141 2505 sunt,
162 2443 226 2495 tum
240 2435 393 2496 domicilia
408 2437 584 2509 coniuncta,
602 2453 679 2511 quas
693 2438 785 2497 urbes
797 2436 944 2509 dicimus,
959 2439 1084 2498 invento
1098 2438 1100 2443 '

57 2526 87 2577 et
101 2517 204 2578 divino
222 2518 287 2579 iure
302 2527 332 2578 et
351 2519 662 2605 humano-moenibus
679 2530 871 2595 saepsemnt
912 2519 963 2580 92.
982 2521 1085 2593 Atque

56 2601 134 2659 inter
154 2601 233 2660 hanc
254 2601 345 2661 vitam
366 2578 748 2678 perpffiila'ni‘llrimanitate
773 2613 803 2664 et
824 2604 908 2670 illam
924 2602 1085 2662 immanem

56 2682 130 2741 nihil
148 2693 206 2744 tam
221 2685 347 2745 interest
361 2703 452 2760 quarn
466 2687 514 2746 ius
529 2696 620 2760 alque
634 2687 692 2746 vis.
723 2689 838 2748 Horum
858 2694 926 2746 utro
940 2684 984 2746 uti
998 2685 1085 2745 nolue
1156 2758 1160 2770 ι

55 2782 139 2836 mus,
154 2769 248 2828 allero
264 2776 313 2828 est
328 2771 480 2829 utendum.
504 2769 573 2829 Vim
588 2772 728 2831 volumus
739 2768 906 2845 exstingui:
921 2768 1085 2834 iusvaleat

55 2860 260 2923 necesseest,
275 2850 374 2926 idest,
389 2852 515 2924 iudicia,
533 2854 644 2927 quibus
663 2871 751 2915 omne
766 2855 813 2914 ius
828 2851 1007 2913 continetur.
1035 2851 1084 2911 lu·
1123 2890 1126 2895 -

56 2929 136 2990 dicia
156 2934 318 3008 displicent
338 2945 389 2995 aut
408 2937 490 2995 nulla
510 2945 597 2996 sunt:
623 2935 670 2996 vis
690 2938 861 2998 dominetur
877 2949 1006 2995 necesse
1026 2942 1081 2995 est

54 3014 122 3073 Hoc
138 3015 240 3076 vident
254 3033 375 3078 omnes:
396 3019 469 3078 Milo
485 3027 515 3078 et
529 3019 605 3078 vidit
619 3026 650 3079 et
670 3019 755 3092 lecit,
777 3029 809 3081 ut
823 3021 871 3080 ius
886 3018 1082 3092 experiretur,

53 3097 116 3157 vim
132 3098 306 3174 depelleret.
337 3103 442 3163 Altero
457 3101 500 3161 uti
514 3102 622 3174 voluit,
644 3111 678 3163 ut
696 3102 793 3163 virtus
808 3100 967 3162 audaciam
981 3101 1082 3163 vince-

52 3189 115 3240 ret:
140 3184 235 3242 altero
250 3199 326 3244 usus
340 3185 516 3255 necessario
534 3194 595 3258 est,
620 3202 658 3246 ne
673 3184 768 3247 virtus
782 3187 821 3265 ab
837 3185 966 3245 audacia
981 3185 1082 3245 vince·
1155 3244 1159 3253 ,

52 3273 145 3325 retur.
196 3266 372 3342 Eademque
390 3268 466 3329 ratio
486 3268 542 3328 luit
556 3267 663 3341 Sestii,
688 3268 717 3329 si
736 3255 886 3330 minus'il
905 3266 1081 3328 accusando

51 3379 97 3394 —-
111 3365 214 3422 neque
228 3348 308 3409 enim
318 3367 375 3425 per
387 3367 493 3413 omnes
508 3351 564 3412 luit
576 3351 658 3412 idem
672 3352 738 3413 lieri
752 3368 882 3414 necesse
892 3383 943 3425 -,
959 3359 989 3411 at
999 3355 1082 3411 certe

415 3470 418 3475 ¹
740 3476 743 3483 Ι

330 3474 429 3515 .;’”,,’Ῑ··,.··”
496 3502 499 3507 ,
551 3488 555 3511 .'
663 3492 688 3505 tl
721 3494 757 3513 ,μ
798 3504 813 3513 ῃ
