2340 3788
307 192 373 247 PER
389 191 496 246 MNNOS
513 193 658 247 blusters.

68 499 104 555 43
139 491 174 541 lio
193 498 219 540 st
236 489 350 543 Gleeroni
367 492 537 543 mandandam
555 505 612 541 esse
630 494 799 555 munissent,
823 493 909 544 Gieero
946 500 981 554 64

71 611 78 619 ,
140 559 280 623 Philippico
294 561 438 625 duodecima
451 560 554 624 negavit
567 572 655 623 paoem
666 563 840 614 eumAntonio
855 562 911 612 fleri

133 642 230 692 ,posss,
254 628 549 694 illamquerlegatiouem
572 628 720 691 deprecatus
743 637 789 680 est
823 631 910 680 Paullo

139 702 198 760 post
215 696 298 746 Pansa
315 697 418 747 oonsuie
436 697 469 746 ad
486 695 578 745 bellum
596 693 725 759 proleoto,
743 711 800 747 oum
819 697 850 746 de
868 698 910 747 lit-

139 763 199 812 teris
219 763 252 812 M.
270 766 372 815 Aemilii
388 765 479 828 Lepidi
501 763 535 814 ad
551 770 667 814 senatum
683 762 768 813 missis
785 774 909 829 ageretur,

62 843 70 848 ·
140 832 233 894 quibus
255 847 312 881 eum
335 834 368 883 nd
385 847 474 897 paoem
483 846 549 890 ,oum
564 832 677 882 Antonio
693 831 835 881 iaeieudam
851 832 910 882 hor-

60 904 64 910 '
139 900 247 958 tabatur,
266 898 352 950 Gieero
370 901 511 963 rutupina
527 899 621 951 deum
635 901 711 949 tertia
728 901 819 950 iterum
837 900 910 949 istam

137 981 227 1031 paoem
243 967 365 1018 dissuasit
382 968 525 1032 litterasque
541 969 573 1018 ab
589 968 700 1017 Antonio
715 968 749 1017 ad
763 967 871 1016 Hirtium
886 975 911 1016 et

139 1033 303 1085 Octavianum
316 1037 406 1087 missam
420 1037 542 1095 reoitavit,
560 1037 596 1086 ita
608 1043 636 1085 ut
654 1035 768 1101 singulas
784 1037 839 1085 eins
854 1047 910 1084 sen-

138 1105 231 1153 tentias
245 1103 392 1158 oonlutaret.
410 1105 488 1157 XVII.
504 1103 559 1152 Hal.
575 1104 663 1155 Maius
670 1104 796 1153 Antonius
811 1103 909 1168 proelio

138 1170 172 1219 ad
189 1171 312 1221 Mutinam
329 1182 462 1238 superatus
480 1179 531 1232 est,
555 1171 581 1220 in
598 1187 647 1235 quo
665 1171 728 1222 alter
744 1188 797 1225 oos.
814 1171 909 1221 Hirtius

138 1239 237 1298 oeeidit,
256 1240 318 1290 n'lter
330 1243 413 1293 Pansa
425 1241 571 1293 vulneratus
589 1247 665 1290 estet
679 1241 768 1304 peuda
780 1248 839 1305 post
855 1241 908 1289 die·

137 1308 185 1356 bus
196 1307 324 1359 Bononiae
338 1317 460 1360 mortuus.
486 1309 564 1359 Laeto
580 1315 663 1358 eutem
677 1310 769 1359 nuncio
784 1309 816 1359 de
829 1309 908 1359 vieto-

136 1376 176 1424 ris
192 1375 327 1427 Mutinensi
344 1379 452 1430 Romam
470 1377 555 1435 allato,
574 1375 659 1426 Oioero
676 1377 709 1425 ab
728 1377 825 1442 ingenti
843 1375 907 1426 mul-

136 1443 243 1494 titudine
266 1447 377 1496 maximo
399 1447 491 1511 plausu
521 1446 549 1494 in
571 1442 852 1510 Capitolinm'duotus,
880 1446 908 1492 in

136 1511 234 1562 Rostris
252 1513 401 1574 oollooatua,
420 1514 480 1564 inde
499 1513 600 1570 domum
617 1513 735 1563 reduetus
755 1520 803 1565 est.
837 1513 905 1562 Prid.

135 1579 235 1630 Vinalia
251 1581 283 1632 M
302 1583 357 1632 Kal.
375 1582 455 1633 Melas
473 1579 558 1632 Gloero
575 1581 665 1632 habuit
681 1581 845 1644 Peleusque
864 1581 906 1631 de·

135 1649 220 1699 cimam
241 1658 369 1714 merea,
398 1665 449 1713 qua
469 1652 545 1700 trium
569 1651 661 1701 dueum
684 1649 774 1710 Hirtii,
800 1650 906 1708 Pansae,

112 1768 117 1775 ,
136 1715 251 1766 Gesseris
265 1717 396 1769 Oetavianl
413 1718 515 1767 nomine
532 1718 714 1782 quinquaginta
732 1717 830 1767 dierum
847 1730 907 1780 sup-

134 1783 296 1847 plicationem
318 1786 516 1843 deremendum,
536 1785 723 1845 militibusque,
748 1786 792 1847 qui
815 1799 860 1848 pro
878 1798 907 1831 re

135 1851 206 1914 publ.
221 1852 369 1910 interierint,
384 1857 572 1900 monumentum
585 1851 729 1899 faciendum
744 1853 849 1900 sensuit.
863 1850 905 1899 IV.

137 1917 192 1966 Kal.
210 1917 264 1966 lun.
283 1918 316 1970 M
332 1918 444 1983 Lepidus
462 1932 490 1966 se
507 1933 564 1966 oum
578 1917 689 1966 Antonio
708 1924 767 1980 post
783 1917 907 1981 proelium

136 1983 278 2035 Mutinense
299 1986 378 2051 Alpes
400 1993 558 2052 transgresso
579 1984 709 2036 oouiunxit
726 1991 750 2032 et
767 1984 832 2048 prid.
851 1982 905 2034 Hal.

136 2051 220 2112 Quint.
236 2052 318 2103 hostis
335 2055 460 2105 iudicatus
479 2061 525 2108 est.
550 2053 638 2105 Paullo
654 2058 713 2118 post
730 2050 822 2102 Caesar
834 2050 906 2103 (lote-

134 2121 224 2171 viauus
244 2136 347 2172 eausam
368 2124 526 2188 optimatium
546 2122 658 2173 desernit
675 2120 862 2183 Antoniumque
880 2127 905 2170 et
999 2180 1003 2194 1

133 2190 257 2253 Lepidum
271 2192 297 2240 in
316 2192 414 2242 Italiam
429 2192 573 2252 arcessivit,
594 2198 619 2241 et
633 2204 690 2240 oum
706 2189 736 2248 Q.
750 2189 829 2239 Pedio
846 2203 904 2238 oon-

133 2257 173 2306 snl
195 2265 293 2308 oreatus
307 2259 348 2322 X.
366 2260 421 2312 Kal.
442 2260 496 2312 Oet.
520 2258 677 2310 consulatum
697 2257 769 2307 adiit.
805 2257 903 2308 Deinde

132 2340 194 2390 paee
209 2325 276 2377 laeta
290 2328 496 2379 intercessorem
511 2328 676 2380 Octavianum
690 2333 715 2374 et
726 2327 863 2376 Antonium
879 2333 903 2374 et

132 2394 271 2459 Lepidum,
290 2396 360 2461 apud
377 2398 530 2448 ooulluentes
547 2397 613 2446 inter
630 2394 761 2446 Perusiam
779 2400 804 2444 et
821 2393 903 2444 Hono-

132 2463 200 2510 niam
218 2478 377 2528 eongressos,
396 2466 519 2529 conuenit,
534 2471 562 2513 ut
577 2463 629 2530 ipsi
645 2463 769 2520 triumviri
782 2461 900 2526 reipubl.

132 2531 321 2581 constituendae
345 2546 392 2596 per
414 2533 613 2594 quinquennium
631 2535 729 2592 essent,
754 2537 778 2579 et
796 2535 823 2578 ut
843 2543 903 2579 suos

132 2599 238 2660 quisque
261 2600 377 2650 inimicos
400 2601 575 2665 proscriberet.
614 2601 702 2664 ltaque
725 2597 852 2648 Antonius
876 2597 903 2644 in

132 2664 286 2726 Ciceronem,
300 2669 344 2729 qui
359 2666 424 2718 Urbe
438 2668 525 2716 relieta
539 2669 658 2718 Asturam
672 2665 829 2730 oonlugerat,
844 2677 903 2727 per-

131 2749 246 2784 eussores
266 2736 372 2785 immlsit
391 2735 544 2786 Herennium
565 2737 735 2785 oentnrionem
758 2739 783 2780 et
801 2731 835 2782 M.
854 2731 903 2779 Po-

130 2802 219 2919 {ilium
234 2804 379 2864 Laenatem,
397 2820 413 2855 a
429 2804 520 2866 quibus
533 2803 589 2855 vn.
603 2804 642 2853 ld.
657 2801 808 2852 Deoembres
825 2799 901 2847 inter-

142 2879 214 2920 eotus
231 2880 278 2924 est.

426 2961 596 2972 .—-—

198 3073 285 3138 „Nihil
310 3082 362 3123 tam
384 3075 518 3138 indignum
540 3072 582 3122 illo
608 3079 720 3138 tempore
738 3069 811 3135 fuit,
825 3086 899 3135 quam

128 3144 196 3205 quod
213 3150 257 3192 sut
277 3141 368 3192 Caesar
384 3143 493 3204 aliquem
510 3141 667 3206 proscribere
683 3146 785 3189 coaetus
803 3147 841 3189 est
857 3148 900 3190 aut

128 3212 159 3260 ab
176 3209 227 3260 ullo
247 3211 332 3260 Gioero
349 3213 504 3276 proscriptus
523 3217 561 3259 est
577 3211 725 3272 absoisaque
742 3207 836 3259 scelere
847 3210 898 3258 An-

128 3281 190 3330 tonii
212 3294 264 3329 vox
285 3280 387 3343 publiea
413 3287 467 3344 est,
493 3292 552 3329 oum
570 3279 624 3327 elus
641 3276 747 3326 sulutem
764 3291 837 3327 nemo
856 3278 899 3327 de·

128 3347 263 3411 fendisset,
287 3349 331 3409 qui
354 3362 400 3411 per
417 3355 453 3396 tot
469 3362 548 3397 anuos
566 3354 590 3396 et
607 3345 733 3411 publicam
752 3345 858 3396 civitatis
875 3351 897 3392 et

128 3416 252 3480 privatam
269 3416 363 3466 oinium
381 3415 538 3467 detenderet.
573 3414 642 3467 ilibil
658 3423 742 3468 umen
760 3415 847 3482 egisti,
862 3411 898 3461 M.
