2340 3788
103 168 166 234 126
365 168 401 227 {N
415 168 447 226 L.
466 165 676 226 CATILINAM
690 163 831 225 ORATIO
846 166 868 223 l.
972 230 976 237 ,

105 321 202 398 magis
217 327 265 380 est
279 318 496 391 admirandum,
512 316 601 377 diest
628 315 698 375 Dixi
713 330 770 391 ego
786 313 866 374 idem
880 313 912 374 in
932 325 1043 378 senatu
1064 334 1133 381 cae-
1163 372 1167 389 ,

106 410 175 467 dem
195 413 225 464 te
243 402 430 477 optimatium
445 400 611 461 contulisse
625 399 656 458 in
670 408 739 459 ante
756 397 836 467 diem
859 415 888 457 v.
903 398 1065 465 Kalendas
1074 403 1133 464 lio-

105 490 260 557 vembres‚
277 494 339 546 tum
358 502 452 560 quum
465 482 550 544 multi
568 482 720 557 principes
737 480 866 542 civitatis
879 483 980 543 Roma
993 501 1056 545 non
1067 493 1133 546 tam

107 575 155 633 sui
176 568 379 630 conservandi
402 586 493 643 quam
516 576 635 628 tuorum
657 565 852 626 consiliorum
869 565 1134 641 reprimendorum

107 672 202 715 causa
217 655 425 729 prolbgerunt
458 653 535 712 Num
550 648 672 710 infitiari
685 657 774 724 potes
790 656 821 708 te
836 646 888 709 illo
903 649 974 723 ipso
989 650 1042 711 die
1059 651 1134 711 meis

107 738 276 812 praesidiis,
288 754 357 797 mea
363 735 518 810 diligentia
529 734 762 793 circumclusum
774 747 967 793 commovere
984 742 1015 793 te
1029 744 1133 795 contm

105 821 338 897 rempublicam
361 836 422 880 non
443 818 598 894 potuisse,
622 833 715 891 quum
738 823 772 875 tu
786 815 928 877 discessu
943 825 1134 879 caeterarum

105 914 211 966 nostra
225 914 340 975 tamen,
350 903 408 977 qui
421 900 689 973 remansissemus,
705 899 800 959 caede
821 906 849 959 te
871 907 1048 960 contentum
1064 916 1136 962 esse

106 989 252 1049 dicebas?
271 987 301 1049 8.
318 985 416 1059 Quina
432 1001 524 1060 quum
537 992 567 1044 te
576 984 739 1044 Praeneste
750 981 897 1043 Kalendis
912 983 990 1058 ipsis
1003 984 1133 1045 Novam·

106 1073 211 1132 bribus
229 1076 448 1144 occupaturum
464 1076 611 1128 nocturno
627 1067 742 1141 impetu
762 1080 832 1127 esse
852 1066 1044 1143 confideres,
1065 1082 1135 1129 een«

108 1155 214 1216 sistine
228 1154 308 1212 illam
322 1151 472 1211 coloniam
495 1167 563 1211 meo
584 1150 672 1211 iussu
687 1147 865 1225 praesidiis,
887 1149 1134 1227 custodiisvtgt-

107 1239 217 1312 liisque
233 1252 304 1296 esse
318 1234 483 1295 munitam?
496 1234 574 1294 Nihil
588 1234 665 1309 agis,
678 1233 752 1292 nihil
769 1231 899 1306 moliris,
913 1231 990 1293 nihil
1003 1233 1131 1309 cogitas,

107 1320 179 1395 quin
195 1334 252 1392 ego
280 1335 341 1378 non
364 1319 455 1378 modo
480 1317 616 1392 audiam,
647 1317 815 1377 sedetiam
839 1314 960 1377 videam
979 1319 1135 1394 planeque

98 1401 243 1479 ¹sentiam.
275 1403 326 1461 lv.
342 1403 544 1475 Recognosce
563 1402 685 1461 tandem
706 1416 826 1460 mecum
842 1408 963 1460 noctem
983 1400 1065 1461 illatn
1081 1418 1133 1463 su-

106 1484 272 1561 periorem:
289 1486 348 1545 iarn
362 1484 512 1560 intelliges
527 1486 619 1545 multo
631 1500 679 1543 me
694 1484 819 1558 vigilare
832 1482 933 1543 acrius
948 1484 988 1544 ad
1004 1485 1134 1545 salutem

107 1584 198 1644 quarn
213 1575 243 1627 te
257 1568 298 1627 ad
312 1567 477 1643 perniciem
490 1567 536 1626 rei
552 1566 702 1642 publicae.
724 1566 799 1627 Dico
815 1574 844 1626 te
858 1565 960 1640 priore
979 1575 1070 1627 noete
1080 1583 1133 1627 ve·

106 1652 192 1712 nisse
208 1650 287 1711 inter
299 1650 442 1712 falcarios
457 1686 493 1696 —
512 1668 573 1712 non
594 1667 682 1726 agam
703 1651 835 1710 obscure
855 1649 945 1708 -in
958 1650 999 1709 Μ.
1013 1649 1135 1711 Laecae

106 1736 249 1795 domama
274 1735 459 1795 convenisse
480 1736 590 1795 eodem
617 1735 790 1808 complures
821 1732 959 1793 eiusdem
982 1733 1136 1795 amentiae

106 1819 293 1894 scelerisque
309 1818 422 1880 socios.
439 1820 516 1878 Num
529 1834 641 1894 negare
655 1806 870 1892 aaruefiqum
884 1823 990 1877 tacast
999 1817 1132 1878 convin-

105 1918 187 1977 cam,
202 1902 231 1962 si
245 1917 351 1977 negas.
385 1902 487 1963 Video
510 1902 589 1963 enirn
602 1902 652 1961 hie
670 1901 700 1962 in
717 1908 824 1963 senatu
839 1901 1005 1975 quosdam,
1021 1900 1076 1976 qui
1089 1909 1132 1961 te

105 2002 173 2047 eum
187 2002 249 2047 una
264 1988 392 2046 inerunt.
428 1986 458 2046 9.
486 1985 509 2044 0
524 1986 555 2045 di
570 1986 769 2045 immortales!
792 1982 913 2044 ubinam
926 1982 1062 2058 gentium
1081 2001 1132 2045 su-

105 2077 194 2129 must
208 2085 300 2144 quam
315 2085 379 2129 rem
394 2070 546 2144 publicam
562 2070 732 2129 lrabemnst
759 2067 789 2127 in
813 2084 873 2141 qua
889 2067 964 2128 urbe
979 2067 1134 2129 vivimus?

103 2150 176 2223 llic,
190 2151 239 2211 bic
254 2162 340 2226 sunt,
364 2152 395 2211 in
411 2162 517 2213 nestro
532 2167 675 2223 numero,
698 2160 802 2226 patres
817 2150 998 2225 conscripti,
1015 2151 1047 2211 in
1071 2152 1133 2212 bec

104 2233 188 2293 orbis
218 2242 318 2294 terrae
347 2235 540 2297 sanctissimo
568 2233 815 2310 gravissimoque
843 2233 988 2308 consilio,
1013 2234 1066 2310 qui
1091 2236 1133 2295 de

103 2324 208 2377 nostro
227 2317 359 2378 omnium
374 2319 509 2391 interitu,
538 2317 590 2392 qui
611 2319 650 2377 de
664 2319 755 2379 huius
776 2317 860 2379 urbis
877 2327 969 2393 atque
992 2319 1072 2379 adeo
1090 2318 1131 2378 de

103 2398 186 2459 orbis
204 2407 350 2460 terramm
364 2401 456 2462 exitio
473 2400 614 2476 cogitant.
649 2403 715 2463 Has
730 2417 788 2476 ego
805 2401 894 2461 video
918 2403 1026 2462 consul
1046 2410 1077 2463 et
1091 2402 1136 2462 de

13 2556 17 2573 ,
102 2498 136 2543 re
151 2483 273 2559 publica
287 2485 466 2546 sententiam
480 2501 565 2560 rogo,
581 2492 611 2545 et
622 2503 701 2559 quos
713 2486 792 2545 ferro
803 2485 946 2545 trucidari
957 2485 1129 2560 oportebat,

102 2582 159 2627 eos
179 2567 313 2627 nondum
333 2584 412 2629 voce
427 2571 562 2628 vulnero.
595 2567 692 2630 Fuisti
711 2568 801 2643 igitur
825 2569 907 2642 apud
928 2569 1061 2629 Laecam
1079 2567 1131 2627 illa

101 2658 201 2726 necle,
217 2648 357 2710 Catilinaa
370 2651 549 2711 distribuisti
560 2661 664 2726 partes
675 2653 792 2711 ltaliae:
808 2651 938 2714 statuisti
950 2670 1011 2727 quo
1026 2668 1130 2726 quem·

103 2750 163 2809 que
182 2732 338 2811 proficisci
358 2735 506 2809 placeret:
531 2735 670 2810 delegisti
692 2751 770 2809 quos
787 2735 903 2795 Romae
930 2735 1130 2810 relinqueres,

102 2834 181 2892 quos
194 2826 295 2879 tecum
309 2817 474 2879 educerem
491 2819 681 2893 descripsisti
702 2817 785 2878 urbis
801 2827 903 2893 partes
920 2819 961 2878 ad
974 2818 1128 2879 incendia

101 2901 288 2962 confirmasti
305 2901 451 2977 teipsum
466 2901 525 2962 iam
540 2918 611 2962 esse
626 2901 791 2962 exiturum=
808 2901 911 2962 dixisti
925 2904 1060 2977 paullum
1076 2899 1130 2961 tibi

100 2996 173 3042 esse
184 2984 275 3045 etiam
289 3002 371 3046 nunc
385 3002 497 3057 morae,
514 2986 598 3060 quod
610 3001 668 3059 ego
683 2987 826 3045 viverem.
841 2984 967 3060 Reperti
980 2994 1052 3046 sunt
1066 2988 1130 3046 due

101 3064 220 3139 equites
236 3069 367 3130 Romani
389 3070 441 3144 qui
466 3077 495 3129 te
516 3068 574 3128 ista
590 3085 663 3129 cura
682 3067 845 3129 liberarent
860 3076 890 3128 et
907 3083 978 3129 sese
992 3068 1045 3130 illa
1061 3068 1130 3144 ipsa

100 3155 191 3207 nocte
204 3152 305 3222 paullo
324 3161 395 3213 ante
411 3153 509 3212 lueern
525 3168 573 3210 me
593 3151 624 3211 in
644 3169 712 3212 meo
729 3154 808 3212 lecto
828 3152 1042 3213 interfecturos
1059 3166 1130 3213 esse

99 3228 325 3307 pollicerentur.
349 3235 399 3296 10.
413 3237 497 3296 Haec
512 3251 570 3308 ego
588 3236 703 3307 omnio,
721 3235 844 3295 vixdum
861 3235 950 3296 eliam
964 3234 1059 3296 cbetu
1078 3249 1127 3294 ve

100 3323 163 3375 stro
178 3312 323 3388 dimisso,
348 3320 498 3393 comperi:
528 3319 649 3379 domum
664 3335 761 3378 meam
779 3319 945 3380 maioribus
964 3318 1130 3394 praesidiis

97 3395 214 3459 munivi
242 3405 334 3475 atque
354 3400 486 3476 firmavi,
511 3403 628 3463 exclusi
658 3419 727 3477 eos,
757 3418 837 3479 quos
865 3409 897 3463 tu
918 3402 1027 3464 adme
1047 3404 1127 3464 salu
