2340 3788
129 195 191 259 108
326 197 377 256 DE
390 184 544 255 IMPERIO
559 196 615 256 CN.
629 195 781 255 ΡΟΜΡΕΠ
796 195 947 257 ORA'HO.

129 362 219 420 quam
233 353 280 405 est
296 360 390 405 ausus
406 354 520 419 optare.
554 344 629 403 liam
650 361 742 419 quum
756 361 791 404 se
807 344 838 404 in
850 360 978 419 regnum
992 328 1085 409 suum
1095 364 1136 409 re-

129 428 276 503 cepisset,
296 427 431 487 nonfuit
451 444 488 488 eo
508 435 682 500 contentus,
702 428 786 501 quod
806 428 833 486 ei
849 436 970 503 praeter
982 447 1076 506 apem
1092 448 1136 492 ae

128 510 256 593 diderat,
272 517 305 570 ut
317 511 412 584 illam,
427 518 535 584 postea
550 525 638 584 quam
652 513 759 583 pulsus
777 518 856 582 erat,
872 517 984 570 terram
997 530 1137 590 umqutm

37 590 41 601 '
127 592 299 667 attingeret,
315 592 415 652 sedin
432 592 595 652 exercitum
609 601 745 652 nostrum
762 592 874 651 clarum
887 601 980 667 atque
993 594 1137 657 victorem

127 675 269 750 impetum
285 676 363 734 lecit.
391 674 484 735 Sinite
497 675 556 734 hoc
570 676 648 748 loco,
664 673 801 747 Quirites,
816 674 895 734 siout
907 679 1019 754 poetae
1035 680 1136 751 solent,

129 758 181 832 qui
194 774 244 818 res
257 759 410 818 Romanas
428 757 575 829 scribunt,
595 755 757 831 praeterire
776 772 824 815 me
839 765 976 817 nostram
990 762 1136 821 calamia-

127 849 202 916 ten,
223 857 302 917 quae
321 848 403 901 mata
424 839 491 908 luit,
515 847 548 900 ut
568 854 634 898 eam
654 840 694 898 ad
713 853 802 898 aures
816 838 933 898 Luculli
949 841 1136 915 imperatoria

127 941 189 985 non
213 942 252 984 ex
271 921 386 998 proelio
408 920 550 992 nunciuS,
576 923 631 980 sed
654 937 693 980 ex
713 936 853 980 sermone
876 938 981 982 rumor
999 924 1136 985 adferret

126 1007 178 1068 26.
197 1007 253 1066 Hic
273 1006 303 1062 in
323 1004 373 1062 illo
391 1005 459 1076 ipso
480 1005 558 1062 malo
579 1002 818 1077 gravissimaque
834 1003 904 1064 belli
922 1004 1136 1067 offensioneb

126 1088 283 1157 Lucullus,
306 1085 357 1158 qui
372 1094 470 1145 tamen
490 1085 592 1159 aliqua
608 1101 646 1144 ex
661 1094 746 1159 parte
759 1085 797 1145 iis
811 1084 1013 1149 incommodis
1028 1086 1137 1149 mederi

127 1173 256 1231 fortasse
267 1168 423 1240 potuisset,
437 1175 540 1226 vestro
551 1167 636 1227 iussu
651 1177 783 1239 coaetus,
797 1169 880 1244 quod
893 1168 1013 1243 imperii
1029 1171 1136 1231 diubia-

126 1251 210 1311 nitati
226 1249 347 1308 modurn
362 1251 552 1309 statuendum
566 1258 666 1310 vetere
682 1251 821 1324 exemplo
836 1251 1008 1326 putavistis,
1027 1261 1138 1327 partem

126 1333 264 1401 rnilitum,
289 1330 340 1404 qui
356 1331 414 1390 iam
430 1333 587 1405 stipendiis
608 1333 737 1393 conlecti
757 1341 856 1406 mant,
876 1333 1009 1407 dimisit,
1025 1344 1138 1409 partem

126 1413 279 1473 Glabrioni
291 1413 419 1473 tradidit.
446 1415 539 1474 lllulta
549 1423 706 1489 praetereo
719 1418 867 1486 consulto,
883 1417 939 1475 sed
949 1432 988 1476 ea
999 1433 1057 1478 vos
1068 1433 1137 1478 con·

125 1497 238 1556 iectura
249 1495 420 1570 perspicite,
439 1505 581 1571 quantum
593 1498 785 1558 illudbellum
796 1499 907 1557 lactum
918 1500 1042 1573 putetis,
1058 1499 1138 1575 quod

126 1579 308 1652 coniungant
327 1594 415 1651 reges
433 1580 647 1654 potentissimi,
675 1589 821 1639 renovent
841 1580 972 1654 agitem
987 1581 1139 1661 ‘nufionea

126 1659 293 1736 suscipiant
312 1659 445 1735 integrae
462 1669 581 1736 gentes,
600 1680 698 1723 novus
714 1664 876 1736 imperator
889 1671 995 1723 noster
1008 1664 1139 1739 accipiat

125 1752 228 1804 vetere
242 1742 375 1803 exercitu
387 1746 485 1819 pulso.
513 1745 549 1804 X.
563 1742 613 1804 27.
636 1745 715 1805 Satis
728 1744 799 1804 mibi
813 1747 905 1805 multa
918 1746 1013 1806 verba
1026 1748 1139 1809 loaisae

124 1827 245 1903 videor,
267 1842 327 1902 qua
347 1843 380 1886 re
400 1837 483 1888 esset
501 1828 560 1888 boc
580 1830 690 1889 bellum
709 1843 820 1902 genere
836 1828 905 1902 ipso
922 1829 1139 1902 necessarium,

125 1909 328 1985 magnitudine
344 1909 564 1984 periculosum:
580 1919 674 1970 restat
686 1919 718 1970 ut
732 1911 770 1969 de
784 1910 965 1984 imperatore
978 1910 1018 1970 ad
1031 1910 1066 1971 id
1078 1913 1139 1972 bel-

126 1995 186 2053 lum
205 1993 364 2066 deligendo
388 2010 423 2051 ac
446 1993 534 2052 mnlis
554 1990 645 2054 rebus'
663 1992 866 2066 praeficiendo
889 1992 1053 2052 dicendum
1070 2008 1138 2054 esse

126 2075 270 2134 videatur.

206 2155 338 2230 Utinam,
361 2156 503 2231 Quirites,
529 2155 660 2216 virorum
682 2158 802 2217 lortlum
824 2164 914 2230 atque
935 2157 1139 2219 innocentium

125 2236 243 2308 copiam
257 2245 367 2298 tantam
386 2239 551 2311 heberario,
571 2248 604 2298 ut
619 2239 694 2297 baec
709 2240 798 2300 vobis
815 2239 991 2299 deliberatio
1006 2239 1139 2300 difficilis

125 2326 216 2389 esset,
233 2335 390 2393 quemnam
406 2321 593 2395 potissimum
604 2323 695 2380 tantis
705 2324 797 2382 rebus
810 2338 845 2381 ac
859 2330 942 2382 tanto
956 2322 1040 2381 bello
1052 2339 1138 2396 prae-

124 2400 285 2461 ficiendum
296 2404 455 2475 putaretis!
478 2405 562 2463 Nunc
575 2420 645 2462 vero
659 2420 749 2477 quum
763 2406 802 2465 sit
812 2421 892 2464 unus
904 2405 955 2463 Cn.
965 2404 1137 2478 Pompeius,

125 2482 252 2557 quinon
267 2485 357 2543 modo
372 2501 476 2545 eorum
491 2485 653 2559 hominum,
672 2487 723 2561 qui
738 2503 816 2546 nunc
832 2496 910 2558 sunt,
928 2486 1066 2560 gloriam,
1083 2486 1140 2545 scd

124 2565 212 2625 etiam
227 2564 410 2638 antiquitatis
430 2568 603 2627 memoriam
616 2569 724 2629 virtute
739 2568 901 2643 superarit,
924 2585 1002 2643 quae
1022 2584 1077 2629 res
1092 2575 1138 2627 est

124 2664 203 2722 quae
220 2647 398 2721 cuiusquam
416 2648 546 2708 animum
567 2650 596 2709 in
614 2651 671 2710 hac
690 2668 784 2711 causa
803 2651 927 2711 dubium
943 2652 1046 2710 iacere
1067 2664 1137 2724 pos·

124 2731 183 2790 siti
210 2730 260 2794 28.
281 2730 345 2804 Ego
361 2729 439 2789 enim
455 2730 499 2790 sio
513 2732 662 2805 existimo,
677 2736 707 2793 in
723 2749 838 2793 summo
854 2734 1036 2806 imperatore
1054 2738 1137 2806 quat-

122 2822 190 2873 tuor
200 2814 256 2877 has
266 2831 316 2874 res
328 2813 430 2873 inesse
441 2822 590 2888 oportere,
608 2816 762 2876 scientiam
772 2817 816 2874 rei
828 2814 972 2885 militaris,
987 2813 1136 2882 vinulam,

122 2897 342 2971 auctoritatem,
366 2896 544 2956 felicitatem.
587 2896 658 2970 Quis
673 2897 761 2971 igilur
775 2899 834 2957 hoc
853 2897 973 2956 homme
995 2895 1140 2963 scientior

122 2992 263 3050 umquam
278 2989 328 3040 aut
346 2978 400 3039 luit
415 2990 467 3040 aut
480 2996 550 3039 esse
565 2979 688 3039 debuit?
710 2979 762 3054 qui
776 2995 793 3039 e
807 2979 878 3038 ludo
894 2986 986 3053 atque
1002 2993 1019 3037 e
1034 2977 1138 3052 pueri-

123 3055 182 3114 tiae
202 3058 368 3132 disciplinis
391 3062 470 3121 bello
491 3061 621 3121 maximo
644 3070 735 3135 atquc
760 3060 912 3120 acerrimis
935 3059 1078 3121 hostibus
1099 3059 1139 3119 ad

121 3137 215 3211 patris
232 3142 396 3204 exercitum
416 3152 506 3216 atque
526 3143 556 3201 in
570 3142 691 3203 militiae
705 3144 893 3217 disciplinam
907 3143 1065 3216 proiectus
1082 3150 1137 3211 est,

122 3217 175 3295 qui
197 3227 329 3281 extrema
348 3225 476 3299 pueritia
495 3225 580 3283 miles
600 3226 631 3283 in
649 3225 783 3285 exercitu
806 3225 860 3285 luit
881 3223 988 3284 summi
1008 3225 1139 3298 impera·

120 3302 211 3375 toris,
228 3300 348 3365 ineunte
362 3307 566 3366 adolescentia
580 3306 702 3367 maximi
715 3307 783 3382 ipse
799 3306 950 3366 exercitus
964 3302 1139 3380 imperator,

122 3386 172 3459 qui
187 3383 311 3458 saepius
323 3400 390 3443 cum
400 3387 487 3447 hoste
502 3387 637 3449 conflixit
651 3405 740 3463 quam
756 3389 916 3465 quisquam
933 3405 1001 3449 cum
1015 3388 1138 3449 inimico
