2340 3788
369 167 1104 240 cAP.es-ar.t.m-oo.1tto.

55 314 197 392 pendere
213 313 254 374 ad
268 312 445 391 disciplinae
466 326 630 394 praecepta
649 318 727 379 velis
733 322 950 398 ,reperiantur
967 327 1085 400 pravis

56 398 148 460 sima.
179 395 244 469 Qua
261 413 296 457 re
313 414 371 458 uec
386 399 467 474 plebi
480 402 636 461 Romanae
657 401 805 481 eripiendi
819 407 957 468 tructus
948 408 999 469 rsti
1015 417 1086 471 sunt

54 481 216 550 ludorum,
246 480 459 556 gladiatorum,
482 481 708 557 conviviorum,
734 501 812 560 quae
835 491 935 549 omnia
953 489 1085 553 maiores

56 561 157 624 nostri
183 573 451 639 comparaverunt,
475 581 533 625 nec
558 530 726 627 candidatis
752 566 810 628 ista
829 569 999 646 benignitas
1020 573 1085 635 adi

56 646 173 707 menda
193 654 255 719 est,
277 652 357 720 quae
376 647 584 708 liberalitatem
603 647 699 725 magis
721 648 871 724 signifieat
891 670 981 728 quam
996 656 1084 732 largi·

58 729 184 791 donem.

141 810 289 871 XXXVII.
303 809 354 873 te.
373 811 415 872 At
428 810 506 870 euim
520 820 550 901 te
564 812 603 872 ad
617 816 823 876 accusandum
836 832 887 877 res
901 816 1023 891 publica
1032 819 1085 880 ad·

59 891 156 956 duxit.
186 893 292 967 Credo,
309 895 391 966 cato,
408 902 438 954 te
451 895 509 955 isto
527 885 628 956 animo
642 905 734 973 atque
748 915 786 958 ea
795 899 939 974 opinione
953 899 1085 963 venisse.

59 977 122 1039 Sed
138 984 171 1037 lu
185 975 387 1052 imprudentia
400 977 522 1038 laberis.
549 978 615 1054 Ego
631 982 720 1077 quod·
729 979 825 1055 racio,
844 981 975 1054 iudices,
992 1001 1085 1079 quum

58 1057 478 1134 amicitiaedignitatisqueL.
490 1061 634 1123 Murenae
646 1063 840 1138 gratialaci0,
854 1074 917 1127 turn
929 1081 978 1125 me
988 1066 1084 1142 pacis,

58 1142 134 1221 ocii,
156 1141 353 1215 concordiae,
373 1142 533 1216 libertatis,
557 1144 677 1221 salutis,
701 1146 781 1207 vitae
800 1147 932 1224 denique
953 1148 1086 1210 omnium

58 1216 198 1287 noenum
220 1241 315 1286 causa
336 1226 437 1287 lacere
455 1227 553 1288 clamo
576 1237 667 1304 atque
683 1237 788 1291 testor
830 1232 957 1304 Audite,
982 1231 1085 1293 audite

59 1311 232 1382 consulem,
254 1308 386 1383 iudices,
406 1309 480 1376 nihil
497 1309 595 1371 dicam
611 1313 821 1388 adrogantius,
842 1323 956 1379 tantum
975 1314 1082 1389 dicam,

58 1400 142 1454 totos
157 1391 225 1452 dies
240 1400 331 1468 atque
345 1402 451 1455 noctes
472 1395 556 1455 dere
576 1396 698 1470 publica
718 1396 914 1473 cogitantem!
945 1398 1012 1459 Non
1031 1414 1081 1460 us-

59 1492 120 1551 que
138 1491 175 1536 eo
192 1475 226 1539 L.
242 1475 366 1537 Catilina
377 1493 442 1538 rem
457 1477 609 1553 publicam
623 1480 765 1557 despexit
784 1487 876 1557 atque
892 1479 1084 1557 contempsit,

58 1566 92 1621 ιιι
107 1574 146 1619 ea
159 1557 266 1633 copia,
288 1576 378 1634 quam
393 1577 499 1622 secum
512 1560 632 1632 eduxit,
649 1578 683 1622 se
698 1562 941 1626 hanc.civitatem
954 1579 1083 1640 oppres·

52 1657 165 1703 surum
192 1641 393 1703 arbitraretur.
433 1641 537 1703 Latius
563 1649 646 1718 patet
671 1645 752 1706 illius
779 1647 904 1706 sceleris
933 1645 1082 1720 coutamo,

60 1740 152 1800 quam
167 1723 329 1798 quisquam
345 1732 445 1798 putat,
465 1725 505 1783 ad
518 1724 623 1798 plures
639 1728 779 1800 pertineo
807 1728 906 1798 Intus,
921 1725 1016 1799 intus,
1037 1729 1082 1787 iu·
1159 1758 1163 1769 ·

58 1823 162 1883 quam,
179 1813 227 1864 est
240 1821 339 1878 equus
347 1805 510 1864 Troianus:
526 1822 545 1864 a
560 1821 621 1878 quo
634 1824 798 1882 numquam
811 1825 860 1867 me
873 1809 1000 1867 consule
1013 1809 1082 1867 dor-

56 1889 189 1951 mientes
203 1882 425 1961 opprimamini.
458 1885 507 1946 79.
529 1886 655 1960 Quaeris
670 1906 689 1948 a
702 1905 751 1948 me
766 1889 840 1963 quid
854 1903 911 1961 ego
927 1886 1084 1948 catilinam

55 1978 202 2032 metuam.
229 1968 316 2041 Nihil,
332 1977 363 2029 et
377 1967 480 2029 curavi
496 1984 536 2029 ne
550 1967 619 2044 quis
633 1978 786 2043 metueret,
803 1969 859 2029 sed
873 1968 978 2043 copias
992 1968 1083 2043 illius,

57 2069 138 2130 quas
152 2049 202 2111 hic
215 2050 322 2126 video,
339 2050 408 2112 dico
423 2067 494 2112 esse
509 2054 700 2113 metuendas:
725 2068 782 2112 nec
796 2060 856 2112 tam
870 2050 1021 2112 timendus
1036 2058 1084 2112 est

57 2150 141 2198 nunc
160 2133 312 2195 exercitus
331 2135 364 2195 L.
386 2134 530 2197 Catilinae
546 2152 636 2212 quam
659 2136 722 2209 isti,
748 2134 799 2209 qui
818 2134 901 2195 illum
917 2132 1082 2196 exercitum

58 2217 236 2280 deseruisse
251 2217 399 2280 dicuntur.
432 2218 499 2281 Non
521 2220 600 2280 enim
621 2220 832 2288 deseruerunt,
853 2216 910 2278 sed
928 2216 1033 2278 abillo
1049 2217 1081 2279 in

58 2298 195 2378 speculis
215 2308 306 2375 atque
326 2300 446 2363 insidiis
465 2301 562 2363 relicti
581 2302 611 2362 in
632 2301 729 2377 capite
751 2307 842 2374 atque
861 2298 893 2359 in
910 2299 1080 2362 cervicibus

57 2383 173 2447 nostris
188 2383 369 2445 restiterunt.
408 2384 446 2444 Hi
465 2393 496 2447 et
513 2385 660 2459 integrum
679 2383 835 2443 consulem
850 2391 880 2443 et
897 2383 1011 2444 bonum
1026 2383 1080 2443 im-

57 2474 230 2543 peratorem
248 2475 280 2527 et
299 2475 405 2528 natura
425 2473 455 2527 et
468 2468 588 2528 fortuna
602 2482 670 2525 cum
683 2481 728 2524 rer
720 2463 881 2539 pubhcae
889 2467 994 2526 salute
1007 2481 1080 2525 con·

56 2551 192 2611 iunctum
214 2548 304 2611 deiici
325 2551 364 2610 de
384 2548 467 2609 urbis
493 2547 644 2624 praesidio
669 2554 700 2606 et
728 2547 767 2606 de
788 2546 928 2609 custodia
951 2545 1080 2607 civitatis

57 2632 168 2694 vestris
189 2632 347 2694 sententiis
366 2620 520 2693 deturbari
542 2632 654 2688 volunt.
687 2628 821 2702 Quorum
839 2645 899 2704 ego
919 2631 1031 2688 semum
1050 2635 1082 2689 et

59 2714 218 2776 audaciam
228 2714 321 2775 reieci
334 2715 365 2775 in
377 2729 492 2786 campo,
507 2709 679 2770 debilitavi
671 2729 700 2770 ιιι
713 2712 788 2784 loro,
805 2709 975 2785 compressi
990 2709 1080 2771 ctiam

58 2796 141 2860 domi
154 2814 240 2861 meae
256 2814 364 2873 saepe,
382 2795 515 2867 iudices,
531 2792 579 2853 his
593 2809 650 2853 vos
668 2793 695 2853 si
708 2795 834 2854 alterum
849 2793 1006 2853 consulem
1019 2801 1080 2854 tra·

57 2878 210 2954 dideritis,
233 2882 302 2955 plus
323 2880 415 2939 multo
431 2883 518 2936 crunt
533 2874 642 2936 vestris
657 2876 814 2937 sententiis
832 2892 922 2950 quam
937 2873 1001 2936 suis
1015 2877 1079 2951 gla-

57 2963 116 3025 diis
133 2961 298 3023 consecuti.
327 2958 428 3056 Magni
447 2958 585 3029 interest,
606 2957 738 3029 iudices,
761 2958 793 3018 id
808 2959 891 3034 quod
906 2973 963 3033 ego
978 2959 1079 3021 multis

57 3044 295 3123 repugnantibus
316 3042 365 3119 egi
386 3051 479 3117 atque
493 3041 621 3117 perfeci,
643 3057 714 3101 esse
727 3040 873 3107 Kalendis
887 3041 1055 3103 Ianuariis
1046 3059 1078 3103 m

56 3146 91 3190 rc
110 3129 234 3204 publica
255 3127 315 3187 duc
329 3127 483 3191 consules.
522 3124 572 3187 80.
593 3122 690 3185 Nolite
705 3122 855 3196 arbioau,
874 3123 1078 3187 mediocribus

58 3209 194 3273 consiliis
208 3218 261 3271 aut
270 3207 389 3270 usitatis
402 3207 459 3268 viis
474 3207 569 3267 aut**.
597 3207 664 3266 Non
678 3208 728 3267 lex
739 3205 884 3281 improbo,
899 3223 960 3268 nou
977 3206 1078 3281 perni-

57 3293 145 3356 ciosa
157 3291 285 3367 largitio,
298 3308 359 3355 non
374 3289 509 3352 auditum
523 3289 685 3363 aliquando
700 3288 826 3365 aliquod
839 3291 950 3352 malum
962 3290 1007 3348 rei
1022 3305 1078 3362 pu

57 3376 155 3439 blicae
171 3373 332 3453 quaeritur.
360 3372 437 3436 Inita
453 3371 545 3437 sunt
536 3389 567 3434 ιιι
581 3371 638 3435 hac
654 3371 774 3435 civitate
787 3370 930 3512 ctltr3rsilla,
949 3370 1077 3446 iudices,
