2340 3788
162 116 187 150 χ’
214 114 218 119 1
252 108 316 147 1’ἑι.
349 100 360 165 j

159 146 269 191 *wlff-:ku
287 150 292 169 ι
315 142 348 172 'x‘x

101 195 165 263 202
254 234 261 261 t
942 228 945 233 “
985 260 989 269 ‚
1047 222 1093 267 ὲῆ,

685 260 734 329 CQV
781 284 867 313 ·.t¹.·.t¹'
895 268 915 283 '¹
1006 264 1009 273 ’
1103 262 1107 271 “

688 316 691 323 ,
758 284 780 317 tt

101 349 182 408 illam
193 341 367 406 labefactari
378 343 415 404 ab
426 341 573 418 improbis
585 340 686 403 matut
712 322 763 407 50.
778 326 983 419 Memineram,
998 342 1130 433 iudices,

11 442 13 447 ·
102 429 236 490 divinum
256 427 339 487 illum
359 426 456 486 virum
475 433 567 500 atque
587 441 627 484 ex
643 423 750 484 iisdem
767 416 1164 513 quidus'xnos‘rqdiciiru'sjt

101 519 204 572 natum
215 511 254 571 ad
266 511 393 570 salutem
404 507 493 569 huius
503 507 629 583 imperii,
642 506 673 566 C.
684 507 819 581 Marium,
831 498 1130 584 summasenectllte,

103 611 196 670 quum
207 594 267 652 vim
278 607 376 668 prope
387 590 535 652 iustorum
547 607 698 650 armorum
709 590 904 665 profugisset,
922 591 1019 666 primo
1031 593 1131 654 senile

101 694 214 752 corpus
227 676 389 750 paludibus
401 675 572 735 occultasse
583 675 622 734 de
671 690 687 734 r
758 718 773 753 ,ι
784 674 894 733 deinde
904 676 945 734 ad
956 666 1131 736 infimorum

101 777 137 820 ac
156 759 401 821 tenuissimorum
416 756 570 817 hominum
584 686 713 817 Miffiin
744 735 999 817 ‘misericordiam
1021 761 1129 819 coniu-

33 876 40 890 ·
101 845 200 923 gisse:
214 842 288 923 inde
301 840 421 914 navigio
435 850 604 919 perparuo,
623 857 716 915 quum
727 854 832 919 ornnes
846 848 953 914 portus
969 850 1128 917 terrasque

100 920 233 1001 fugeret,
256 922 289 985 in
309 931 381 984 oras
401 922 524 982 Atticae
547 922 775 982 desertissiriiai'
795 923 984 997 pervenisse.
1025 925 1129 1000 Atque

100 1009 151 1070 ille
165 1008 256 1068 vitam
273 1024 373 1078 suain,
397 1022 436 1101 qe
448 1007 560 1066 inultus
574 1013 672 1077 esset,
688 1006 734 1069 ,ad
749 1005 978 1066 incertissimam
994 1023 1082 1081 spem
1098 1016 1130 1067 et

101 1092 140 1152 ad
153 1091 198 1151 rei
213 1091 353 1165 publicae
368 1082 461 1149 farem
474 1084 656 1149 reservavit:
681 1103 755 1163 ego,
776 1088 828 1163 qui
844 1089 1127 1162 quemadmodum

99 1175 184 1235 multi
203 1173 233 1232 in
255 1180 362 1232 senatu
382 1189 430 1231 me
450 1173 575 1233 absente
592 1172 746 1243 dixerunt,
775 1170 909 1245 periculo
927 1171 1125 1248 reipublicae

47 1279 50 1283 ·
71 1274 78 1339 ζ
89 1256 255 1327 vivebam,
274 1256 387 1330 quique
403 1255 524 1314 obeam
540 1270 663 1313 causam
678 1252 889 1316 consularibus
902 1253 1008 1316 litteris
1023 1257 1062 1316 de
1078 1270 1126 1314 se-

100 1347 189 1401 natus
205 1337 353 1398 sententia
373 1336 485 1396 exteris
500 1335 672 1396 nationibus
687 1338 935 1410 commendaber,
958 1355 1075 1411 nonne,
1100 1337 1128 1398 si

41 1440 44 1445 ·
100 1438 198 1481 meam
208 1422 300 1479 vitam
311 1419 532 1492 deseruissem,
546 1435 610 1478 rem
622 1420 773 1494 publicam
784 1420 1009 1494 prodidissem?
1020 1421 1051 1480 in
1063 1436 1128 1494 qua

101 1503 223 1580 quidem
237 1518 318 1563 nunc
332 1518 381 1561 me
393 1501 531 1564 restituto
548 1501 621 1563 vivit
635 1518 753 1563 mecum
768 1504 856 1563 simul
869 1496 1035 1578 exemplum
1051 1502 1126 1561 fidei

99 1585 250 1663 publicae.
293 1585 381 1658 Quod
402 1583 429 1645 si
449 1585 615 1645 immortale
634 1587 791 1659 retinetur,
821 1586 891 1660 quis
912 1603 970 1647 non
986 1583 1129 1660 intelligit

25 1671 57 1745 ,³²
97 1669 297 1749 immortalem
309 1669 388 1745 hanc
400 1667 549 1749 cipitatem
561 1662 838 1759 luturam‘TJlXHI.
849 1667 899 1730 51.
916 1670 988 1728 Nam
998 1674 1128 1729 externa

99 1753 180 1815 bella
194 1746 325 1845 regum,
339 1736 499 1837 BQ&
526 1751 679 1821 nationum
700 1753 759 1812 iarn
781 1751 897 1827 pridem
916 1753 957 1813 ita
977 1749 1127 1811 exstincta

100 1844 184 1910 sunt,
208 1845 241 1897 ut
263 1830 569 1911 [intermeantium
585 1851 726 1910 agamus,
749 1852 827 1912 quos
843 1843 968 1909 pacatos
983 1850 1053 1895 esse
1071 1842 1126 1908 pn-

99 1920 217 1981 tiamur.
256 1919 395 1992 Denique
410 1934 449 1977 ex
464 1919 572 1997 bellica
587 1918 714 1979 victoria
728 1935 788 1979 non
804 1920 867 1978 lere
882 1934 1065 1993 quemquam
1079 1924 1129 1976 est

38 2028 43 2037 ¹
99 2003 213 2062 invidia
227 2002 336 2077 civium
352 2009 526 2061 consecuta.
559 2001 740 2063 Domesticis
758 2001 844 2061 malis
862 2010 892 2061 et
910 2000 1069 2062 audacium
1085 2000 1128 2058 ci·

100 2085 181 2145 vium
199 2080 335 2145 consiliis
351 2098 444 2159 saepe
462 2092 508 2143 est
522 2084 726 2145 resistendum
742 2101 908 2157 eorumque
923 2084 1127 2160 periculorum

100 2167 191 2226 estin
206 2184 239 2226 re
254 2167 377 2241 publice
390 2166 547 2226 retinenda
561 2167 724 2227 medicina:
744 2184 834 2242 quarn
847 2184 979 2239 omnem,
998 2166 1126 2237 iudices

23 2264 41 2284 -’
99 2249 326 2322 perdidissetis,
346 2250 372 2310 si
386 2250 453 2309 meo
467 2249 588 2310 interitu
603 2250 721 2311 senatui
734 2252 910 2327 populoque
921 2253 1058 2312 Romano
1071 2251 1127 2308 do·

99 2330 173 2390 loris
199 2330 247 2390 sui
271 2333 309 2391 de
326 2349 373 2392 me
395 2333 568 2392 declarandi
592 2342 729 2408 potestas
752 2345 836 2394 esset
855 2342 968 2409 erepta.
1011 2334 1126 2406 Quare

99 2429 209 2473 moneo
231 2432 302 2487 vos,
329 2416 556 2487 adolescenteS,
583 2424 674 2490 atque
697 2417 756 2477 hoc
778 2428 846 2477 ineo
869 2415 934 2478 iure
959 2415 1126 2492 praecipio,

100 2495 152 2572 qui
164 2496 352 2571 dignitatem,
373 2498 499 2573 quirem
514 2498 680 2574 publicam,
697 2500 751 2587 qui
762 2502 887 2576 gloriam
900 2500 1059 2574 spectatis,
1077 2515 1126 2569 ne,

99 2582 125 2640 si
151 2597 229 2655 quae
251 2598 307 2641 vos
328 2581 491 2655 aliquando
513 2582 682 2644 necessitas
702 2586 742 2643 ad
762 2601 825 2643 rem
848 2583 999 2658 publicam
1020 2590 1128 2642 contra

98 2664 255 2738 improbos
271 2664 355 2724 cives
370 2666 592 2726 defendendam
609 2666 744 2739 vocabit,
770 2667 928 2741 segniores
944 2666 1009 2743 sitis
1030 2674 1060 2724 et
1077 2680 1127 2722 re·

100 2747 275 2808 cordatione
289 2747 349 2808 mei
365 2763 455 2808 casus
471 2766 490 2807 a
504 2749 639 2811 consiliis
658 2751 784 2810 fortibus
798 2749 963 2824 refugietis.
997 2746 1046 2806 52.
1063 2746 1126 2805 Pri-

98 2846 179 2890 mum
200 2848 261 2892 non
281 2839 327 2892 est
347 2832 514 2906 periculum
543 2849 581 2891 ne
609 2835 677 2908 quis
701 2851 844 2921 umquem
864 2833 976 2893 incidat
1001 2831 1032 2892 in
1058 2829 1126 2889 eius

98 2914 181 2973 modi
196 2916 353 2987 consules,
372 2916 551 2988 praesertim
565 2916 591 2975 si
608 2916 662 2976 erit
677 2917 713 2974 iis
729 2916 878 2991 id,‘qu0d
894 2914 1033 2985 debetur,
1058 2929 1127 2987 per-

99 2996 239 3056 solutum.
269 2998 386 3058 Deinde
401 3015 564 3073 numquam
580 2998 653 3093 iarq,
668 3009 701 3061 ut
717 3017 825 3074 spero,
840 2999 1002 3074 quisquam
1014 2997 1126 3070 impro-

99 3076 157 3134 bus
172 3080 300 3141 consilio
316 3090 345 3141 et
358 3082 470 3141 auxilio
486 3084 635 3159 honorum
652 3099 686 3142 se
702 3099 881 3158 oppugnare
894 3096 956 3140 rem
974 3080 1126 3163 publicam

99 3157 179 3218 dicet
194 3160 253 3219 illis
268 3165 451 3237 tacentibus,
470 3158 527 3225 nec
544 3165 649 3243 armati
664 3165 815 3226 exercitus
830 3174 976 3225 terrorem
991 3160 1128 3236 opponet

98 3242 223 3316 togatis=
248 3261 348 3320 neque
362 3250 418 3308 erit
431 3247 510 3308 iusta
525 3244 619 3317 causa
634 3249 673 3321 ad
689 3257 793 3325 pertas
809 3247 927 3307 sedenti
941 3244 1128 3320 imperatori,

33 3328 37 3335 '
99 3342 160 3400 qua
174 3343 208 3385 re
219 3342 307 3386 suum
318 3337 464 3391 terrorem¹
476 3326 670 3392 salso'iact'ari
683 3331 859 3405 opponique
872 3330 1010 3404 patiatur.
1035 3328 1127 3387 Num-

100 3425 189 3482 quam
203 3407 282 3470 enim
298 3411 354 3471 erit
368 3421 425 3472 tam
441 3431 611 3489 oppressus
627 3422 765 3487 senatus,
788 3422 821 3474 ut
835 3413 916 3473 eine
931 3406 1129 3488 supplicandi

367 146 379 159 ⁸
395 144 476 253 'nno
492 192 523 250 n.
540 190 671 253 snsno
689 189 837 317 cenric.

812 3680 819 3695 t
