2340 3788
286 211 367 270 οΑΡ.
382 219 480 272 a-s.
502 216 656 276 §.t-14.
919 211 982 277 ³45

75 362 185 420 luenda
200 360 238 422 sit
252 377 341 436 quam
357 359 436 420 iusta
447 360 624 433 repetenda.
668 358 717 420 11.
732 358 796 420 Etsi
809 361 985 438 persapien-

78 445 209 517 quodam
233 444 324 504 modo
346 442 443 504 tacite,
458 444 509 502 dat
529 444 599 517 ipsa
621 443 671 501 tex
686 450 867 516 potestatem
882 448 985 506 deien-

76 542 153 599 quae
165 543 225 586 non
244 525 395 585 hominem
410 524 520 601 occidi,
536 526 592 585 sed
610 540 681 584 esse
696 540 765 584 eum
783 525 842 586 teto
856 527 985 590 hominis

62 609 119 667 indi
137 625 229 669 causa
244 616 340 681 vetat,
358 617 399 681 ut,
417 623 508 680 quum
527 623 629 681 causa,
644 623 704 668 non
716 609 807 667 telum
826 625 985 681 quaerere-

62 693 98 766 qui
119 694 166 752 sui
185 692 369 752 defendendi
382 688 484 750 'eausa
497 691 557 749 telo
575 699 760 761 assemsum,
780 706 841 749 non
856 689 986 754 hominis

62 773 117 833 ndi
132 791 226 835 causa
240 774 384 834 habuisse
395 774 487 832 telum
505 772 696 833 iudicaretur.
729 773 919 846 Quapropter
928 773 987 835 hoc

62 857 245 928 tiammo,
267 855 399 916 iudices:
422 872 481 915 non
503 854 582 915 enim
597 854 700 915 dubito
716 855 788 930 quin
805 854 987 929 probaturus

62 940 118 1000 ibis
134 938 343 999 defensionem
358 954 470 1009 meam,
495 937 522 997 si
536 937 567 996 id
583 937 793 1010 memineritis,
812 937 896 1011 quod
912 937 986 999 obii-

62 1040 113 1081 10n
132 1020 270 1096 potestis²
301 1018 509 1081 insidiatorem
523 1018 653 1080 interfici
668 1019 733 1081 iure
750 1035 854 1095 posse.

77 1105 125 1164 12.
142 1103 285 1178 Sequitur
300 1103 382 1176 iilud,
399 1104 483 1178 quod
496 1102 645 1162 aMilonis
662 1102 792 1163 inimicis
803 1101 987 1176 saepissime

62 1203 85 1258 r,
110 1187 250 1259 eaedem,
272 1186 301 1246 in
315 1203 375 1260 qua
390 1186 422 1244 Ρ.
437 1185 560 1246 clodius
573 1185 694 1246 occisus
710 1195 771 1259 est,
790 1193 928 1245 senatum
942 1185 987 1245 iu-

66 1286 82 1328 e
97 1276 201 1328 contra
215 1285 277 1328 rem
293 1267 444 1344 publicam
457 1285 529 1328 esse
546 1270 664 1329 iactam.
708 1269 791 1328 iilam
809 1285 882 1330 vero
897 1285 985 1330 sena-

64 1370 82 1410 n
100 1351 256 1412 sententiis
273 1354 337 1412 suis
350 1353 457 1424 solum,
473 1351 629 1412 sedetiam
644 1351 752 1413 studiis
768 1351 987 1426 comprobavit.

62 1452 105 1494 ms
126 1435 206 1495 enim
223 1443 269 1495 est
282 1436 333 1496 itia
348 1451 442 1496 causa
457 1451 476 1494 a
492 1436 580 1495 nobis
597 1443 664 1495 acta
679 1436 709 1494 in
727 1443 850 1495 senatu!
875 1434 987 1509 quibus

62 1518 193 1578 sionibus
204 1517 338 1578 universi
350 1518 474 1590 ordiniS,
488 1535 578 1592 quam
592 1534 648 1579 nec
662 1518 760 1578 tacitis
772 1533 828 1578 nec
844 1518 987 1579 occultis!

62 1604 85 1662 io
111 1601 190 1661 enim
210 1601 456 1675 frequentissimo
474 1610 580 1660 senatu
604 1609 747 1675 quattuor
763 1609 815 1660 eut
837 1617 988 1662 summum

62 1701 95 1743 ue
124 1692 194 1744 sunt
219 1683 332 1744 inventi
355 1683 406 1758 qui
426 1681 547 1742 Milonis
568 1699 692 1742 causam
716 1699 776 1742 non
802 1684 988 1756 probarent?

62 1774 121 1825 ,ant
147 1765 237 1825 huius
264 1765 394 1825 ambusti
419 1764 530 1824 tribuni
557 1763 656 1838 plebis
680 1764 748 1824 iliae
775 1763 987 1839 intermortuae

63 1864 128 1919 nes,
141 1846 252 1920 quibus
267 1846 378 1907 cotidie
395 1861 492 1905 meam
507 1845 670 1919 potentiam
686 1844 837 1905 invidiose
850 1845 987 1905 erimina-

62 1981 63 1988 ,
88 1945 180 2003 quum
201 1927 316 1989 diceret
336 1937 473 1988 senatum
494 1943 555 1987 non
573 1929 657 2001 quod
675 1928 813 2000 sentiret,
830 1927 887 1987 sed
904 1926 989 2001 quod

62 2013 150 2072 etiem
167 2011 340 2071 decernere.
384 2011 467 2086 Quae
485 2009 607 2085 quidem
631 2011 658 2069 si
672 2009 806 2085 potentia
823 2017 870 2070 est
884 2011 989 2085 appel·
1045 2036 1047 2041 ·

73 2094 174 2169 potius
189 2111 280 2169 quarn
294 2102 346 2154 aut
363 2102 487 2168 propter
501 2110 611 2168 magna
626 2093 657 2153 iu
677 2108 740 2153 rem
760 2092 912 2168 publicam
927 2107 989 2152 me·
1008 2098 1015 2105 ‘

65 2177 196 2238 edideris
217 2177 246 2236 in
262 2178 351 2237 bonis
367 2176 468 2239 causis
483 2176 647 2239 auctoritas
662 2184 714 2236 eut
727 2183 854 2250 propter
869 2175 928 2236 hos
944 2175 989 2235 oi·

62 2278 88 2320 >s
105 2261 226 2320 iabores
241 2275 327 2320 meos
342 2277 404 2322 non
419 2260 502 2321 nulla
513 2260 596 2335 apud
607 2259 706 2321 bonos
723 2259 834 2332 gratia,
852 2259 987 2335 appelle·

62 2364 68 2403 t
88 2359 178 2416 sane,
200 2343 271 2402 dum
291 2344 382 2403 modo
397 2359 434 2403 ea
449 2358 507 2404 nos
523 2352 642 2404 utamur
656 2358 712 2417 pro
730 2342 827 2403 salute
838 2339 989 2402 bonorum

62 2425 247 2487 tumentium
269 2426 463 2501 perditorum.
507 2423 558 2488 13.
582 2426 668 2485 Hanc
681 2440 755 2486 vero
768 2423 988 2500 quaestionem,

62 2517 158 2570 mest
174 2509 293 2584 iniqua,
315 2524 480 2583 numquam
493 2517 594 2569 temen
610 2517 734 2570 senatus
749 2505 990 2568 constituendam

62 2594 88 2652 it.
130 2592 223 2651 Erant
237 2591 317 2651 enim
331 2593 432 2666 leges,
453 2600 539 2659 erant
566 2588 762 2667 quaestiones
778 2591 826 2649 vei
842 2590 881 2648 de
895 2588 991 2649 caede

62 2673 125 2747 tvi,
142 2690 198 2733 nec
217 2682 331 2735 tantum
351 2690 519 2735 maerorem
538 2691 575 2736 ac
595 2676 707 2736 luctum
729 2670 847 2733 senatui
860 2685 943 2733 mors
957 2669 990 2727 P.

74 2757 238 2832 adferebat,
254 2766 285 2818 ut
298 2773 379 2818 nova
394 2757 533 2832 quaestio
548 2758 788 2819 constitueretur.
808 2754 900 2814 Cuius
912 2750 1000 2823 enim·

62 2859 68 2897 t
86 2839 203 2900 incesto
225 2849 334 2916 stupro
348 2838 493 2900 iudicium
507 2838 692 2901 decernendi
712 2836 831 2900 senatui
853 2843 991 2911 potestas

64 2931 187 2997 erepta,
209 2925 248 2984 de
269 2923 336 2983 eius
359 2921 479 2984 interitu
502 2922 571 2998 quis
591 2932 694 2998 potest
715 2921 841 2984 credere
855 2925 992 2980 senatum

62 3021 108 3065 um
126 3021 238 3066 novum
263 3004 506 3067 constituendum
531 3012 682 3080 putasset
701 3005 761 3065 cur
780 3002 872 3077 igitur
889 3000 991 3061 iucen·

62 3088 169 3161 curiae,
186 3087 443 3165 oppugnationem
458 3087 579 3150 aedium
593 3089 633 3148 M.
644 3088 760 3162 Lepidi,
778 3085 902 3148 caedem
913 3083 992 3144 hauc

62 3224 63 3228 ,
85 3180 192 3232 eontra
214 3188 278 3233 rem
298 3171 451 3247 publicam
473 3181 597 3232 senatus
619 3172 729 3231 facum
751 3183 822 3231 esse
836 3165 993 3229 decrevit?

61 3257 144 3315 nulia
164 3254 210 3314 vis
228 3271 372 3331 umquam
398 3263 446 3317 est
468 3256 499 3315 in
514 3253 609 3315 libera
625 3252 746 3314 civitate
760 3259 904 3326 suscepte
917 3249 995 3309 inter

72 3355 135 3399 non
156 3346 262 3399 contra
282 3354 346 3398 rem
362 3335 526 3413 pubiicum.
568 3335 618 3399 14.
635 3336 703 3395 Non
717 3333 797 3396 enirn
811 3343 860 3395 est
875 3333 928 3394 illa
941 3331 994 3389 de-

62 3443 66 3476 t
91 3428 196 3481 contra
211 3421 269 3481 vim
286 3436 429 3496 umquam
452 3419 600 3496 optanda,
622 3419 754 3480 sednon
769 3430 935 3495 numquam
948 3420 998 3474 est
