2340 3788
200 26 724 117 (a
855 36 1097 115 awa.

66 48 183 125 iiia-w

87 186 119 205 .,ι
147 174 159 197 ,¹⁸
193 148 265 197 ’,ι-5

62 204 151 309 eoo
247 218 257 233 “’
359 241 432 303 rao
448 243 480 301 P.
499 240 631 301 snsmo
650 239 797 301 orario.

63 392 136 469 quid
152 391 324 467 magnitudo
339 390 444 465 animi,
466 392 539 466 quid
553 390 684 466 denique
700 391 797 452 virtus
809 394 950 473 valeret„
961 376 1092 492 quasi}

60 482 240 550 tempestate
254 490 348 539 saeva
364 474 466 549 quieta
480 483 527 535 est
540 483 570 534 et
583 475 664 536 lucet
676 474 707 534 in
722 468 855 534 tenebris
869 484 900 536 et
913 456 1096 550 pbls'fflto*

61 568 162 619 manet
184 565 282 619 tamen
306 565 398 633 atque
421 557 525 617 haeret
544 557 575 617 in
597 558 696 632 patria
715 558 922 639 splendetque
937 575 996 634 per
1017 560 1089 623 sese
1128 560 1132 575 '

62 656 184 715 semper
197 657 298 715 neque
316 640 423 701 alienis
438 656 582 715 umquam
598 641 740 701 sordibus
758 638 932 701 obsolescit.
961 643 1031 704 Non
1046 645 1095 707 itti.

61 725 229 785 ornandum
242 724 284 783 Μ.
299 722 457 796 Catonem,
473 724 530 784 sed
543 723 752 798 relegandum,
770 739 827 781 nec
841 722 883 783 illi
897 727 1085 797 committeu-

62 808 133 867 dum
153 806 226 866 illud
246 808 420 880 negocium,
446 807 502 867 sed
522 806 736 885 imponendum
752 814 956 881 putaverunt,
981 811 1086 884 quiin

60 889 203 950 contione
217 892 318 965 palam
329 889 460 969 dixepint
470 890 510 951 tin
531 906 602 953 uam
617 905 652 949 se
666 875 894 986 evellisselllss
915 890 1014 991 tonis,
1029 911 1097 977 uae.

60 989 183 1061 semper
195 981 299 1034 contra
310 906 533 1037 extitutdllbff
530 989 565 1031 as
576 960 856 1059 potestateslliber'a'
865 907 982 1038 fulsit.
993 912 1089 1037 igb'n!
1096 970 1120 991 '⁹

24 1060 41 1109 ι·
59 1054 147 1128 tient‚
171 1063 205 1116 ut
219 1071 327 1130 spero,
353 1056 438 1114 brevi
453 1066 588 1130 tempore
601 1062 724 1115 manere
737 1054 905 1115 libertatem
920 1057 1017 1131 illam,
1042 1067 1086 1120 at·

61 1155 121 1213 que
135 1137 196 1197 hoc
210 1139 313 1212 ebant,
338 1137 366 1197 si
384 1138 450 1197 fieri
470 1138 616 1214 potuerit,
639 1138 890 1214 essepraiorem,
915 1140 1088 1214 quodcum
1108 1208 1112 1213 ,

22 1264 26 1269 -
59 1222 236 1282 consulibus
250 1221 309 1281 illis
320 1212 365 1279 nt·
375 1221 463 1289 Cato.
481 1221 569 1281 etiam
581 1239 672 1296 quum
688 1206 747 1281 iiti'n
758 1216 956 1303 desperasset
969 1222 1086 1298 aliquid

59 1303 235 1377 auctoritate
250 1319 305 1362 suu
320 1303 428 1375 prolioi
442 1320 553 1379 posse,
569 1312 667 1363 tamen
684 1320 759 1365 voce
774 1303 842 1378 ipsa
856 1320 892 1363 ac
907 1306 1015 1367 dolore
1029 1323 1085 1382 pu·

55 1386 177 1479 guard,
202 1392 232 1444 et
256 1393 327 1461 post
351 1402 450 1445 meum
475 1386 645 1451 discessum
666 1386 704 1447 iis
718 1386 861 1447 Pisonem
883 1387 984 1448 verbis
1003 1387 1085 1450 llens

58 1468 158 1527 mettm
172 1475 202 1527 et
214 1467 259 1527 rei
278 1467 416 1542 publicae
432 1486 537 1528 casum
551 1468 686 1542 vexavit,
704 1480 736 1530 ut
750 1469 833 1529 illum
849 1469 1000 1533 hominem
1015 1488 1085 1547 per-

9 1586 21 1637 ,π
58 1550 240 1611 ditissimum
264 1559 356 1625 atque
381 1550 674 1627 impudentissimum
700 1568 797 1627 paene
822 1532 1094 1648 iaml'prppipoiaep

11 1631 235 1709 ;·poeniteret.
273 1634 294 1695 6
335 1633 411 1717 [Cirr¹
423 1634 465 1709 igi
498 1651 519 1713 r¹
530 1634 628 1715 rogati
650 1634 687 1713 ni*
700 1635 821 1710 paruitt
834 1669 877 1681 -
895 1632 984 1713 Quasi
1005 1620 1104 1707 vbrd',

1 1793 4 1800 Ι
23 1760 26 1765 -
55 1716 108 1777 ille
122 1732 182 1776 non
197 1716 229 1777 in
243 1715 299 1799 ali·
337 1643 676 1793 bbbdbqu'e'gesss'rifds
690 1717 800 1778 iniusta
816 1728 936 1794 rogatas
951 1725 1084 1793 putaret,

17 1818 27 1827 ··
56 1797 116 1859 iam
131 1798 202 1861 anto*
216 1796 375 1860 iuraverit!
403 1802 469 1861 Non
486 1801 574 1861 offert
589 1818 623 1860 se
638 1801 687 1861 ille
703 1782 1015 1875 istis'temeritatibus,
1038 1811 1083 1874 ut,
1145 1874 1148 1881 Ι

1 1932 9 1950 ,.
22 1894 40 1949 f
57 1900 150 1957 quum
163 1883 209 1944 rei
244 1882 362 1944 ublicae
376 1883 449 1945 nihil
465 1884 574 1959 prosit,
592 1899 633 1943 se
643 1883 791 1955 civirem
807 1883 960 1959 publicam
972 1883 1083 1962 privet

56 1900 264 2047 ΟοιιειμίεφνὲθΙ
277 1984 370 2053 quum
392 1978 475 2053 esset
493 1967 668 2055 designatus
683 1944 820 2028 titilunus
834 1968 1085 2053 plebisbobtulit

54 2047 86 2111 in
101 2042 263 2110 discilrb'b'n
277 2038 368 2108 vllam
379 2038 670 2125 'suam·:''diriit“eam
685 2050 878 2125 sententianij
893 2044 975 2111 ''ciriu
1006 2050 1094 2130 invie-¹
1152 2104 1155 2127 Ι

52 2128 136 2193 ¹diam
154 2133 261 2208 capitis
278 2133 412 2207 periculo
431 2134 488 2194 sibi
511 2134 724 2207 praestandam
738 2132 977 2217 Videbaliliifl
992 2110 1104 2193 ''dllb‘ff
1153 2196 1156 2210 ¹

14 2244 18 2249 ·
56 2221 185 2273 menter:
215 2217 276 2288 egit
301 2217 422 2276 acriter:
451 2235 487 2277 ea
513 2216 724 2305 quaesensit,
750 2151 983 2291 praecordii:
1009 2218 1099 2289 dux‚·

43 2304 174 2366 ,auctam
200 2304 284 2357 actor
302 2315 402 2360 rerum
423 2299 540 2359 illarum
555 2286 631 2357 loru
650 2298 715 2359 ἠὅτι
727 2298 791 2374 bbo
809 2298 975 2373 periculum
993 2316 1083 2360 suum

55 2393 117 2437 non
135 2378 267 2453 videret,
292 2383 347 2440 sed
368 2383 399 2441 in
422 2391 501 2443 tanta
520 2381 564 2441 rei
585 2381 724 2456 publicae
742 2390 921 2456 tempestate
935 2381 1008 2443 nibil
1023 2380 1083 2442 sibi
1151 2366 1159 2479 ὁ

55 2459 115 2520 nisi
128 2460 166 2521 de
182 2462 296 2536 patriae
311 2464 454 2540 periculis
470 2464 663 2538 cogitandum
679 2464 810 2537 putabat.
856 2542 861 2549 Ι
1152 2500 1158 2551 l

76 2580 94 2596 -·
137 2545 240 2604 XXIX.
258 2545 308 2605 62.
332 2547 520 2608 Consecutus
536 2556 583 2607 est
599 2548 697 2622 ipsius
711 2546 889 2608 tribunatus.
929 2544 1007 2619 Quid
1023 2561 1081 2620 ego

55 2628 94 2687 de
109 2626 253 2702 singulari
268 2630 472 2704 magnitudine
489 2629 580 2689 animi
595 2630 661 2691 eius
676 2648 712 2690 ac
731 2632 770 2690 de
788 2628 956 2689 incredibili
971 2628 1082 2689 virtute

54 2710 176 2770 <licant
203 2711 382 2773 Meministis
403 2714 484 2773 illum
506 2713 600 2786 diem,
627 2732 718 2788 quum
733 2714 846 2788 templo
861 2730 880 2773 a
895 2713 1013 2786 collega
1029 2727 1082 2771 oe

55 2802 181 2868 capeto,
206 2795 295 2855 nobis
316 2796 456 2857 omnibus
474 2798 513 2856 de
529 2797 591 2856 vita
611 2798 676 2856 eius
691 2796 792 2857 viriet
807 2796 882 2856 civis
897 2795 1082 2866 timentibus,

53 2875 121 2949 ipse
133 2879 232 2937 animo
245 2879 408 2940 fortissimo
422 2878 546 2939 venitin
561 2880 702 2954 templum
714 2891 743 2941 et
753 2882 914 2939 clamorem
925 2876 1082 2938 hominum

54 2961 244 3033 auctoritate,
261 2961 406 3036 impetum
418 2961 624 3036 improborum
640 2963 747 3023 virtute
762 2961 889 3022 sedavit.
920 2960 1003 3031 Adiit
1018 2971 1082 3020 tum

54 3041 236 3116 periculum,
253 3046 309 3104 sed
323 3044 395 3104 adiit
408 3046 447 3106 ob
464 3063 530 3105 eam
546 3062 683 3117 causam,
699 3062 777 3119 quae
790 3053 903 3119 quanta
913 3042 1007 3103 'luerit
1020 3044 1082 3109 iarn

53 3120 126 3179 mibi
146 3125 246 3187 dicere
267 3144 328 3187 non
348 3136 396 3189 est
413 3144 553 3189 necesse.
574 3112 683 3193 'itt'si
702 3126 753 3188 isti
774 3127 903 3204 Cypriae
928 3125 1081 3200 rogationi

54 3206 307 3270 sceleratissimae
323 3228 384 3270 non
399 3210 566 3286 paruisset,
591 3211 730 3272 haereret
744 3208 796 3269 illa
811 3209 902 3271 nihilo
919 3208 1020 3269 minus
1033 3205 1081 3267 rei

53 3286 199 3360 publicae
207 3295 376 3366 turpitudo:
393 3311 487 3368 regno
501 3295 579 3353 enim
592 3293 651 3352 iam
667 3292 817 3368 publicato
830 3294 869 3352 de
883 3292 952 3368 ipso
965 3291 1081 3351 Catone

53 3380 118 3431 erat
133 3373 306 3434 nominatim
319 3384 468 3451 rogatum.
495 3376 583 3457 Quod
597 3375 688 3457 illo-si
701 3377 911 3451 repudiasset,
935 3373 1081 3435 dubitatis

53 3454 126 3528 quin
152 3454 180 3516 ei
201 3454 249 3516 vis
269 3467 353 3519 esset
374 3454 493 3535 adlataJ
512 3454 604 3535 ouum
626 3454 727 3519 omnia
749 3467 817 3520 acta
835 3457 916 3519 illius
931 3454 1003 3517 anni
1022 3470 1081 3531 per
