2340 3788
89 196 163 269 affl
246 192 991 261 alumnumalumnum
1021 224 1033 237 ·=

98 350 194 417 nine
209 347 317 411 uobis!
339 346 403 409 scd
416 342 649 429 quoquomodo
661 341 822 405 nooumm
837 340 964 419 egetis,
976 342 1115 407 dam-'reti

98 429 237 495 consiliis
260 430 373 504 uteris,
407 444 470 489 nou
491 434 598 505 potes,
619 423 698 485 milri
719 424 838 499 erede,
855 440 935 487 esce
961 426 1116 491 mamm

95 511 216 579 mentm
229 511 596 575 taumammimoavm
606 507 735 582 coniux,
755 518 849 583 quom
862 522 926 583 eso
943 508 1117 572 sinaeum

96 594 364 668 melia-dormibo,
387 591 513 655 nimium
527 592 624 653 debet
641 588 697 651 diu
714 588 831 667 populo
847 589 997 655 Romano
1016 591 1118 655 ιιιιιιιι

97 676 290 757 pandum.
305 676 405 739 nanu
413 674 711 753 pcpntmltomaum
720 672 763 733 ad
772 686 854 747 quoe
864 672 1119 749 subruemini

96 759 241 839 publicae
254 759 386 821 deluuz
400 756 456 835 qni
465 757 651 832 unicumque
659 762 810 817 terrarum
822 763 906 829 eune
919 754 967 819 ibi
981 764 1032 819 eat
1042 768 1119 819 onoc

31 860 34 865 ·
96 842 145 905 rei
159 840 301 919 publicae
313 840 501 917 prmeldium
516 841 567 901 vol
580 836 683 916 potino
694 836 832 913 lpsareo
844 836 990 915 publiea,
1005 843 1119 915 quoc'to

97 924 200 987 adhuc
219 930 336 985 tuntum
353 922 447 985 modu
467 924 532 985 ulta
549 930 616 993 eet,
634 920 773 981 nondum·
790 920 1003 997 recuperavit
1036 922 1119 983 ilaiit

99 1005 225 1085 quidem
246 1014 330 1069 certe
346 1020 399 1067 res
418 1004 542 1081 publica
553 1004 767 1065 adoloooontoe
779 1000 996 1099 nobilitanus
1009 1012 1119 1081 pardot

98 1088 292 1169 ιιιιιιιιοιιι
335 1088 432 1163 Quem
452 1089 572 1162 volent,
596 1084 641 1147 illi
664 1084 790 1160 edant,
815 1082 886 1147 ocio
916 1086 1119 1149 οοιιιιιιοιιιιι

98 1158 200 1235 tamon
213 1186 234 1231 a
249 1186 286 1232 re
297 1170 422 1249 publico
433 1170 667 1232 revocabuntur.
696 1166 737 1229 Et
747 1174 859 1229 nomen
872 1168 965 1243 pacis
980 1170 1071 1231 dulce
1081 1175 1121 1229 ιι

98 1252 152 1315 ct
143 1268 213 1329 lpse
226 1268 279 1315 ree
291 1252 448 1315 mutarim
464 1252 522 1313 sed
535 1248 962 1327 iuterpaoomotservitutem
971 1250 1122 1328 plurimun

96 1334 233 1399 interest.
273 1334 338 1395 Pu
361 1342 412 1395 eet
431 1332 756 1409 conquirentem,
783 1330 919 1395 mimo
942 1342 1120 1409 poam

29 1428 32 1433 ·
96 1418 247 1479 malorum
268 1414 417 1489 omnium,
437 1430 500 1475 uon
513 1414 607 1475 modo
622 1416 722 1489 beno,
742 1414 800 1476 ced
812 1422 912 1478 morte
926 1414 1021 1479 etiam
1034 1416 1120 1493 repul

75 1492 79 1501 '
96 1495 230 1559 budam.
263 1494 340 1559 114.
359 1496 493 1575 Quodsi
505 1512 542 1557 se
554 1497 642 1573 iptce
656 1495 700 1557 illi
714 1498 810 1561 nostri
822 1496 1009 1561 liberaum
1024 1512 1118 1560 econ

98 1586 208 1655 epoctu
233 1586 342 1641 nocuo
366 1580 570 1655 munierunt,
596 1587 629 1641 at
647 1581 823 1657 exemplum
841 1579 916 1643 loeti
932 1580 1120 1658 reliquerunt

96 1658 160 1735 illi,
181 1662 268 1737 quod
280 1678 371 1725 nemo
386 1661 514 1738 locoru,
530 1662 678 1727 lecerunt
710 1661 909 1739 Tarquinium
922 1663 1039 1727 Brutus
1050 1662 1120 1724 bello

99 1746 149 1807 ert
161 1754 360 1821 persecutore·
381 1745 435 1822 qui
447 1752 510 1809 tmn
525 1762 582 1807 rex
594 1744 660 1820 luit,
676 1760 771 1823 quum
784 1760 857 1807 cero
868 1746 990 1807 Romae
1005 1744 1120 1825 [reem]

98 1826 220 1890 licebat.
241 1826 295 1905 Sp.
311 1827 447 1901 mosius,
462 1828 519 1905 sp.
531 1827 675 1901 Μιοιίιιι,
688 1828 731 1888 il.
744 1828 875 1890 Mundus
889 1838 1020 1905 propter
1032 1826 1119 1905 auspi

100 1910 221 1971 cionem
244 1910 333 1987 regni
351 1910 517 1989 appetendi
537 1919 609 1973 eunt
627 1910 737 1973 necati
769 1910 809 1971 lli
822 1910 912 1986 primi
932 1928 1006 1973 eum
1024 1908 1121 1987 stacio

98 2008 162 2053 non
176 1993 207 2053 in
221 2008 348 2068 regnum
360 2001 570 2069 appetentem,
586 1994 643 2054 sed
658 1993 690 2053 in
702 2000 882 2069 regnantem
890 1996 1041 2071 impetum
1052 1996 1120 2054 leco

98 2084 178 2136 runt
202 2076 290 2150 Quod
303 2093 397 2151 quum
412 2074 512 2150 ipsum
530 2077 641 2137 iactum
656 2091 712 2150 per
724 2091 766 2137 se
772 2077 965 2151 praeclarum
981 2086 1031 2138 est
1041 2086 1121 2151 atquc
1138 2124 1147 2135 .

100 2156 235 2218 divinum
260 2166 321 2219 tum
346 2159 517 2234 expositum
545 2160 585 2219 ad
610 2156 800 2230 imitandum,
830 2158 1013 2232 praesertim
1041 2172 1120 2234 quun

99 2238 142 2297 illi
162 2255 229 2298 cam
249 2238 375 2314 gloriam
398 2243 555 2303 consecuti
575 2240 636 2302 sint
658 2256 737 2316 quac
757 2241 808 2300 vix
829 2242 915 2301 caelo
940 2244 1012 2316 capi
1038 2254 1121 2318 posce

98 2317 248 2380 videatur.
269 2321 334 2382 litei
348 2321 428 2383 enim
443 2322 517 2384 satis
531 2322 562 2382 in
576 2322 645 2399 ipsa
654 2321 842 2384 conscientia
853 2322 1052 2398 pulcherrimi
1062 2320 1121 2384 laeti

99 2401 216 2462 duetus
230 2411 309 2475 erat,
323 2411 424 2466 tamen
440 2405 559 2466 mortali
574 2406 825 2467 immortalitatem
841 2421 902 2467 non
917 2406 1052 2469 arbitror
1062 2419 1121 2468 esso

100 2487 364 2546 contemnendam.

161 2568 250 2627 XLV.
272 2566 343 2631 llo.
357 2570 533 2631 Recordare
548 2569 750 2646 igituruium,
764 2569 946 2643 M.Antoni‚
962 2570 1055 2647 diem,
1070 2585 1122 2647 quo

100 2647 278 2709 dictaturam
293 2651 452 2712 sustulisti
471 2653 555 2713 Pone
568 2663 639 2714 ante
654 2654 761 2714 oculos
775 2652 918 2714 laetitiam
933 2664 1063 2716 senatus
1076 2670 1123 2730 po·

98 2731 225 2806 polique
239 2734 383 2795 Romani
405 2736 511 2794 conler
530 2750 599 2796 curn
619 2734 708 2797 hac
700 2734 821 2795 rmmani
842 2733 1062 2798 nundinatione
1080 2746 1125 2796 tua

98 2819 297 2890 tuorumque:
318 2823 381 2877 tum
400 2815 550 2892 intelliges
572 2824 718 2893 quantum
737 2819 816 2880 inter
831 2819 947 2879 lucrum
964 2828 997 2880 et
1011 2821 1125 2880 laudem

28 2908 31 2913 ·
98 2892 226 2957 intersit
261 2897 324 2959 Sed
342 2897 496 2972 nimirum,
517 2907 552 2962 ut
571 2899 694 2975 quidam
713 2901 821 2961 morbo
842 2899 944 2974 aliquo
966 2910 999 2962 et
1019 2917 1126 2962 seusus

98 2982 225 3051 stupore
244 2979 424 3043 suavitatem
447 2945 505 3042 cib’i
525 2998 587 3043 nou
610 2985 755 3059 sentiunt,
778 2983 824 3045 sio
843 2982 1014 3057 libidinosi,
1038 2983 1127 3058 avari,

97 3058 264 3122 facinorosi
279 3079 373 3124 verae
385 3064 484 3124 laudis
498 3074 651 3139 gustatum
664 3083 726 3126 non
740 3067 861 3127 habent
895 3064 957 3125 Sed
974 3067 1003 3127 si
1021 3075 1050 3128 te
1065 3069 1127 3127 laus

96 3139 230 3203 adlicere
250 3145 291 3203 ad
312 3155 397 3208 recte
417 3147 589 3209 laciendum
608 3164 670 3209 non
693 3158 810 3225 potest,
832 3155 988 3210 namatus
1008 3149 1128 3225 quidem

96 3223 321 3286 aloedissimis
342 3228 430 3290 lactis
445 3238 548 3306 potest
563 3238 715 3293 avocaret
734 3231 850 3292 iudicia
863 3247 926 3293 non
940 3233 1063 3293 metuis
1097 3229 1128 3291 Si

96 3316 224 3382 propter
237 3308 455 3385 innocentiam,
475 3313 583 3374 laudo·
606 3311 653 3374 sin
669 3312 884 3390 proptervim,
901 3312 1127 3389 nenintelligie,

96 3385 151 3477 qui
172 3389 232 3453 isto
257 3391 351 3453 modo
374 3392 487 3455 iudicia
506 3411 569 3457 non
588 3396 706 3472 limem,
735 3398 764 3457 ei
785 3396 859 3472 quid
881 3398 1046 3459 amandum
1070 3397 1127 3459 sitl
