2340 3788
112 160 175 227 160
358 162 397 223 ΙΝ
412 162 444 220 L.
461 160 671 229 CATILINAM
684 159 825 223 ORATIO
841 163 892 220 lv.

111 315 160 377 cio
176 313 309 374 levando
323 328 358 372 se
372 311 485 373 iactare
498 319 532 373 et
545 309 577 373 in
594 309 758 386 perniciem
778 312 885 387 populi
899 314 1032 375 Romani
1052 324 1140 390 post·

108 396 333 472 ltacpopnlaris
344 411 415 456 esse
426 395 540 470 possit:
550 393 686 470 adiungit
695 394 783 455 etiam
794 394 1030 470 publicationem
1041 396 1140 460 bono·

108 488 233 551 rumnut
247 494 354 540 omncs
369 477 461 539 animi
474 478 626 539 cruciatus
642 486 673 539 et
688 477 828 555 corporis
849 478 939 539 etiam
953 487 1079 555 egestas
1102 498 1141 542 ae

109 561 289 624 mendicitas
306 569 522 637 consequatur.

192 646 244 705 Vl.
273 643 323 708 11.
353 645 595 719 Quamobrem,
621 643 687 704 sive
700 644 766 705 *hoc
782 643 964 719 statueritis,
989 644 1139 708 dederitis

108 728 180 789 mihi
201 728 340 790 comitem
353 729 398 788 >ad
412 728 585 790 contionem
602 729 718 803 populo
733 738 837 789 aarum
851 735 944 803 atque
960 727 1138 803 iucundum,

108 813 175 875 sive
192 811 287 874 Silani
302 810 480 873 sententiam
496 811 587 886 sequi
601 809 781 885 malueritis,
797 811 885 872 facile
905 827 955 872 me
969 818 1064 887 atque
1079 829 1138 873 vos

108 895 293 958 crudelitatis
314 894 535 969 vituperatione
557 893 664 969 populi
688 891 817 955 Romani
841 895 1017 968 exsolvam,
1046 903 1140 971 atque

109 978 251 1040 obtinebo
284 977 468 1041 eam-,multo
489 976 637 1057 leniorem
660 976 766 1037 luisse.
803 976 1008 1053 Quamquam,
1035 987 1141 1053 patres

108 1060 283 1136 conscripti,
301 1076 380 1135 quae
394 1068 582 1134 potestesse
596 1058 627 1119 in
642 1059 715 1119 tanti
737 1062 861 1120 sceleris
876 1059 1068 1121 immanitate
1082 1078 1139 1137 pu·

107 1145 219 1206 nienda
235 1143 419 1203 crudelitas?
448 1143 513 1217 Ego
531 1142 609 1201 enim
624 1142 663 1202 de
676 1159 744 1203 mco
760 1159 855 1204 sensu
868 1141 983 1207 iudico.
1005 1143 1080 1204 Nam
1098 1143 1141 1203 ita

107 1227 179 1287 rnihi
195 1228 280 1287 salva
296 1241 330 1285 re
347 1223 470 1300 publica
483 1226 644 1287 vobiscum
659 1225 775 1301 perfrui
794 1227 898 1299 liceat,
913 1235 948 1288 ut
959 1243 1037 1302 ego,
1054 1229 1139 1302 quod

108 1310 140 1371 in
157 1309 215 1368 hac
230 1325 329 1369 causa
341 1308 549 1369 vehementior
566 1324 641 1380 sum,
662 1326 723 1369 non
735 1309 892 1385 atrocitate
906 1308 999 1370 animi
1012 1326 1140 1370 moveor

107 1425 151 1438 -
165 1389 235 1466 quis
247 1399 294 1451 est
308 1390 388 1450 enim
401 1408 450 1451 me
464 1391 585 1451 mitior?
600 1390 648 1464 -—',
663 1391 872 1467 sedsingulari
888 1393 1020 1467 quadam
1033 1393 1139 1455 liuma-

109 1475 203 1536 nitate
219 1481 250 1534 et
261 1473 479 1535 misericordia.
497 1474 613 1535 Videor
627 1473 705 1534 euim
720 1475 792 1535 mihi
806 1475 912 1535 videre
926 1475 1004 1535 hanc
1020 1476 1137 1548 urbem,

108 1559 208 1620 lucem
225 1556 308 1618 orbis
329 1564 476 1619 terrarum
491 1565 584 1633 atque
596 1574 697 1618 arcem
712 1557 845 1619 omnium
865 1557 1012 1634 gentium,
1035 1558 1137 1619 subito

106 1656 169 1702 uno
192 1640 334 1701 incendio
357 1640 584 1718 concidentemz
608 1656 701 1702 cerno
721 1641 822 1703 animo
845 1644 964 1718 sepulta
985 1640 1017 1703 iu
1037 1640 1139 1716 patria

106 1723 237 1785 miseros
251 1732 342 1799 atque
357 1723 529 1799 insepultos
545 1740 673 1786 acervos
689 1723 816 1789 civium:
833 1732 971 1787 versatur
985 1722 1137 1785 mihiante

107 1808 217 1869 oculos
237 1815 381 1883 aspectus
398 1807 521 1883 Cethegi
536 1815 567 1867 et
580 1809 665 1869 furor
678 1807 709 1867 in
723 1816 825 1870 vestra
840 1808 936 1868 caede
949 1806 1138 1868 bacchantis.

107 1891 157 1955 ta.
187 1889 283 1964 Quum
305 1907 377 1951 vero
400 1889 471 1951 milri
493 1890 643 1967 proposui
661 1899 839 1965 regnantem
859 1890 1036 1963 Lentulum,
1059 1890 1140 1950 sicut

106 1974 176 2050 ipse
191 1989 230 2034 ex
241 1973 311 2034 latis
323 1990 358 2035 se
370 1990 515 2048 sperasse
528 1976 691 2034 corriessus
703 1983 757 2044 est,
771 1984 970 2049 purpuratum
981 1989 1053 2034 esse
1066 1973 1138 2050 huie

108 2057 282 2128 Gabinium,
300 2073 367 2116 eum
383 2059 519 2118 exercitu
537 2056 659 2117 venisse
675 2056 845 2131 Catilinam,
865 2066 929 2118 tum
949 2056 1138 2117 lamentatio·

107 2155 177 2199 nem
190 2148 316 2199 matrum
334 2139 478 2212 familias,
499 2150 560 2200 tum
581 2141 682 2214 lugam
696 2139 846 2215 virginum
868 2148 959 2215 atque
974 2156 1139 2215 puerorum

108 2237 144 2282 ac
157 2222 351 2281 vexationem
366 2222 516 2297 virginum
523 2222 692 2283 Vestalium
698 2223 912 2297 perhorresco,
929 2232 967 2297 et,
984 2223 1056 2299 quia
1066 2222 1139 2282 mihi

108 2303 305 2364 vehementer
320 2305 396 2364 haec
419 2305 559 2366 videntur
574 2305 687 2366 misera
701 2313 793 2380 atque
810 2307 1000 2377 miseranda,
1021 2305 1137 2365 idcirco

108 2388 138 2446 in
155 2403 219 2458 eos,
235 2385 337 2460 quiea
350 2388 499 2461 perficere
513 2390 684 2461 voluerunt,
696 2404 744 2448 me
760 2407 901 2450 severum
912 2389 1138 2450 vehementem-

108 2486 168 2546 que
185 2471 329 2545 praebeo.
368 2471 486 2531 Etenim
502 2488 632 2546 quaero,
653 2471 680 2532 si
696 2471 765 2548 quis
776 2481 863 2549 pater
875 2471 1018 2545 familias,
1033 2471 1138 2531 liberis

108 2554 175 2616 suis
192 2571 211 2614 a
226 2569 316 2614 servo
331 2552 507 2629 interiectis,
523 2570 621 2615 uxore
635 2554 747 2628 occisa,
765 2555 891 2616 incensa
907 2556 1007 2629 domo,
1021 2553 1138 2630 suppli·

108 2638 186 2699 cium
200 2638 240 2697 de
261 2653 350 2697 servo
367 2653 428 2695 non
450 2656 541 2713 quam
556 2638 787 2698 acerbissimum
802 2637 981 2714 sumpserit,
995 2647 1095 2698 utrum
1111 2637 1137 2697 is

108 2723 241 2782 clemens
256 2736 293 2780 ac
310 2717 484 2781 misericors
505 2739 544 2782 an
562 2720 830 2782 inhumanissimus
854 2730 884 2782 ct
907 2720 1137 2783 crudelissimus

108 2822 179 2865 esse
194 2803 354 2864 videatur?
393 2803 466 2862 Mihi
486 2805 765 2878 veroimportunus
780 2821 816 2865 ac
838 2806 971 2877 ferrem,
1002 2803 1056 2880 qui
1075 2820 1138 2864 non

108 2888 214 2947 dolore
229 2895 259 2946 et
276 2886 410 2947 cruciatu
433 2888 572 2949 nocentis
589 2904 677 2947 suum
693 2889 829 2949 dolorem
851 2887 1081 2962 cruciatumque
1095 2889 1138 2946 le-

109 2968 204 3030 nierit.
241 2969 291 3031 Sic
307 2987 364 3031 nos
382 2971 412 3030 in
427 2971 475 3033 his
491 2970 674 3044 hominibus
692 2970 744 3046 qui
759 2989 826 3046 nos,
843 2973 895 3048 qui
911 2970 1069 3045 coniuges
1086 2969 1139 3046 qui

109 3050 221 3111 liberos
235 3063 358 3115 nostros
370 3054 522 3116 trucidare
532 3055 701 3127 voluerunt,
718 3055 770 3131 qui
786 3056 921 3131 singulas
933 3055 1023 3115 unius
1036 3053 1138 3114 cuius-

110 3147 170 3205 que
183 3143 319 3214 nostrum
336 3138 445 3198 domos
468 3148 497 3199 et
513 3139 572 3198 hoc
586 3137 764 3198 universum
786 3140 830 3198 rei
849 3136 991 3214 publicae
1011 3136 1139 3197 domici·

107 3215 180 3275 lium
195 3216 297 3276 delere
313 3221 413 3280 conati
427 3230 511 3295 sunt,
531 3220 627 3296 quiid
642 3230 784 3296 egerunt,
809 3229 979 3296 uigentem
995 3222 1138 3281 Allobro-

109 3315 178 3374 gum
193 3297 224 3357 in
239 3301 374 3374 vestigiis
385 3304 474 3365 huius
488 3303 572 3373 urbis
584 3313 676 3378 atque
690 3305 721 3363 in
736 3306 836 3365 cinere
847 3302 1007 3379 deflagrati
1018 3302 1140 3379 imperii

108 3383 309 3455 collocarent,
325 3383 351 3442 si
365 3386 622 3448 vehementissimi
637 3387 797 3462 fuerimus,
812 3385 1027 3450 misericordes
1043 3388 1138 3448 habe
