2340 3788
63 184 159 271 eto
237 226 240 233 -
344 180 441 245 ruo
455 180 513 247 on.
526 178 688 241 umento
702 178 906 274 omnmo.x

111 382 114 387 -
133 334 137 341 ’
154 331 439 408 mel-Quaeris
451 327 1040 409 setam..intoremis,qoioimneinibm
1053 330 1127 408 luia,
1169 391 1170 398 ,

94 418 170 496 quid
188 416 383 479 ornatissimo
401 425 499 493 atque·
518 414 633 490 optime
651 413 733 486 viru,
748 412 826 489 patei
840 421 909 487 tuo,
926 415 1127 489 respondeat

94 509 223 565 mortuo.
242 546 245 551 .
265 496 576 571 Noli-istauraditari,
589 506 683 573 atque
696 496 772 557 illati
784 512 861 557 sare
875 497 997 574 potius,
1018 514 1062 559 ne
1078 509 1129 563 tue

93 587 157 647 tetn
173 580 300 660 querela
314 583 465 657 moruus
479 580 590 641 muriae
603 581 644 641 ab
658 580 720 642 illis
732 579 968 655 sapientissimis
983 580 1065 643 viris
1082 598 1127 647 re·

33 738 36 743 ,
93 666 310 747 premndottu.
350 665 435 727 vidit
454 663 533 725 onitu
548 672 635 739 parer
650 672 720 725 tneo
733 662 868 738 appion
881 662 1056 737 caudium
1074 683 1129 729 uo

92 750 274 813 biliseiruuat
286 748 455 821 bominem,
475 747 546 807 vieo
562 755 648 823 patre
661 762 729 821 nuo,
740 744 953 821 ,potentissimo
972 755 1007 809 ot
1020 749 1130 811 oleris·

94 834 174 895 simo
186 831 313 905 sisino.
330 829 621 903 ebodio,;aooiiem
639 846 701 891 non
724 830 922 895 eesoioetum
936 838 968 890 et
981 833 1130 895 enuntiem

57 952 60 957 ·
94 917 162 979 siue
173 916 310 991 -r'epulse
321 914 435 975 boiam
447 928 520 979 esse
532 914 707 977 nouantem
725 911 800 973 uidit
817 911 972 973 bominem
985 913 1053 975 sibi
1066 932 1129 977 ree·

91 998 176 1063 xiim
188 997 398 1071 oooiunotnm,
422 996 578 1073 egregium
598 996 710 1069 virum,
728 995 763 1055 L.
777 995 965 1070 volentium,
987 996 1070 1060 vidit
1088 998 1130 1059 Μ.

92 1081 321 1159 Pheneumiota
334 1078 366 1141 in
379 1080 544 1153 aedilitate,
560 1078 785 1141 offensiuooula
795 1084 933 1153 meopte,
943 1082 1097 1143 summos
1110 1097 1130 1143 a

92 1167 209 1243 populo
223 1164 361 1225 Romano
383 1178 456 1224 esee
475 1162 609 1225 bonores
627 1162 768 1238 adeptos.
809 1164 899 1222 Avus
919 1178 995 1224 vero
1010 1173 1084 1227 urus
1097 1172 1130 1227 et

91 1248 125 1309 P.
135 1247 264 1309 nonime
278 1245 333 1306 tibi
345 1244 515 1306 aediliciam
530 1245 720 1321 praedieanei
731 1246 895 1320 repulsam,
911 1262 974 1320 quo
990 1246 1065 1308 eive
1074 1264 1130 1309 no·

11 1326 14 1331 '
93 1330 205 1403 minem
223 1344 283 1403 ege
305 1337 405 1389 stetim
418 1327 525 1405 iubae
542 1344 578 1388 re
596 1329 718 1404 publicu
736 1327 907 1401 fortiorem,
926 1336 959 1389 et
978 1328 1014 1389 c.
1029 1330 1129 1406 Marii,

50 1428 53 1433 ·
93 1413 149 1490 qni
160 1412 281 1473 duobus
295 1410 498 1471 aedilitatibus
509 1412 653 1486 repulsae
666 1411 805 1486 septiens
818 1412 928 1471 eonsul
948 1420 997 1473 est
1014 1413 1128 1487 famas,

53 1530 63 1539 ·
93 1505 127 1557 et
136 1495 171 1555 L.
182 1492 333 1567 mamis,
348 1492 403 1555 (lo.
414 1492 540 1567 boterii,
552 1494 595 1554 Μ.
607 1494 709 1555 inibit
723 1509 805 1567 onos
820 1509 926 1554 omnes
939 1493 1062 1557 seimon
1077 1512 1129 1559 ao

93 1576 210 1639 uilitate
231 1575 410 1652 praeteritos
430 1577 575 1639 eonsules
587 1592 660 1641 esse
674 1579 782 1638 laetos.
824 1575 877 1638 ὀὶ.
892 1577 956 1637 Sed
970 1577 1053 1653 qnid
1068 1595 1129 1655 eso

94 1658 253 1721 eedilioins
267 1661 417 1735 repulsos
437 1659 569 1737 eolbgoi
588 1676 669 1737 quae
691 1675 787 1735 saepe
804 1659 872 1721 eius
895 1660 982 1721 modi
1000 1660 1130 1725 habitae

93 1750 179 1816 eunt,
193 1752 228 1805 ut
239 1742 294 1818 iis,
309 1741 360 1818 nui
374 1743 529 1819 pmoteriti
545 1754 664 1817 essent,
691 1743 823 1819 benigne
841 1761 861 1804 a
876 1745 993 1819 popolo
1008 1746 1129 1807 leobino

37 1878 41 1887 .
94 1826 256 1889 videretur.
296 1826 447 1889 Tribunus
460 1827 586 1889 militum
597 1829 631 1889 1.
645 1826 812 1905 Phiiippus,
831 1842 948 1888 summo
963 1826 1129 1891 nobilitate

41 1972 47 1986 Ι
94 1909 322 1986 et-eloquentia,
336 1920 482 1985 quaestor
497 1911 529 1971 c.
541 1912 671 1986 coelus,
687 1910 875 1971 clarissimus
889 1926 926 1970 ao
937 1909 1129 1975 tutissimos

92 1992 292 2066 adolesoem,
311 1993 423 2055 tribuni
442 1993 544 2070 plebis
554 1995 586 2053 P.
601 1994 730 2056 Rutilios
744 1994 857 2066 Rufus,
876 1993 908 2052 C.
922 1991 1071 2066 Fimbria,
1094 1995 1129 2055 C.

94 2077 234 2148 cassius,
250 2078 301 2137 cn.
317 2075 441 2139 Orestes
455 2076 527 2138 santi
541 2093 600 2138 non
617 2086 701 2139 sunt=
717 2093 796 2152 quos
812 2085 913 2136 tomen
928 2091 1036 2136 onmes
1052 2093 1130 2137 nou-

94 2161 177 2220 enles
200 2160 315 2221 seimus
337 2161 436 2221 laotos
456 2177 536 2220 esee.
580 2161 663 2234 Quae
678 2161 732 2220 tibi
746 2161 823 2220 ultro
842 2168 929 2234 pater
942 2168 972 2220 et
986 2159 1127 2222 melones

92 2241 135 2303 tui
151 2258 211 2301 uon
224 2243 404 2303 consolandi
424 2243 467 2303 tui
486 2244 582 2318 gratia
595 2245 704 2316 dicent,
720 2260 820 2318 neque
836 2260 909 2303 vero
927 2259 989 2317 quo
999 2251 1031 2303 te
1050 2242 1127 2305 libe·

92 2332 160 2385 reut
172 2324 277 2398 alique
286 2328 386 2399 eulpa,
404 2342 493 2402 quam
503 2335 535 2386 tu
544 2328 670 2401 vereris,
684 2343 724 2386 no
738 2336 798 2387 ete
814 2336 959 2400 suscepta
973 2326 1125 2398 videatur,

37 2450 41 2457 ,
94 2406 150 2468 sed
171 2415 204 2467 ut
225 2415 254 2468 te
277 2409 317 2468 ad
336 2407 427 2469 istum
441 2426 563 2470 sursum
579 2411 754 2482 tenendum,
769 2426 860 2484 quern
877 2426 896 2468 a
911 2410 1010 2484 prima
1023 2418 1129 2486 aetete

94 2488 270 2564 suscepisti,
285 2490 486 2553 cohortentur.
522 2492 600 2553 Nihil
612 2502 660 2554 est
673 2493 761 2563 enim,
778 2492 849 2552 mihi
864 2492 965 2562 erede,
979 2492 1126 2554 Lateren-

37 2639 39 2642 Α
92 2572 147 2644 sis,
159 2574 200 2635 de
212 2574 536 2650 tedetraotutndieo,si
552 2577 723 2637 mehercule
738 2575 899 2650 verequod
910 2574 1021 2635 oceidit
1032 2575 1128 2637 intei-

91 2656 204 2732 pretori
228 2658 320 2732 velis,
340 2668 389 2720 est
409 2659 523 2733 aliquio
543 2659 632 2720 etiem
653 2661 692 2720 de
713 2660 821 2720 virtute
842 2657 1048 2734 significatum
1063 2668 1128 2721 tue.

90 2739 182 2801 xxti.
202 2740 269 2800 Noli
293 2740 373 2804 enim
393 2741 568 2802 existimare
590 2759 650 2803 nou
674 2759 815 2817 maguum
831 2741 993 2816 quemdam
1007 2751 1129 2803 motum

55 2878 57 2883 s
90 2824 190 2889 tuisse
203 2823 285 2885 illios
299 2822 453 2898 petitionis
467 2832 552 2896 tune,
566 2827 607 2886 de
621 2842 682 2900 qua
698 2842 736 2885 ne
753 2824 869 2901 aliquid
890 2825 1009 2885 iurares
1027 2825 1128 2886 doeti-

91 2904 163 2969 inu.
199 2904 396 2968 Denuueiesti
415 2906 508 2968 homo
522 2909 707 2970 adolescens
725 2909 854 2984 quidde
871 2906 1054 2969 summersi
1071 2925 1129 2981 pu·

91 2986 190 3051 bimo
203 2991 349 3053 sentirem
360 2990 469 3052 lortius
482 3001 515 3053 tu
530 2993 653 3066 quidem
667 3008 757 3068 quom
770 2992 910 3053 nonnulli
923 2991 1060 3051 defuncti
1072 2991 1128 3052 bo·

90 3069 232 3143 notibus,
254 3076 311 3135 sed
331 3073 467 3149 apertius
487 3092 579 3150 quant
601 3078 650 3136 vei
669 3074 842 3136 ambitionis
862 3072 1034 3134 veluntatis
1054 3082 1128 3135 tuae

90 3149 169 3215 reno
181 3157 362 3228 postulabat.
386 3155 544 3231 boboam
556 3160 671 3220 obrem
686 3159 715 3218 in
729 3156 1053 3232 ·oissentientepoputo
1063 3155 1129 3217 noli

90 3241 201 3311 putare
213 3239 312 3299 nullos
325 3239 561 3314 tuissoouomm
575 3241 693 3303 animos
706 3249 777 3302 tuus
788 3241 838 3301 ille
848 3240 935 3302 tortis
946 3239 1068 3300 enimus
1081 3239 1128 3301 oi·

91 3318 244 3385 {moereo
258 3319 311 3394 qui
322 3322 509 3385 teineautum
520 3325 650 3385 fortasse
661 3338 741 3384 nune
756 3331 809 3385 too
815 3324 883 3385 looo
891 3325 1059 3385 demovere
1068 3338 1128 3397 po-
