2340 3788
79 201 101 265 0
232 198 304 259 PRO
327 198 409 258 sltx.
430 196 566 271 Roscio
588 196 760 257 AMERINO
783 195 933 294 ORATIO.
964 269 969 277 ι

80 349 162 411 scius
176 346 419 419 essctnmariaa
432 347 464 406 Τ.
476 354 577 407 autam
588 345 647 407 iste
657 346 924 408 RoscinsRomac=
941 365 1036 423 quum

79 431 160 493 illios
180 429 330 491 adsiduus
351 429 384 489 iu
405 427 538 505 praediis
552 437 636 491 esset
651 445 804 505 quumque
825 445 859 489 se
873 430 1031 492 voluntate

79 514 133 575 tris
153 512 198 573 rei
216 511 354 572 familiari
370 511 510 586 vitaeque
530 511 664 572 rusticae
679 510 830 584 dedisset,
846 509 905 573 iste
918 521 1021 575 autern

80 613 179 672 quens
195 597 311 656 Itomae
327 603 425 668 esset,
447 593 594 655 occiditur
614 595 656 654 ad
667 595 792 655 balneas
806 592 957 657 Palatinas
972 597 1038 658 redi

80 694 98 737 a
115 693 211 739 coena
233 677 304 737 Sex.
317 676 459 739 Roscius.
494 675 590 752 Spero
606 693 646 736 ex
660 677 719 737 hoc
732 675 801 751 ipso
819 693 879 739 non
897 693 969 739 esse
986 680 1038 739 obs

78 778 145 823 rum
165 761 205 821 ad
229 777 319 836 quern
335 758 469 835 suspicio
489 757 629 819 maleficii
648 758 809 834 pertineat:
830 776 936 819 verum
949 759 997 833 id,
1014 779 1038 837 q

74 843 187 911 adhuc
212 851 260 904 est
291 840 516 919 suspiciosum,
548 840 608 901 nisi
635 840 830 916 perspicuum
866 859 917 902 res
950 842 1023 918 ipsa

80 926 169 998 cern,
193 925 274 986 hunc
302 925 433 986 adfinem
463 923 570 998 culpae
593 921 764 984 iudicatote.
807 923 857 985 19.
889 923 999 986 Occiso
1026 924 1038 986 f

77 1008 191 1079 Roscio
216 1007 331 1083 primus
347 1003 499 1067 Ameriam
524 1003 645 1066 nunciat
664 1005 785 1067 Mallius
812 1006 937 1067 Glaucia
964 1007 1039 1083 quid

78 1093 169 1153 homo
190 1087 304 1161 tenuis,
330 1086 501 1162 libertinae,
527 1089 622 1148 cliens
647 1095 677 1149 et
701 1087 854 1149 familiaris
875 1088 964 1150 istius
985 1091 1017 1149 T.
1037 1144 1038 1149 ,

79 1174 149 1246 scii,
171 1181 201 1232 et
222 1170 343 1240 nunciat
359 1171 481 1231 domum
503 1187 564 1231 non
585 1168 653 1242 filii,
675 1172 732 1231 sed
745 1171 777 1229 T.
794 1171 948 1246 Capitonis
967 1170 1038 1233 inim

79 1266 108 1318 et
129 1271 221 1331 quum
240 1259 312 1329 post
334 1252 439 1314 horam
463 1251 590 1329 primam
608 1252 707 1314 noctis
730 1253 852 1314 occisus
878 1262 976 1329 essct,
998 1273 1038 1331 pr

78 1338 210 1399 diluculo
232 1334 359 1397 nuncius
380 1335 429 1397 hic
451 1336 601 1399 Ameriam
623 1336 718 1397 venit:
747 1337 853 1396 decem
872 1335 956 1398 horis
976 1355 1035 1399 noc

78 1420 125 1480 nis
149 1435 207 1480 sex
236 1427 266 1479 et
292 1417 508 1495 quinquaginta
532 1417 614 1479 milia
636 1434 784 1513 passuum
808 1417 892 1479 cisiis
916 1422 1038 1495 pervola

77 1519 139 1563 non
161 1502 251 1562 modo
273 1509 307 1563 ut
325 1509 501 1577 exoptatum
520 1500 653 1562 inimico
662 1500 805 1562 nuncium
823 1501 939 1596 primus
954 1502 1038 1563 adfer

78 1585 134 1645 sed
161 1584 250 1645 etiam
271 1600 409 1645 cruorem
435 1583 548 1644 inimici
571 1600 661 1659 quam
680 1582 954 1667 recentissimumt
942 1585 1038 1647 telum

76 1646 179 1743 paullo
193 1675 262 1728 ante
279 1683 297 1727 e
311 1682 440 1742 corpore
454 1674 620 1728 extractum
634 1668 816 1727 ostenderet
844 1666 895 1729 20.
912 1667 1038 1742 Quadrid

78 1768 138 1825 quo
153 1750 228 1811 haec
242 1756 424 1826 gastasalt,
438 1767 488 1811 res
499 1751 539 1810 ad
550 1749 826 1846 Chrysogonnmrn
838 1750 979 1811 castraL
992 1748 1038 1810 Su

75 1832 252 1895 Volaterras
266 1834 413 1895 defertur:
432 1833 607 1909 magnitudo
620 1832 769 1909 pecuniae
783 1833 1019 1893 demonstratur.

77 1916 154 1978 nitas
169 1915 361 1993 praediorum
375 1950 418 1962 —
433 1934 503 1977 nam
517 1917 628 1977 fundos
643 1914 749 1976 decem
764 1923 794 1976 et
809 1923 871 1978 tres
888 1916 1024 1991 reliquit,

77 1999 206 2061 Tiberim
231 2000 294 2061 fere
320 2016 425 2061 omnes
449 2007 634 2074 tangunt—
640 1996 760 2069 ‚huius
785 1996 890 2073 inopia
909 2007 940 2060 et
960 1998 1038 2060 soliti

77 2089 341 2143 commemoratur:
369 2083 590 2153 demonstrant,
606 2097 698 2155 quum
710 2088 761 2155 pa
762 2097 795 2141 er
750 2081 935 2142 hmusce
947 2079 1038 2142 Sex

77 2161 160 2256 scios
183 2163 273 2225 homo
295 2171 356 2224 tarn
376 2163 555 2238 splendidus
578 2170 608 2222 et
630 2162 782 2237 gratiosus
802 2165 884 2225 nullo
905 2163 1036 2260 negocio

77 2240 217 2316 occisus,
240 2245 384 2318 perfacile
403 2245 483 2306 hunc
503 2245 655 2306 hominem
674 2245 827 2308 incautum
850 2255 880 2307 et
897 2246 1038 2309 rusticum

75 2329 190 2388 Romae
209 2329 344 2402 ignotum
367 2328 405 2388 de
426 2326 525 2390 medio
541 2328 604 2389 tolli
618 2344 729 2403 posse·
751 2330 791 2390 ad
805 2345 873 2389 eom
889 2346 953 2390 rem
969 2347 1038 2405 oper

27 2436 36 2454 ·
77 2425 164 2471 suam
183 2408 372 2484 pollicentur.
400 2411 444 2470 Ne
459 2410 597 2472 diutiust
585 2419 719 2483 teneam,
733 2409 866 2485 iudices,
883 2411 1038 2474 societas<

75 2501 132 2555 tur.
172 2492 250 2551 VIII.
269 2491 319 2555 21.
347 2493 444 2568 Quum
459 2493 518 2553 iarn
531 2492 765 2570 proscriptionis
778 2495 890 2573 mentio
903 2493 986 2555 nulla
1000 2496 1038 2556 lie

76 2592 169 2652 quum
188 2576 278 2637 etiam
300 2575 352 2650 qui
373 2583 462 2636 antea
482 2584 649 2638 metuerant
661 2576 795 2637 redirent
809 2593 845 2637 ac
859 2576 918 2637 iam
933 2578 1038 2640 defun(

76 2676 146 2721 sese
159 2656 303 2735 periculis
317 2657 546 2733 arbitrarentur,
560 2676 671 2721 nornen
684 2660 812 2721 retertur
825 2659 855 2719 in
872 2659 989 2721 tabulas
1008 2660 1038 2721 S<

74 2740 195 2816 Roscii,
210 2740 342 2804 hominis
359 2739 577 2803 studiosissimi
592 2739 769 2803 nobilitatis:
790 2759 936 2818 manceps
951 2743 985 2803 fit
1000 2744 1038 2804 ch

75 2839 226 2897 sogonusz
251 2825 308 2886 tria
323 2823 450 2900 praedia
464 2825 511 2884 vel
528 2823 718 2885 nobilissima
730 2823 866 2901 Capitoni
886 2825 1013 2901 propria
1035 2842 1038 2880 f

74 2906 198 2981 duntur,
215 2925 294 2982 quae
307 2907 399 2969 hodie
409 2905 564 2982 possidet:
579 2907 610 2969 in
623 2904 758 2982 reliquas
770 2924 876 2969 omnes
888 2909 1024 2969 fortunas
1036 2911 1038 2967 i

73 2988 106 3047 T.
127 2987 259 3051 Roscius
280 2992 402 3053 nonrine
422 2990 627 3068 Chrysogoni,
652 2990 904 3067 quemadmodum
925 2990 1038 3066 ipsodr'

73 3069 218 3145 impeturn
232 3071 312 3133 facit.
344 3074 428 3136 Haec
440 3072 523 3134 bona
533 3080 672 3145 emuntur
687 3073 808 3134 duobus
823 3073 943 3135 milibus
958 3091 1038 3134 numr

72 3151 155 3215 Haec
176 3152 292 3227 omnia,
311 3153 443 3228 iudices,
465 3154 656 3230 imprudente
673 3154 706 3213 L.
724 3154 808 3216 Sulla
824 3156 905 3217 facta
922 3172 992 3217 esse
1008 3172 1038 3217 cr

72 3234 148 3296 scio.
192 3231 242 3297 22.
262 3235 368 3311 Neque
389 3239 468 3300 enirn
482 3237 604 3310 mirum,
628 3252 720 3313 quum
735 3239 844 3298 eodem
859 3247 994 3314 tempore
1009 3248 1038 3300 et

75 3334 153 3390 quae
173 3317 335 3394 praeterita
351 3329 420 3381 sunt
439 3329 469 3381 et
486 3337 523 3380 ea
539 3336 617 3394 quae
633 3319 772 3381 videntur
787 3319 901 3381 instare
919 3337 1038 3397 praepa

74 3414 166 3475 quum
185 3409 215 3465 et
233 3401 320 3479 pacis
342 3403 570 3466 constituendae
590 3400 737 3464 rationem
759 3410 789 3465 et
806 3402 879 3465 belli
895 3404 1038 3478 gerendi¹
