2340 3788
21 348 34 362 Ἷ

10 376 28 387 ι-

39 58 44 73 t

12 94 33 139 h

10 181 34 222 fl

10 264 34 305 E

10 347 34 385 'a

10 428 34 469 lt·

12 462 45 615 ⁸*

10 592 45 653 ”A

12 680 31 713 u·

10 743 29 795 Ε

14 838 28 877 C

293 296 297 305 ·
355 263 397 344 rt.
428 263 564 345 runnu
589 245 800 345 nunaunt

96 405 144 547 III
179 405 224 519 l.
262 402 584 498 CATILINAM
624 402 836 520 IIIIAIII)
879 403 1059 499 PRIMA

376 561 418 641 IN
438 560 596 644 SENATII
623 562 780 643 HABITA.

369 984 818 1047 ARGUMENTUM.‘

129 1085 161 1136 L.
180 1082 284 1148 Sergius
304 1083 417 1148 Catilina,
434 1085 511 1136 harno
528 1087 630 1150 patricii
647 1087 758 1151 generis,
774 1099 865 1150 megae
883 1087 908 1135 vi
926 1093 952 1133 et
967 1085 1045 1151 animi
1060 1092 1086 1135 et

68 1153 187 1218 ccrparIs,
206 1153 251 1202 sed
261 1154 362 1218 ingenia
380 1154 445 1204 male
460 1153 598 1218 pravaque,
615 1155 766 1218 praetorius,
786 1154 830 1216 qui
846 1154 897 1202 iam
912 1168 936 1204 a.
951 1168 977 1202 u.
990 1169 1012 1204 c.
1023 1150 1084 1206 689.

66 1221 166 1272 caedem
189 1221 319 1275 consulum
340 1221 423 1271 iacere
445 1236 524 1283 eaque
548 1221 616 1271 iacta
633 1236 716 1270 rerum
735 1222 812 1285 potiri
830 1223 1006 1286 constituerat,
1023 1236 1084 1271 casu

64 1298 145 1340 autem
164 1303 180 1338 a
196 1289 299 1339 consili0
317 1289 478 1352 exsequendo
496 1288 636 1351 prohibitus
652 1298 719 1348 erat,
739 1288 826 1337 ascitis
842 1289 876 1338 ad
894 1287 1027 1338 carrallium
1046 1291 1085 1338 rei

64 1359 181 1424 publicas
199 1357 380 1420 opprimendae
396 1355 540 1406 haminibus
556 1357 636 1405 omnis
648 1356 748 1420 generis
758 1356 935 1420 perditissimis
949 1362 1025 1417 atque
1040 1371 1085 1405 au·

64 1425 223 1481 decissinais,
251 1439 314 1485 quos
333 1423 433 1486 inopia,
458 1422 598 1485 cupiditas,
624 1422 718 1472 seelera
735 1423 908 1479 stimulabant,
929 1423 1085 1471 consulatum

61 1497 85 1544 in
102 1505 202 1546 annum
217 1485 277 1540 691.
294 1505 321 1555 p.
341 1504 366 1538 u.
384 1505 405 1543 c.
430 1489 534 1554 petivit,
572 1489 618 1540 aed
639 1503 715 1552 quum
737 1504 801 1551 quae
824 1490 850 1537 in
877 1489 961 1537 animo
979 1487 1087 1539 habehat

61 1560 207 1628 perniciosa
224 1558 261 1606 rei
278 1557 395 1622 publicae
414 1557 521 1607 consilia
537 1572 626 1622 parurn
644 1557 767 1607 occultata
785 1563 882 1616 essent,
900 1554 991 1604 sinilia
1008 1555 1087 1606 bono·

59 1647 114 1680 rum
134 1628 248 1678 omniurn
266 1625 650 1677 M.Tu111usmcerouuacum
669 1623 820 1678 &Antonio
838 1622 1084 1676 consulIactuseat.
1153 1624 1156 1628 '

60 1700 117 1759 Qua
130 1712 160 1746 re
178 1703 318 1745 commotus
334 1696 364 1749 L.
377 1695 484 1746 Catilina
501 1696 667 1748 Molucrum
685 1693 712 1744 G.
723 1695 833 1744 Antonia
849 1683 996 1743 consulibus
1014 1695 1085 1760 eupi-

60 1768 117 1831 iius
135 1767 211 1815 etlam
229 1779 276 1814 sua
294 1763 400 1815 consilia
415 1765 524 1830 recapit,
541 1766 631 1828 quibus
649 1764 759 1815 maxime
775 1761 902 1813 Ciceronis
921 1761 1031 1813 conatalis
1046 1763 1085 1813 ni-

60 1834 168 1901 ligeatia
186 1833 288 1892 restitit,
303 1835 335 1882 ad
353 1849 425 1896 quem
443 1832 565 1884 Catiliuae
580 1836 683 1896 eiusque
702 1832 829 1883 sociorum
847 1829 953 1883 censIIIa
967 1846 983 1881 a
997 1831 1085 1882 Fulvia

59 1903 166 1953 muliere
180 1901 268 1960 nobili,
284 1915 349 1964 quae
359 1917 412 1952 rem
426 1901 536 1952 habebat
550 1917 605 1952 curn
621 1902 650 1962 Q.
661 1900 744 1959 curro,
760 1902 804 1964 qui
819 1901 945 1966 particeps
964 1899 1012 1951 fnit
1026 1915 1084 1950 eon-

59 1970 207 2035 spiraticnis
221 1969 301 2029 illius,
321 1970 505 2020 deferebantur.
532 1969 614 2028 Quum
632 1979 715 2020 autem
727 1971 777 2019 ista
793 1968 860 2019 mala
875 1968 982 2019 consilia
999 1977 1083 2019 cantra

60 2039 169 2088 alutam
185 2037 222 2087 rei
238 2037 356 2103 publicae
371 2054 386 2088 a
401 2039 538 2088 coniuratIs
553 2040 615 2087 inita
633 2040 744 2103 apertius
761 2039 811 2087 iam
825 2038 992 2103 agitarentur,
1011 2050 1084 2086 sana·

60 2117 102 2156 tna
122 2106 264 2155 consultum
280 2105 373 2158 lactum
392 2115 438 2165 est,
458 2107 550 2157 darent
566 2121 666 2168 operata
683 2110 805 2170 camales,
823 2122 854 2157 aa
871 2107 932 2171 qaid
944 2106 1085 2155 &trimani
1105 2122 1108 2129 ·

60 2181 166 2237 caperat
182 2173 346 2237 respublica,
365 2175 531 2236 effectumque
550 2183 596 2234 est,
614 2183 642 2224 ut
656 2175 762 2226 Gatiliaa
776 2189 823 2240 sps
836 2172 991 2232 consulatus,
1011 2187 1084 2233 quem

60 2244 85 2292 in
94 2242 240 2307 proximum
253 2257 344 2291 annum
362 2244 475 2307 petebat,¹
491 2242 624 2301 excideret,
642 2242 880 2309 designarenturque
895 2241 926 2290 Ι).
943 2238 1043 2289 Silanus
1061 2246 1086 2288 et

59 2311 89 2360 L.
107 2308 220 2365 Murena.
249 2310 318 2369 Quae
336 2325 412 2373 quum
428 2312 463 2360 ita
479 2319 575 2369 essent,
591 2310 621 2359 L.
637 2309 755 2372 Catilina,
773 2308 823 2375 qul'
834 2313 885 2360 iam
901 2315 959 2358 ente
976 2320 1022 2370 per
1035 2306 1086 2355 Ita·

59 2377 121 2426 liam
138 2378 172 2429 aa
189 2378 302 2428 homines
318 2378 466 2437 seditiosas,
484 2379 594 2426 maxime
610 2385 707 2429 veteres
724 2381 753 2432 L.
771 2378 857 2428 Sullae
874 2375 982 2436 milites,
1001 2373 1085 2424 cunci-

60 2447 152 2495 tandes
171 2448 275 2497 nuncios
294 2448 405 2505 miserat,
420 2447 453 2496 ad
470 2446 498 2498 (I.
518 2446 638 2504 Mallium,
657 2449 700 2508 qai
717 2445 837 2496 Faesulas
857 2445 884 2492 iu
907 2443 996 2491 urbem
1012 2443 1085 2493 Etru·

59 2516 115 2564 riae
133 2516 254 2565 munitam
270 2528 373 2565 manum
387 2523 540 2565 armatorum
558 2517 683 2578 seigerat,
701 2513 828 2578 pauliciani
843 2511 973 2562 constituit
990 2518 1015 2561 et
1030 2511 1084 2563 bel·

61 2582 114 2631 lum
131 2583 228 2648 patriae
246 2582 351 2642 inferre,
370 2586 563 2646 convocatisque
580 2589 668 2644 nocte,
689 2597 753 2645 quac
767 2582 832 2631 iuter
849 2579 922 2629 VIII..
933 2585 957 2627 et
973 2579 1028 2635 vu,
1044 2580 1082 2633 Id.

59 2650 215 2700 Novembres
236 2658 304 2713 arat,
328 2652 412 2702 socios
433 2653 460 2700 iu
483 2653 584 2701 domum
600 2650 635 2702 M.
654 2649 739 2698 Porcii
755 2648 851 2698 Laecae
869 2645 1002 2698 consilium
1016 2650 1084 2711 quati

59 2725 163 2783 ceperat
173 2719 280 2783 aperuit.
301 2719 357 2780 Qua
365 2719 560 2784 congregatione
578 2726 700 2768 nocturna
717 2718 767 2767 duo
787 2717 884 2779 equites
891 2714 996 2771 Romani
1013 2717 1083 2766 (iice-

58 2800 147 2836 renem
164 2787 295 2837 consulem
312 2786 354 2838 illa
372 2789 429 2852 ipsa
444 2795 516 2838 nome
530 2794 587 2836 ante
601 2786 691 2844 lucem,
707 2799 784 2848 quum
798 2785 864 2834 sieut
879 2782 1009 2835 salutaturi
1028 2786 1083 2834 eius

57 2856 164 2904 domurn
178 2855 321 2917 inaurant,
340 2856 536 2905 Interllciendum
551 2861 706 2918 receperunt.
723 2854 757 2907 M.
774 2852 861 2904 ilicem
873 2854 958 2903 vitatis
973 2853 1082 2909 iustius,

56 2923 176 2988 proximo
202 2923 256 2982 (lie,
279 2924 324 2986 qul
342 2923 389 2973 init
407 2939 431 2973 a.
451 2924 475 2976 (l.
492 2924 534 2975 Vl.
554 2924 591 2972 ld.
610 2922 763 2972 Novembres
786 2921 915 2987 dispositis
938 2919 1084 2984 praesidiis,

58 3001 178 3040 senatum
190 2992 215 3039 in
231 2990 351 3057 templum
362 2992 430 3042 lovis
443 2991 549 3042 Statoris
563 2991 719 3050 convocavit,
737 3005 787 3052 qua
799 3005 876 3053 quum
890 2988 997 3040 Catilina
1012 2986 1084 3048 quasi
