2332 3772
103 202 177 271 aas
248 178 558 263 mairranica
569 196 712 259 oasam
725 184 944 261 assumat
959 196 1043 257 mv.

113 345 260 433 moutam
273 352 441 413 Romanum
456 346 584 409 tibcrum
597 330 765 422 relinquam
777 378 816 401 -.
826 345 888 407 boc
903 344 982 411 mibi
995 344 1091 409 mains
1101 346 1132 407 ti

113 431 398 507 dtiimrnortatibna
419 430 485 491 dari
505 428 580 491 nihil
593 435 696 505 potest
707 428 908 503 -atterum,
929 430 1023 497 atita
1035 428 1133 505 cuique

112 518 248 592 manue,
269 526 302 579 ut
314 516 355 579 da
367 529 403 575 rc
415 510 540 590 publica
552 511 686 587 quisquc
699 521 860 575 mercatur.

1114 800 1117 805 .
1131 753 1139 808 i

199 874 203 879 ,
403 800 447 885 a.
477 734 900 937 munatttbts

121 1020 127 1029 .
172 942 223 1057 n
250 946 301 1041 a.
320 939 576 1055 amomon
602 939 785 1063 omnio
813 939 1085 1053 munem

28 1076 36 1085 “
417 1080 835 1205 obturantibus
888 1092 950 1119 ··

549 1261 698 1273 -—-

456 1374 787 1456 ascensurum.

181 1486 256 1545 Quod
271 1485 306 1538 it.
330 1482 415 1539 eman
442 1500 520 1549 quum
543 1499 620 1551 saepe
642 1493 700 1537 ante
720 1476 773 1539 tam
794 1487 911 1539 mona
933 1490 1067 1557 superiora
1083 1489 1128 1552 ipsa

113 1552 183 1605 atiici
199 1551 319 1611 voluerat,
333 1559 362 1602 ut
379 1566 436 1603 cum
450 1552 484 1603 Μ.
503 1553 612 1605 Antonio
627 1552 776 1617 iamjarmis
787 1566 827 1605 ras
841 1554 1048 1622 transigeretur,
1063 1568 1128 1620 napa

113 1627 207 1673 aratra
223 1634 284 1670 vera
300 1619 405 1674 iactam.
440 1616 491 1672 aaa
505 1634 584 1685 quum
601 1621 646 1671 illa
662 1622 693 1672 t.
711 1622 821 1672 Hirtium
836 1629 863 1671 st
878 1620 910 1675 0.
928 1623 1064 1675 Marc
1077 1622 1127 1672 aia·

112 1690 254 1750 lucanum,
271 1688 393 1751 atatim
410 1702 473 1752 quac
494 1689 547 1741 iltis
564 1689 696 1742 obtnitaut
716 1690 877 1741 omnmo·
898 1699 975 1743 aaut
988 1691 1126 1757 madh&

113 1757 231 1809 symea
246 1758 301 1807 suta
318 1754 447 1817 elicuisset
461 1771 514 1809 aaa
528 1758 590 1809 satis
600 1765 702 1824 naum
718 1772 812 1822 wsqne
824 1757 876 1807 levi
887 1760 982 1824 bugat
1005 1760 1126 1815 reioeiutt,

114 1827 168 1876 eius
180 1826 254 1876 amici
265 1825 360 1874 Romae
374 1841 390 1874 v
449 1835 537 1877 verant
557 1827 589 1876 Α.
605 1827 712 1876 Hirtium
729 1834 754 1874 at
775 1824 802 1875 0.
818 1822 952 1875 Gaesarem
973 1828 1043 1876 iusta
1055 1838 1126 1892 pugna

113 1894 281 1957 ascematus,
301 1903 352 1942 tum
368 1892 401 1945 Μ.
441 1894 565 1944 iseronem
588 1896 662 1943 minis
688 1894 813 1943 atrocibus
835 1894 962 1956 persecuti
990 1904 1067 1944 erant.
1097 1893 1126 1940 in
1162 1934 1164 1943 .

113 1968 181 2010 terea
197 1962 302 2010 Romam
319 1962 424 2010 nuncius
449 1961 480 2010 de
504 1961 600 2027 proelio
625 1960 658 2011 ati
675 1961 795 2009 Mutinam
815 1961 880 2008 inter
895 1960 931 2012 Μ.
954 1962 1127 2011 Antoniana

113 2029 145 2081 A.
157 2028 262 2077 Hirtium
280 2027 307 2077 Ο.
325 2028 431 2077 Pansam
448 2043 514 2078 coss.
535 2029 562 2084 G.
573 2029 704 2080 Gaesarem
724 2036 895 2092 propraetore
914 2042 939 2082 a.
951 2030 977 2083 d.
991 2029 1072 2078 xvn.
1083 2025 1126 2076 tbi.

113 2094 192 2145 Maias
217 2098 359 2154 commisso,
377 2098 403 2145 in
416 2111 464 2158 quo
477 2096 511 2146 Μ.
527 2098 650 2147 Antonius
668 2104 720 2145 erat
738 2096 827 2155 victua,
849 2106 902 2144 erat
914 2096 1029 2146 adlatus.
1047 2097 1078 2146 nt.
1091 2094 1127 2159 igi·

112 2171 153 2211 tur
176 2162 300 2212 Cornutus
317 2170 417 2226 praetor
434 2166 543 2214 urbanus
559 2166 615 2218 ad.
626 2164 659 2218 X.
672 2163 794 2213 Kalendas
807 2163 886 2212 Maias
899 2162 1001 2213 litteras
1020 2167 1052 2217 Α.
1069 2160 1127 2212 nuit

113 2244 128 2277 e
151 2228 179 2280 0.
197 2232 293 2279 Pansae
314 2233 401 2280 castris
428 2233 458 2282 de
484 2232 578 2297 proelio
602 2233 668 2283 iacto
693 2231 783 2280 missas
807 2233 833 2279 in
857 2237 947 2279 senata
976 2233 1126 2283 recitaritet

113 2297 145 2344 (ie
161 2296 296 2345 honoribus
316 2298 404 2347 ducum
419 2307 443 2348 et
460 2301 577 2364 praemiis
591 2301 698 2350 militum
714 2298 816 2352 rettulit.
853 2298 900 2356 Qui
922 2297 957 2350 Μ.
975 2301 1086 2349 Antonio
1099 2296 1126 2346 a·

113 2363 203 2412 rebant
231 2363 324 2412 beilum
353 2365 449 2415 finitum
474 2383 528 2417 esse
552 2369 650 2417 aiebant
673 2376 697 2416 et
720 2381 782 2432 saga
811 2365 959 2429 deponenda
992 2368 1124 2416 censebant.

112 2430 181 2493 Quos
191 2439 277 2480 contra
285 2430 319 2479 Μ.
334 2431 419 2483 cicero
434 2434 490 2499 hac,
507 2437 571 2498 quaa
583 2435 649 2485 inira
661 2436 753 2498 scripto
768 2441 815 2492 est,
831 2434 943 2482 cratone
953 2433 987 2483 ii.
1002 2434 1126 2484 Antonium

112 2506 137 2547 et
153 2498 276 2560 reliquos,
295 2501 338 2560 qui
356 2517 413 2550 oum
430 2517 460 2551 eo
478 2510 568 2563 essent,
586 2503 671 2552 hostes
687 2501 784 2566 patriae
800 2500 949 2559 iudicandos
966 2501 1124 2551 contendito

111 2566 267 2681 amplissima
282 2567 394 2630 quaeque
408 2570 434 2618 in
449 2570 525 2620 duces
542 2579 566 2620 et
580 2571 677 2628 milites,
693 2571 800 2631 quirem
813 2567 942 2632 publicam
956 2569 1125 2622 defendissent,

130 2635 231 2683 ccernit.

175 2748 198 2806 Ι.
221 2748 249 2808 1.
271 2749 313 2823 Si,
328 2759 361 2811 ut
376 2767 415 2810 cx
428 2749 549 2825 titteris,
573 2767 651 2824 quae
669 2751 812 2812 recitatae
833 2758 917 2823 sunt,
939 2759 1047 2825 patres
1067 2765 1125 2810 oon·

113 2829 227 2904 scripti,
247 2831 546 2893 sceleratissimorum
562 2834 693 2894 bostium
704 2832 869 2894 exercitum
883 2848 1010 2895 caesum
1024 2835 1125 2912 ¹susurn-

113 2926 173 2982 que
190 2913 328 2987 cognovi,
346 2913 390 2973 sic
404 2913 444 2986 id,
461 2915 545 2989 quod
561 2922 591 2974 et
608 2931 714 2976 omnes
734 2914 864 2976 maxime
888 2923 1035 2988 commus
1055 2924 1083 2975 ct
1096 2925 1126 2972 ex

112 3006 150 3048 ea
162 2994 296 3068 victoria,
315 3012 393 3068 quae
407 3005 494 3069 parta
506 3005 568 3068 est,
584 3006 780 3058 consecutum
799 2997 989 3070 arbitramur,
1008 2999 1045 3058 Ι).
1063 2997 1124 3056 Bm·

111 3080 173 3131 tum
195 3089 351 3147 egressum
371 3078 430 3137 iam
452 3078 567 3139 Mutine
586 3095 657 3139 esse
678 3095 875 3154 cognossem,
903 3089 1033 3155 propter
1052 3078 1125 3140 cuius

111 3154 277 3227 periculum
292 3160 330 3218 ad
341 3175 415 3234 saga
426 3160 566 3233 issemus,
582 3165 706 3236 propter
714 3162 851 3223 eiusdem
862 3163 994 3224 sulutem
1008 3162 1124 3222 redeun·

111 3237 182 3296 dum
202 3238 242 3297 ad
262 3240 419 3313 pristinum
439 3242 578 3302 vestitum
599 3244 665 3304 sino
684 3245 745 3304 uita
765 3243 955 3306 dubitatione
969 3256 1123 3307 censerem·

111 3317 189 3378 Ante
205 3337 292 3393 vero,
312 3323 454 3396 quamsit
469 3340 582 3397 eures,
601 3342 691 3400 quam
705 3323 883 3386 avidissime
899 3326 1009 3389 civitas
1025 3336 1122 3399 exspe-

44 3462 49 3474 ,
111 3407 179 3470 ctat,
191 3402 298 3474 adlata,
312 3404 426 3465 laetitia
439 3406 496 3483 frui
505 3405 579 3466 satis
590 3413 638 3467 cst
650 3407 798 3467 maximae
809 3408 1122 3481 praeclarissimaeque
