2340 3788
99 177 142 245 bb
316 177 354 235 nt
374 176 407 236 (i.
427 176 592 239 VERREM
610 177 695 237 AGT.
709 176 745 235 11.
766 175 839 237 ΗΒ.
857 177 909 237 IV.

74 353 78 361 ·
100 329 258 402 intemplo
275 323 444 385 clarissimo
457 329 571 400 populo
585 328 723 389 Βοιιιιιιιο
739 335 965 389 monumentum
986 343 1065 389 suae
1078 345 1128 390 so

100 411 217 475 cietetis
232 406 443 500 amicitiaeque
459 423 529 468 esse
543 409 706 482 voluisset,
728 407 761 469 id
779 410 837 471 sibi
857 411 889 470 C.
903 410 1034 471 verrem
1057 414 1127 473 abs·

100 495 223 559 tulisse
244 492 285 551 de
306 488 432 548 caeteris
454 490 597 562 operibus
618 507 658 551 ex
673 508 747 553 euro
765 504 795 555 et
808 494 950 588 gemmis,
973 510 1057 568 quae
1072 512 1128 556 sua

100 593 197 655 penes
215 574 298 634 illum
312 578 430 642 essent,
449 586 483 629 se
497 586 559 630 non
575 573 726 635 laborare:
742 576 801 636 hoe
818 574 876 636 sibi
892 574 968 650 eripi
980 576 1127 639 miserum

99 676 172 723 esse
198 666 229 716 et
253 655 418 750 indignum.
450 653 484 711 ld
503 652 560 712 etsi
580 658 698 714 antea'
690 674 751 718 ram
770 668 871 719 mente
895 666 926 719 el
940 658 1126 754 cogitatione

100 759 158 805 sua
171 741 334 833 fratrisque
350 739 397 797 sui
413 742 625 796 consecratum
639 749 735 810 esset,
755 750 856 801 tamen
875 749 949 802 tum
954 757 1005 814 se,
1028 741 1060 803 in
1074 743 1126 805 illo

100 831 254 885 conventu
275 820 386 881 civium
402 821 623 897 Romanorum,
649 819 736 888 dare,
756 823 888 897 donare,
909 822 1029 896 dicare,
1054 841 1126 887 cen-

100 921 222 970 secrare
240 903 306 964 lovi
326 902 440 978 optimo
462 900 592 959 maximo
613 907 782 974 testemque
803 905 902 977 ipsum
922 907 1029 967 lovem
1051 924 1126 970 suae

100 987 264 1050 voluntatis
279 1002 316 1045 ae
329 983 486 1058 religionis
503 981 658 1041 adhibere.

181 1071 272 1130 XXX.
305 1069 388 1141 Quae
404 1083 479 1139 vox,
501 1066 705 1139 quaererem,
729 1079 808 1139 quae
824 1067 905 1130 vires
922 1071 1014 1133 huius
1035 1073 1125 1135 unius

100 1154 233 1215 criminis
261 1149 479 1226 querimoniam
499 1156 630 1222 possunt
656 1147 828 1208 sustineret
852 1150 919 1212 Rex
943 1155 1124 1229 Antiochus,

100 1237 153 1312 qui
167 1237 282 1296 Romae
297 1241 366 1293 ante
382 1233 490 1294 oculos
505 1230 639 1291 omnium
655 1239 792 1290 nostrum
815 1230 969 1293 biennium
988 1238 1054 1298 lere
1074 1256 1124 1300 eo·

100 1319 207 1380 mitatu
221 1317 306 1391 regio
320 1325 412 1390 atque
429 1324 538 1375 ornatu
551 1313 674 1386 luisset,
697 1312 724 1372 is
741 1328 833 1387 quum
848 1315 965 1374 amicus
979 1328 1009 1377 et
1020 1322 1125 1383 socius

100 1401 207 1476 populi
223 1398 352 1461 Romani
366 1405 464 1469 esset,
481 1394 665 1457 amicissimo
681 1405 781 1484 patre,
796 1412 867 1468 nvo,
881 1396 1057 1472 maioribus,
1072 1420 1124 1463 an-

99 1482 280 1558 tiquissimis
294 1490 324 1542 et
338 1479 515 1541 clarissimis
529 1478 667 1552 regibus,
688 1470 920 1552 opulentissimo
943 1486 974 1538 et
995 1483 1124 1546 maximo

99 1582 211 1643 regno,
236 1552 385 1640 praeceps
412 1562 570 1637 provincia
592 1561 697 1636 populi
717 1562 846 1622 Romani
871 1561 1051 1622 exturbatus
1070 1575 1126 1625 est

99 1650 150 1712 68.
165 1646 451 1722 Quemadmodum
466 1646 525 1705 hoc
541 1652 720 1718 accepturas
736 1644 875 1721 nationes
889 1652 1021 1717 exteras,
1038 1661 1128 1719 quem

100 1733 141 1791 ad
161 1731 284 1797 modum
305 1728 396 1788 huius
418 1726 462 1789 tui
476 1727 547 1787 lacti
562 1728 671 1787 lamam
687 1726 718 1786 in
735 1743 830 1803 regna
847 1726 975 1787 aliorum
989 1738 1082 1802 atque
1096 1728 1128 1787 in

99 1813 218 1876 ultimas
234 1823 331 1874 terras
346 1819 558 1886 perventuram
575 1808 702 1884 putasti,
726 1827 816 1885 quum
832 1808 985 1883 audirent,
1005 1825 1128 1884 aprae-

99 1907 166 1958 tore
182 1896 287 1971 populi
301 1894 431 1955 Romani
445 1896 475 1953 in
491 1893 648 1969 provincia
662 1892 807 1953 violatum
822 1906 941 1967 regem,
964 1891 1127 1967 spoliatum

99 1981 265 2055 hospitem,
294 1981 422 2038 eiectum
445 1977 562 2038 socium
584 1975 690 2050 populi
708 1975 837 2036 Romani
862 1984 954 2050 atque
975 1975 1128 2036 enricum?

98 2063 214 2122 Nomen
230 2068 364 2120 vestrum
379 2060 546 2134 populique
558 2058 687 2119 Romani
705 2058 776 2119 odio
791 2067 882 2133 atque
897 2057 1054 2119 acerbitati
1068 2059 1126 2120 sei-

98 2153 162 2205 tote
177 2142 350 2203 nationibus
366 2143 487 2215 exteris,
500 2141 626 2210 iudices,
643 2142 788 2214 futurum,
806 2140 833 2201 si
847 2140 935 2202 istius
949 2141 1025 2201 haec
1043 2150 1127 2202 tanta

99 2224 210 2284 iniuria
224 2223 370 2297 impunite
384 2218 571 2285 discesserit.
604 2221 655 2282 Sic
670 2239 775 2284 omnes
787 2223 1019 2297 arbitrabuntur,
1037 2241 1126 2299 prae·

101 2305 205 2367 sertim
230 2323 323 2378 quum
343 2307 419 2366 haec
435 2309 515 2366 lame
534 2306 573 2364 de
594 2315 766 2367 nostrorum
786 2306 941 2369 hominurn
955 2307 1084 2369 avaritia
1096 2318 1126 2368 et

101 2387 265 2464 eupiditate
286 2389 520 2462 percrebruerit,
541 2406 601 2449 non
622 2387 709 2449 istius
725 2390 821 2451 solius
835 2391 895 2451 hoc
910 2407 981 2451 esse
997 2391 1124 2464 lacinus,

102 2473 158 2534 sed
172 2487 278 2532 eorum
298 2472 401 2541 etium,
425 2473 477 2546 qui
490 2470 697 2546 approbarint.
728 2473 812 2533 Multi
830 2490 938 2548 reges,
962 2476 1076 2535 multae
1091 2473 1125 2534 li·

99 2557 191 2617 berae
204 2555 349 2626 civitates,
365 2555 450 2614 multi
464 2554 573 2629 pr1veti
587 2556 769 2629 opulentiae
781 2557 1125 2633 potenteshabentpre·

101 2641 181 2701 lecto
198 2639 229 2699 in
251 2637 350 2698 animo
365 2636 543 2710 Capitolium
558 2638 603 2697 sic
618 2654 741 2712 ornare,
760 2646 793 2699 ut
808 2639 910 2713 templi
925 2637 1057 2714 dignitas
1071 2641 1125 2702 im·

100 2725 239 2798 periique
260 2720 356 2782 nostri
378 2736 487 2780 nomen
510 2720 677 2782 desiderat:
699 2720 793 2797 quisi
813 2721 1015 2784 intellexerint
1034 2722 1125 2787 inter·

100 2822 190 2866 verso
211 2807 270 2867 hoe
290 2803 385 2879 regali
400 2804 480 2864 dono
497 2805 628 2879 graviter
643 2822 699 2866 vos
714 2804 835 2876 tulisse,
855 2814 940 2880 grata
954 2807 1021 2866 lore
1037 2806 1125 2868 vobis

100 2890 278 2962 populoque
291 2889 429 2949 Romano
447 2904 504 2947 sua
525 2887 624 2948 studia
643 2904 679 2948 ac
700 2889 781 2947 dona
800 2889 1034 2962 arbitrabuntur.
1071 2888 1125 2951 Sin

101 2967 160 3026 hoe
176 2987 232 3029 vos
247 2972 277 3030 in
291 2988 363 3045 rege
378 2978 437 3031 tam
454 2969 563 3042 nobili,
578 2986 611 3028 re
625 2980 685 3032 tam
700 2970 824 3047 eximia,
840 2971 949 3033 iniuria
963 2981 1025 3032 tarn
1040 2988 1126 3033 acer-

100 3049 140 3108 ba
154 3054 327 3124 neglexisse
345 3054 482 3125 audient,
505 3070 575 3114 non
582 3061 670 3113 eruut
684 3062 744 3114 tam
760 3063 911 3128 amentes,
933 3064 967 3116 ut
988 3073 1124 3131 operam,

67 3166 77 3183 ·
102 3147 219 3204 euram,
241 3136 401 3207 pecuniam
422 3137 628 3211 impendant
620 3154 651 3196 ιιι
668 3152 721 3197 eas
734 3153 800 3212 res,
823 3155 899 3213 ques
919 3137 1006 3259 vobis
1020 3148 1124 3214 gratas

100 3215 165 3275 lore
180 3230 241 3274 non
259 3216 335 3275 arbit
324 3225 447 3280 trentur
638 3265 646 3277 ,
1149 3260 1152 3265 -

182 3297 284 3357 XXXI.
316 3299 366 3359 69
397 3302 462 3362 Hoc
481 3305 566 3375 loco,
587 3302 620 3376 Q.
643 3302 760 3374 Catule,
782 3312 812 3364 te
833 3306 965 3378 appello
997 3306 1125 3381 Loquor

99 3383 178 3441 enim
198 3382 236 3440 de
258 3388 309 3440 tuo
331 3382 498 3445 clarissimo
527 3384 793 3460 pulcherrimoque
819 3395 1032 3448 monumento:
1061 3398 1123 3450 non
