2340 3788
104 163 167 228 sus
375 159 449 222 rso
467 158 698 220 ctt.l³t.dtt010
714 157 863 218 coarto.
893 118 896 123 ’

105 323 151 376 tot
169 321 199 373 et
214 319 296 372 tanta
315 310 488 370 adlumenta
506 307 578 369 huic
595 308 708 369 honori
729 306 825 368 luisse
845 305 963 367 mirere.
1006 308 1065 369 Hic
1088 319 1137 373 est

106 397 199 466 enlm,
214 393 266 468 qui
280 393 526 453 adolescentulus
540 407 608 451 curn
621 393 658 450 A.
672 391 823 466 Torquato
839 391 991 463 protectus
1008 389 1040 450 in
1055 395 1137 454 Airi-

107 495 177 553 earq
193 475 239 535 sic
254 475 292 535 ab
309 475 361 534 illo
376 473 558 548 gravissimo
580 482 610 534 et
624 471 817 533 sacratissimo
838 478 930 545 atque
947 473 1030 533 omni
1042 475 1138 537 laude

107 570 139 621 et
157 560 274 618 honore
288 556 466 630 dignissimo
483 556 548 616 viro
563 555 693 615 dilectus
708 562 772 626 est,
785 562 818 614 ut
832 563 862 614 et
879 556 1069 616 contubernii
1086 576 1139 619 ne-

107 641 263 703 cessitudo
272 636 1027 711 etadolescentismodestissimipudorpostulabat.
1037 640 1139 715 Quod,

106 726 133 785 sl
149 724 281 796 adesset,
295 721 470 784 conminus
484 720 534 780 ille
545 721 713 781 declararet
727 735 818 792 quarn
831 719 880 778 hie
891 718 971 780 illius
982 722 1076 783 trater
1084 741 1138 799 pa·

105 805 210 869 truelis
224 813 255 865 et
268 821 372 877 socer,
387 804 419 863 T.
434 805 622 878 Torquatus,
639 800 721 863 omni
734 800 775 860 illi
792 800 901 861 virtute
921 811 952 862 et
965 802 1056 864 laude
1070 821 1138 880 par,

39 885 42 889 ’
108 890 161 965 qui
181 896 229 948 est
249 887 373 962 quidem
393 903 461 947 eum
483 886 534 946 illo
551 883 689 945 maximis
707 883 834 944 vinculis
855 892 886 943 et
900 885 1139 960 propinquitatis

109 981 140 1033 ct
155 968 319 1046 adfinitatis
334 969 529 1041 coniunctus,
544 969 601 1029 sed
618 967 659 1027 lta
673 966 789 1040 magnis
804 965 931 1038 amoris,
952 976 985 1029 ut
998 968 1069 1029 illae
1084 989 1139 1032 ne-

108 1052 302 1115 cessitudinis
317 1068 429 1113 causae
442 1054 529 1111 leves
544 1067 615 1110 esse
632 1049 798 1109 videantur.
820 1048 888 1108 Fuit
902 1047 933 1108 in
947 1051 1036 1112 Creta
1050 1062 1136 1126 post-

106 1150 144 1197 ea
165 1135 388 1196 contubernalis
410 1133 576 1205 Saturnini,
596 1132 759 1207 propinqui
782 1130 845 1202 sui,
866 1131 953 1192 miles
980 1133 1072 1194 huius
1099 1136 1134 1208 Q.

105 1217 232 1279 Metelli:
248 1217 299 1277 cui
314 1234 407 1291 quum
422 1215 511 1277 luerit
525 1213 755 1291 probatissimus
767 1213 920 1288 hodieque
932 1215 980 1287 sit,
991 1217 1136 1279 omnibus

39 1328 49 1345 .
107 1317 178 1362 esse
202 1315 237 1360 se
257 1300 418 1373 probatum
437 1299 527 1358 debet
547 1313 680 1372 sperare.
722 1297 755 1354 ln
780 1313 818 1355 ea
838 1297 997 1370 provincia
1017 1300 1137 1373 legatus

11 1376 19 1389 '
107 1384 165 1443 luit
180 1382 212 1440 C.
230 1381 396 1442 Sacerdos:
423 1382 483 1454 qud
498 1379 623 1452 uirtute,
643 1395 704 1453 qua
725 1379 893 1439 constantia
911 1379 974 1439 virt
997 1381 1030 1439 L.
1046 1381 1136 1442 Flac-

107 1481 178 1524 cusz
200 1463 253 1539 qui
272 1464 378 1525 homo!
399 1461 452 1537 qui
477 1461 569 1522 civis!
591 1462 710 1537 qualem
729 1462 810 1522 hunc
825 1469 929 1536 putent
948 1461 1137 1526 adsiduitate

105 1545 340 1620 testimonioque
355 1547 517 1606 declarant.
547 1544 598 1607 28.
612 1545 646 1603 ln
661 1544 840 1604 Macedonia
855 1545 987 1605 tribuous
1001 1545 1138 1607 militurn

108 1629 178 1689 luil=
196 1628 228 1688 in
239 1630 345 1689 cadem
359 1628 518 1704 provincia
531 1636 641 1703 postea
655 1635 808 1702 quaestor.
845 1626 970 1687 Primum
984 1627 1137 1690 Macedo-

107 1711 293 1772 dissideam
305 1711 408 1786 diligit,
423 1721 455 1772 ut
465 1711 597 1772 indicant
610 1709 641 1769 hi
654 1709 809 1785 principes
826 1709 976 1771 civitatum
989 1727 1136 1771 suarum=

109 1794 160 1870 qui
175 1811 267 1869 quum
282 1794 367 1855 missi
382 1796 442 1856 sint
455 1796 495 1854 ob
511 1793 599 1855 alum
611 1809 744 1864 causam,
760 1799 857 1852 buren
874 1794 1137 1867 huiusrepentino

105 1876 241 1954 periculo
264 1877 406 1943 commoti
426 1878 496 1938 huic
515 1877 668 1946 adsident,
692 1892 747 1950 pro
770 1875 829 1935 boc
843 1877 996 1949 laborant,
1018 1876 1092 1936 huic
1109 1877 1137 1937 si

106 1970 230 2036 praesto
253 1960 376 2034 luerint,
401 1960 514 2035 gratius
537 1976 571 2019 sc
593 1959 762 2019 civitatibus
787 1958 851 2019 suis
872 1959 1005 2020 lacturos
1027 1968 1138 2033 putant

107 2059 197 2118 quarn
217 2044 243 2102 si
262 2043 442 2117 legationem
462 2060 548 2103 suam
568 2051 597 2103 et
613 2043 754 2102 mandata
768 2043 963 2103 confecerint.
1005 2041 1040 2100 L.
1056 2060 1133 2103 vero

104 2123 253 2198 Apuleius
280 2125 360 2185 hunc
381 2124 454 2186 tanti
481 2126 567 2196 facit,
598 2136 762 2185 utmorem
787 2125 870 2185 illum
890 2124 1060 2200 maiorum,
1082 2126 1135 2200 qui

107 2206 286 2281 praescribit
299 2207 328 2266 in
341 2218 496 2282 parentum
507 2209 575 2268 loco
588 2207 800 2282 quaestoribus
813 2209 877 2268 suis
892 2218 1053 2283 praetores
1065 2225 1134 2268 esse

106 2295 258 2363 oportere,
274 2290 384 2351 olficiis
398 2290 669 2366 benevolentiaque
685 2290 843 2364 superarit.
866 2292 1018 2352 Tribunus
1036 2293 1134 2367 plebis

108 2371 179 2445 luit,
191 2388 253 2431 non
268 2373 398 2433 sortasse
411 2383 470 2435 tam
485 2373 649 2434 vehemens
665 2391 754 2448 quarn
770 2373 828 2447 isti,
848 2391 926 2448 quos
938 2383 971 2435 tu
986 2374 1055 2434 iure
1070 2378 1132 2435 lau·

106 2456 176 2526 das,
193 2455 249 2514 sed
264 2464 344 2514 certe
359 2456 442 2528 talis,
466 2457 572 2532 quales
587 2458 612 2517 sl
629 2473 735 2517 omnes
750 2473 871 2531 semper
891 2457 1032 2531 luissent,
1047 2475 1132 2518 uum·

106 2553 197 2612 quarn
211 2536 402 2599 desideratus
416 2539 581 2600 vehemens
596 2548 680 2600 esset
692 2539 837 2600 tribunus.

166 2617 229 2679 ΧΠ.
246 2620 296 2681 29.
313 2621 420 2682 Ontitto
434 2621 493 2694 illa,
511 2639 588 2696 quae
600 2623 626 2682 si
639 2624 736 2682 minus
750 2621 779 2680 in
792 2639 905 2682 scaena
918 2630 997 2694 sunt,
1010 2631 1135 2683 atcerte

105 2711 195 2778 quum
214 2713 283 2764 sunt
299 2708 425 2779 prolatu,
439 2705 605 2779 laudantur,
622 2705 910 2775 utvivatcornsuis,
924 2704 1137 2778 primumcum

103 2794 229 2860 parente
239 2820 282 2833 -
292 2804 362 2846 narn
374 2786 564 2849 meoiudicio
579 2787 676 2862 pietas
695 2789 919 2848 fundamentum
934 2796 981 2847 est
996 2788 1136 2849 omniurn

104 2868 246 2932 virtutum
257 2904 307 2944 —,
325 2887 416 2944 quem
431 2880 550 2930 veretur
566 2879 598 2930 ut
614 2872 703 2931 deum
717 2887 869 2944 -neque
883 2869 961 2929 enim
977 2873 1075 2932 multo
1089 2889 1135 2931 se-

106 2964 160 3010 cus
176 2962 222 3012 est
235 2970 348 3027 parens
361 2953 463 3014 liberIs
478 2988 528 3027 -,
539 2963 619 3013 amat
632 2969 705 3013 uero
720 2960 753 3013 ut
769 2955 919 3024 sodalem,
942 2962 975 3014 ut
998 2954 1135 3024 fratrem,

105 3039 138 3091 ut
152 3037 317 3108 aequalem.
362 3037 439 3109 Quid
454 3038 551 3096 dicant
566 3053 633 3096 cum
648 3046 769 3110 patruo,
795 3035 1048 3108 bonacontus,
1064 3053 1133 3097 eum

105 3115 295 3191 propinquis,
318 3136 385 3179 curn
401 3120 459 3180 hoc
472 3120 523 3178 Cn.
541 3119 711 3192 Saturnino,
733 3119 923 3200 ornatissimo
940 3118 1032 3179 viro?
1046 3121 1134 3180 euius

106 3206 247 3269 quantam
261 3200 386 3263 honoris
403 3203 492 3264 huius
509 3203 702 3276 cupiditatem
717 3203 812 3262 fulsse
824 3201 960 3274 creditiS,
978 3219 1078 3276 quum
1093 3201 1134 3261 vi-

105 3279 182 3341 dctis
197 3284 294 3342 luctus
311 3287 507 3348 societatem?
524 3285 600 3358 Quid
615 3287 652 3345 de
668 3301 720 3345 nnc
733 3285 852 3344 dicauit
870 3285 921 3360 qui
937 3284 1012 3344 mihi
1028 3287 1060 3344 ln
1080 3287 1134 3345 hu·

98 3361 150 3421 ius
157 3367 300 3438 periculo
313 3383 385 3428 reus
401 3386 472 3429 esse
488 3370 618 3429 videor?
638 3367 711 3443 quid
732 3370 771 3428 de
791 3367 838 3427 his
861 3376 904 3428 tot
921 3367 994 3426 viris
1011 3370 1135 3446 talibuS,
