2340 3788
32 143 33 147 ¹
106 186 169 253 ιιι
198 184 282 244 ιιι.
295 181 506 244 ιιιιιιιιιιι
520 178 679 281 onanu
701 158 783 239 can.
802 187 844 239 n
857 184 898 240 ra
910 184 936 245 s.
944 186 1079 243 27-29

107 344 203 415 peret.
240 333 329 408 Quod
344 328 725 407 remunerationum
743 344 872 404 possum
886 324 1028 391 oblivisci
1043 346 1143 394 meam

107 422 187 479 hane
204 433 276 478 osse
289 416 433 492 nautam,
448 431 498 476 me
511 415 621 475 horum
634 428 707 475 esse
722 413 896 485 consulem,
916 411 990 473 mihi
1004 421 1059 475 aut
1073 430 1142 477 oum

107 501 155 563 Iris
172 499 336 561 vivendum
349 506 401 560 aut
414 514 470 575 pro
484 496 533 558 his
547 511 619 559 esse
633 494 833 557 moriendum
860 494 967 557 Nullus
981 505 1031 557 est
1045 499 1141 572 portis

108 592 224 656 eustos,
241 585 342 645 nurus
357 581 518 643 insidiator
534 579 617 640 vinea
633 578 662 641 si
679 578 731 653 qni
744 577 830 640 exire
843 581 959 652 volunt,
974 581 1141 642 connivere

108 683 254 744 possum=
271 665 324 742 qui
337 682 412 728 vero
424 681 459 727 se
470 663 502 725 in
513 663 589 725 urhe
604 662 812 736 commoverit,
828 661 916 723 onius
928 678 986 737 ego
1002 679 1066 724 non
1077 681 1142 725 mo-

109 753 149 812 do
160 751 282 826 fantum,
297 750 355 811 sed
364 749 521 823 inceptum
534 748 628 807 ulium
640 753 822 807 conatumve
834 745 1078 820 eontrapatriam
1088 748 1141 812 de·

107 834 310 928 prehendero,
326 830 481 893 sentietin
495 829 712 891 haeurbeesse
723 829 868 891 eonsules
880 829 1052 905 vIgilantes
1071 846 1141 891 esse

107 918 250 992 egregios
267 914 474 991 magistratus,
489 929 560 974 esse
575 915 682 974 fortem
697 920 853 985 senatum,
869 928 943 973 esse
957 928 1052 986 arma,
1069 931 1142 975 esse

107 1016 280 1073 oareerem,
307 1013 397 1074 quem
412 996 563 1057 vindicem
577 995 762 1056 neiarIorum
776 1011 812 1055 ao
828 996 1058 1091 manifestorum
1073 1013 1140 1058 see-

107 1085 204 1145 lerum
217 1082 350 1144 maiores
367 1079 465 1141 nostri
480 1096 551 1140 esse
565 1079 736 1140 voluerunt.

190 1166 268 1225 XIII.
290 1162 342 1224 28.
369 1166 472 1238 Atque
492 1162 569 1223 haee
590 1161 691 1223 omnia
707 1161 753 1235 sie
766 1167 909 1238 agentur,
923 1156 1083 1236 Quirites,
1108 1172 1143 1225 ut

107 1247 258 1309 maximae
271 1262 321 1306 res
336 1245 459 1306 minimo
474 1253 576 1320 motn,
601 1245 738 1322 pericula
757 1261 876 1306 summa
890 1246 973 1307 nudo
1002 1248 1141 1342 tumultu,

106 1332 221 1393 betium
237 1330 413 1392 intestinum
428 1344 466 1390 ao
481 1328 681 1391 domesticum
699 1336 772 1404 post
786 1323 943 1390 hominum
962 1329 1142 1391 memoriam

108 1412 352 1475 crudelissimum
371 1420 402 1473 et
417 1412 582 1473 maximum
601 1428 650 1472 me
664 1429 725 1473 uno
743 1420 846 1487 togato
867 1412 947 1473 dnoe
961 1420 993 1474 at
1009 1410 1142 1487 impera-

107 1504 174 1557 tore
189 1497 322 1558 sedetur.
344 1496 433 1569 Quod
446 1511 505 1570 ego
522 1495 567 1556 sio
578 1494 806 1570 administrabo,
823 1492 963 1569 Quirites
980 1501 1022 1568 ut,
1037 1496 1065 1555 si
1075 1498 1141 1559 uilo

1 1624 3 1628 -
107 1580 199 1641 modo
215 1579 282 1639 fieri
304 1579 431 1654 poterit,
459 1593 498 1638 ne
517 1577 676 1653 improbus
699 1577 822 1653 quidem
842 1577 1006 1654 quisquam
1027 1576 1059 1639 in
1080 1579 1141 1641 hae

107 1663 183 1723 urbe
199 1678 332 1739 poenam
349 1661 397 1723 sui
414 1663 540 1724 sceleris
557 1661 698 1724 sufferat:
716 1663 772 1723 sed
787 1661 814 1723 si
828 1661 877 1722 vis
894 1660 1073 1723 manifestae
1084 1679 1141 1725 au-

108 1745 232 1818 daciae,
252 1743 280 1806 si
296 1745 479 1821 impendens
501 1744 618 1820 patriae
637 1744 807 1821 perieulum
828 1761 878 1807 me
897 1744 1075 1807 neeessurIo
1097 1747 1141 1806 de

106 1828 165 1890 hae
178 1828 270 1891 animi
285 1829 407 1889 lenitate
423 1828 597 1901 deduxerit,
614 1827 692 1891 iilud
706 1830 845 1904 protecto
863 1826 1037 1904 perficiam,
1051 1830 1141 1904 quod

107 1914 234 1974 intanto
249 1920 280 1973 et
295 1919 356 1973 tam
373 1911 524 1973 insidioso
541 1912 621 1973 bello
637 1912 689 1973 vix
704 1912 869 1988 optandum
884 1913 1017 1985 videtur,
1033 1918 1068 1972 nt
1084 1928 1140 1972 ne-

108 2013 168 2072 que
184 1997 282 2057 bonus
296 1995 459 2071 quitquam
469 1993 597 2055 intereat
610 2010 840 2071 paucorumque
852 2010 953 2070 poena
961 2011 1018 2057 vos
1029 2011 1139 2057 omnes

108 2079 185 2139 salvi
201 2094 273 2141 esse
287 2077 425 2154 possitis.
460 2077 511 2140 29.
537 2078 620 2151 Quae
642 2077 765 2153 quidem
782 2093 841 2154 ego
855 2094 958 2153 neque
977 2094 1046 2139 mea
1066 2096 1139 2154 pru·

107 2161 209 2221 dentia
221 2177 323 2235 neque
333 2160 473 2223 humanis
480 2160 618 2222 consiliis
627 2162 721 2222 fretus
730 2161 879 2236 polliceor
888 2160 987 2234 nobie,
996 2161 1140 2236 Quirites,

107 2243 164 2303 sed
179 2241 280 2304 multis
296 2252 327 2304 et
340 2260 402 2304 non
418 2241 519 2304 dubiis
534 2244 661 2305 deorum
680 2244 892 2306 immortalium
909 2244 1140 2320 significationi-

106 2325 175 2398 bus,
191 2325 302 2399 quibus
313 2342 371 2402 ego
386 2327 514 2387 ducibus
525 2328 555 2387 in
570 2327 649 2389 hano
661 2344 747 2403 spem
760 2328 1001 2404 sententiamque
1010 2345 1079 2390 snm
1089 2329 1138 2387 in-

106 2424 249 2482 gressus:
269 2408 321 2482 qui
338 2409 398 2469 iam
413 2427 474 2472 non
489 2413 613 2486 procul,
637 2421 670 2473 ut
687 2413 842 2488 quondam
856 2413 1010 2485 sotebant,
1027 2411 1067 2471 ab
1082 2428 1139 2472 ox-

105 2500 192 2553 temo
211 2492 300 2552 hoste
318 2500 409 2567 atque
423 2493 601 2569 longinquo,
620 2495 736 2556 sedhic
751 2505 1001 2572 praesentessuo
1013 2493 1139 2559 numine

106 2584 198 2651 atque
215 2573 329 2635 auxiti0
346 2592 403 2638 sua
419 2578 532 2652 templa
546 2586 638 2653 atque
653 2578 738 2640 urbis
753 2587 832 2640 taeta
846 2579 1022 2641 defendunt,
1051 2579 1139 2653 Quos

105 2675 178 2734 vos,
194 2656 339 2733 Quirites,
352 2661 488 2733 precari,
510 2662 650 2722 venerari
664 2671 755 2740 atque
769 2662 932 2738 implorare
946 2662 1081 2736 debetis,
1094 2669 1138 2734 ut,

106 2758 198 2816 quam
208 2742 314 2804 urbem
324 2742 555 2816 pulcherrimam
562 2745 870 2822 florentissimamque
882 2762 954 2807 esse
967 2747 1137 2817 voluerunt,

106 2824 200 2897 hane,
230 2824 371 2886 omnibus
386 2825 519 2888 hostium
541 2829 639 2904 copiis
661 2838 741 2890 terra
761 2830 898 2904 marique
922 2828 1091 2904 superatis,
1119 2845 1138 2887 a

6 2905 8 2909 ‘
107 2908 380 2978 perditissimorum
397 2908 508 2970 civium
523 2912 637 2973 nesano
656 2914 774 2973 scetere
787 2913 963 2974 defendant.

516 3202 707 3212 *ιο-
