2340 3788
107 148 173 213 llo
254 147 293 207 IN
305 146 346 206 M.
360 143 559 204 Apronium
575 141 716 203 ORATIO
728 142 946 203 PHILIPPICA
958 144 995 205 lt

109 298 156 361 rci
177 307 246 358 tuce
267 310 361 357 causa
381 292 519 367 venisse,
540 295 688 368 populum
710 290 799 357 etiem
815 290 960 353 dicacem
982 291 1015 353 iu
1027 296 1116 355 teret
1149 296 1164 354 b

110 380 221 443 didisti
266 378 327 439 Sed
342 377 430 438 nirnis
444 377 537 437 multa
551 378 591 436 de
612 376 716 451 nugis:
735 374 775 435 ad
790 373 911 436 maiora
927 375 1092 437 veniamus.
1151 378 1164 435 l

172 461 290 523 XXXII.
310 462 343 523 D.
359 458 481 521 Caesari
494 475 534 519 ex
548 457 696 534 Hispania
714 456 854 519 redeunti
868 458 911 519 ob
927 458 1013 519 viam
1025 459 1122 536 longia
1156 476 1164 517 ι

109 543 186 607 sime
206 542 394 621 processisti.
438 540 600 603 celeriter
593 542 652 615 rsti,
664 539 778 614 redisti,
794 548 828 601 ut
841 545 1125 640 cognoscerettca'
1158 559 1164 631 ι

108 627 207 689 minus
222 628 339 698 fortem,
354 633 385 686 at
398 633 497 686 tamen
509 633 673 686 strenuum.
691 623 802 685 Factus
815 640 851 684 es
866 624 896 684 ei
909 641 1026 687 rursus
1035 627 1126 689 neseio

109 727 172 786 quo
191 711 283 772 modo
304 706 468 769 familiaris.
516 708 654 769 Habebat
672 706 731 768 hoc
751 705 873 767 omniuo
896 707 1033 770 caesar.
1051 724 1127 784 qaeu

107 795 200 867 plane
216 791 366 869 perditum
381 806 453 852 aere
465 791 567 851 alieno
581 798 792 885 egentemque,
808 789 835 850 si
848 792 998 851 cumdem
1009 807 1128 868 uequan

108 875 261 937 hominem
271 875 481 949 audacemque
492 882 647 969 cognorat,
663 871 784 933 hunam
798 870 1038 935 familiaritatem
1047 874 1127 935 liber

110 957 226 1020 tissime
244 956 418 1033 recipiebat.
462 954 513 1018 79.
532 956 587 1018 His
602 955 691 1031 igitur
706 955 800 1017 rebus
813 957 977 1030 praeclare
986 973 1127 1019 commen

108 1039 232 1114 datus,
223 1057 327 1101 russas
342 1056 378 1101 es
393 1040 565 1101 renunciarr
555 1037 683 1099 consul
696 1046 726 1099 et
740 1032 862 1112 quidem
877 1054 950 1099 cum
965 1040 1051 1117 ipso
1088 1038 1127 1101 lb

108 1123 151 1183 hil
165 1138 277 1199 queror
293 1124 332 1184 de
346 1123 511 1196 Dolabella,
523 1122 575 1198 qui
589 1130 651 1183 turn
668 1128 715 1181 est
727 1119 887 1196 impulsus,
904 1121 1067 1197 inductus,
1077 1125 1126 1185 clu

108 1222 173 1268 sus.
216 1205 307 1279 Qua
300 1223 331 1267 ιιι
351 1221 386 1267 re
403 1211 515 1281 quanta
538 1203 628 1266 luerit
647 1211 776 1279 uterque
796 1200 931 1265 vestrum
954 1206 1127 1282 perfidiam

106 1289 294 1350 Dolabellam
307 1287 377 1363 quis
393 1289 531 1362 ignoratt
544 1286 595 1348 ille
610 1285 728 1349 induxit
740 1295 774 1347 ut
787 1294 919 1362 peteret:
941 1287 997 1349 ille
1006 1286 1125 1363 pronis

107 1388 176 1432 sum
190 1379 220 1433 et
231 1378 387 1444 receptum
401 1369 569 1430 intervertit
585 1370 625 1429 ad
641 1385 737 1445 seque
746 1368 912 1431 transtulit=
934 1379 971 1431 tu
987 1371 1055 1434 elus
1068 1386 1126 1447 per

107 1454 200 1514 fidiae
219 1452 405 1512 voluntatem
424 1460 506 1512 tuam
529 1450 708 1527 ascripsisti.
757 1451 890 1513 Veniunt
909 1451 1072 1515 Kalendae
1088 1454 1126 1513 Ia·

108 1533 247 1593 nuariae=
269 1532 406 1608 cogimur
425 1532 455 1594 iu
470 1542 622 1607 senatum,
642 1532 781 1596 invectus
801 1543 849 1595 cst
860 1533 1026 1610 copiosius
1040 1536 1126 1597 multo

107 1615 137 1677 in
152 1615 243 1676 istum
258 1621 288 1675 et
302 1617 436 1692 paratius
450 1615 606 1679 Dolabella
619 1633 710 1693 quam
727 1633 808 1679 nunc
825 1633 894 1692 ego.
938 1615 994 1681 80.
1012 1616 1066 1681 Hic
1079 1635 1127 1681 au
1162 1692 1164 1699 ¹

107 1708 167 1760 tem
185 1698 278 1760 iratus
300 1715 379 1774 quae
393 1697 484 1774 dixit,
504 1697 536 1759 di
549 1698 636 1761 bonit
657 1700 787 1763 Primum
799 1716 891 1776 quum
907 1701 1126 1763 caesaroeten

108 1782 205 1843 disset
218 1798 269 1855 se,
285 1782 370 1858 prius
385 1798 476 1858 quam
489 1781 749 1859 proficisceretur,
768 1783 957 1845 Dolabellam
978 1785 1125 1846 consulem

109 1882 180 1927 esse
196 1865 365 1928 iussurum=
388 1881 477 1942 quern
498 1874 609 1940 negant
627 1881 746 1940 regem,
767 1864 820 1942 qui
839 1874 869 1926 et
881 1866 1002 1928 laceret
1015 1880 1125 1942 semper

109 1948 176 2009 eius
198 1948 281 2010 modi
302 1949 416 2024 aliquid
436 1957 467 2009 et
480 1948 608 2021 diceret,
628 1948 684 2008 sed
705 1966 797 2023 quum
813 1948 926 2008 Caesar
938 1949 983 2010 ita
998 1949 1126 2021 dixisset,

107 2040 169 2092 turn
185 2030 236 2092 hic
248 2033 347 2092 bonus
365 2048 461 2106 augur
474 2047 511 2092 eo
529 2047 563 2091 se
578 2030 748 2092 sacerdotio
769 2031 937 2106 praeditum
960 2048 1037 2093 esse
1051 2031 1126 2103 dixit,

107 2122 142 2174 ut
155 2113 276 2175 conlitia
291 2113 436 2189 auspiciis
449 2114 496 2174 vel
511 2113 658 2188 impedire
672 2115 721 2174 vel
737 2113 843 2173 vitiare
859 2123 980 2188 posset,
998 2115 1126 2188 idquese

109 2197 259 2256 lecturum
289 2214 361 2257 esse
387 2197 587 2257 adseveravit.
636 2197 670 2255 ln
693 2213 753 2271 quo
773 2196 901 2271 primum
922 2196 1126 2258 incredibilem

109 2278 314 2351 stupiditatem
340 2279 471 2341 homInIs
496 2280 679 2354 cognoscite.
727 2276 777 2340 81.
805 2278 882 2352 Quid
911 2278 1019 2339 enirnt
1044 2279 1125 2349 istud

109 2361 191 2435 quod
206 2369 236 2420 te
250 2361 413 2422 sacerdotii
427 2360 493 2421 iure
508 2364 608 2421 lacere
623 2378 717 2436 posse
730 2361 841 2435 dixisti,
857 2360 883 2421 si
897 2378 998 2436 augur
1013 2379 1076 2424 non
1087 2377 1127 2421 es·

108 2458 161 2503 ses
181 2451 211 2503 et
225 2446 333 2503 consul
350 2461 453 2517 esses,
474 2443 572 2505 minus
589 2446 690 2505 lacere
706 2444 882 2518 potuissesa
895 2445 974 2504 Vide
987 2463 1029 2506 ne
1046 2444 1127 2506 ctiam

108 2526 236 2587 facilius.
290 2527 353 2587 Nos
375 2525 453 2588 enim
474 2526 696 2588 nunciationem
721 2529 819 2588 solum
839 2526 1004 2587 habemus=
1024 2544 1128 2590 consu

105 2609 152 2669 les
169 2618 198 2669 et
213 2608 322 2684 reliqui
335 2609 527 2684 magistratus
544 2608 632 2670 etiam
657 2610 854 2685 spectionem.
895 2610 987 2670 Esto:
1005 2610 1067 2671 hoc
1080 2610 1128 2669 im

108 2692 221 2765 perite:
238 2708 295 2752 nec
310 2692 390 2752 eninr
405 2700 452 2753 est
465 2693 503 2752 ab
520 2693 640 2753 homine
656 2709 818 2767 numquam
831 2692 934 2752 sobrio
946 2692 1131 2767 postulanda

107 2773 285 2850 prudentia,
304 2775 360 2835 sed
379 2775 481 2835 videte
503 2774 727 2849 impudentiam.
770 2775 872 2835 Multis
889 2783 959 2835 ante
972 2776 1129 2837 mensibus

108 2855 140 2915 in
163 2866 271 2919 senatu
291 2857 367 2918 dixit
390 2873 424 2918 sc
442 2858 616 2919 Dolabellae
636 2857 757 2918 comitia
775 2866 828 2920 aut
843 2856 1067 2932 prohibiturum
1081 2875 1128 2918 au·

109 2938 215 3012 spiciIs
235 2950 287 3002 aut
301 2941 332 3001 id
348 2942 494 3001 facturum
506 2956 590 3013 esse,
614 2941 696 3016 quod
711 2939 790 3002 lecit.
833 2940 1045 3014 Quisquamne
1058 2941 1129 3001 divi·

105 3035 180 3080 nare
201 3032 302 3098 potest
322 3024 395 3100 quid
415 3022 479 3083 vitii
500 3023 530 3083 in
556 3023 700 3099 auspiciis
718 3025 848 3085 luturum
861 3020 916 3097 sit,
937 3023 997 3083 nisi
1020 3024 1074 3099 qui
1093 3024 1130 3083 dc

106 3104 192 3164 eaelo
208 3122 330 3166 servare
348 3104 525 3167 constituitt
546 3108 628 3181 quod
651 3123 750 3182 neque
776 3105 847 3167 licet
867 3105 996 3167 comitiis
1019 3123 1077 3182 per
1090 3107 1129 3164 le-

106 3202 171 3262 ges,
186 3195 225 3260 et,
242 3189 294 3264 qui
311 3190 451 3261 servavit,
468 3206 528 3249 non
539 3188 648 3248 habitis
659 3187 796 3262 comitiis,
813 3189 867 3248 sed
879 3188 965 3263 prius
976 3206 1070 3264 quam
1081 3189 1129 3247 ha·

105 3269 249 3344 beantur,
265 3270 356 3332 debet
370 3272 522 3332 nunclare.
565 3272 678 3332 Verum
695 3270 847 3346 implicata
859 3269 1021 3332 inscientIa
1035 3274 1129 3345 impu·

107 3351 208 3413 dentia
231 3361 278 3414 est
297 3369 354 3413 nec
374 3356 431 3415 scit
450 3354 532 3429 quod
548 3370 692 3428 augurem
710 3369 767 3413 nec
782 3353 852 3414 lacit
867 3355 948 3428 quod
966 3356 1129 3430 pudentem
