2332 3772
86 157 130 221 00
311 154 350 215 ΙΝ
364 152 396 215 0.
411 153 575 215 vorarit
587 153 671 215 ACT.
686 153 722 215 11.
737 153 810 217 Ltss.
824 155 876 215 lv.

85 304 315 381 diligentissimo
331 303 465 380 porrecta
483 311 659 379 argumento
673 311 759 365 erant
778 302 936 365 involvis:
955 318 995 365 ea
1014 278 1112 367 deuess

85 390 187 450 hendo
206 387 322 448 curavit
342 385 453 448 omnia.
483 385 632 460 Gorgonis
652 403 689 447 os
713 385 960 462 pulcherrimum,
982 385 1113 467 cinctum

85 470 252 547 anguibus,
274 470 392 531 revellit
407 478 499 544 atque
513 467 650 531 abstulit:
672 477 702 530 et
720 477 818 530 tamea
832 467 978 529 indicavit
997 487 1034 531 se
1053 488 1112 537 non

86 557 185 616 solum
200 552 343 628 artificio,
361 552 521 625 sedetiam
534 551 638 627 precio
657 560 848 627 quaestuque
862 552 940 613 duci.
959 552 1037 615 Nam
1050 555 1113 615 bul·

85 640 131 697 las
146 653 255 698 amcos
270 652 376 698 omnes
394 653 434 697 ex
447 635 485 697 iis
499 635 613 709 valvis,
633 651 712 710 quae
726 637 935 697 erantmultae
948 644 1113 711 etgraves,

86 737 148 781 non
171 719 317 781 dubitavit
336 720 470 781 auferre:
493 734 621 793 quarum
640 717 699 778 iste
714 734 775 778 non
791 734 884 793 opere
898 718 1115 793 delectabatur,

86 805 144 864 sed
159 803 306 878 pondere.
335 803 441 877 tuque
456 800 523 861 eius
535 798 618 861 modi
627 801 735 861 valvas
746 799 877 876 reliquit,
891 809 932 874 ut,
947 814 1029 874 quae
1044 803 1115 863 olim

85 888 127 947 ad
147 888 316 948 ornandum
336 885 480 958 templum
502 893 586 945 erant
606 882 754 955 maxime,
774 899 854 945 nunc
868 891 982 944 tantum
996 885 1039 945 ad
1053 886 1115 947 clu-

87 969 220 1031 dendum
232 971 330 1029 laetae
343 983 414 1027 esse
426 966 597 1027 videantur.
630 964 701 1027 125.
730 965 865 1027 Etiamne
876 966 1049 1040 gramineas
1062 966 1115 1029 ha·

86 1061 150 1114 stas
173 1087 214 1098 -
235 1051 299 1111 vidi
320 1049 400 1110 enim
420 1065 478 1108 vos
491 1047 523 1107 in
537 1048 598 1110 hoc
612 1048 748 1122 nomine,
773 1065 866 1124 quum
882 1048 969 1108 testis
988 1049 1114 1123 dicuat,

85 1134 281 1206 commoveri,
300 1133 384 1207 quod
404 1140 469 1192 erat
482 1130 550 1191 eius
566 1130 664 1205 modi,
684 1141 718 1192 ιιι
731 1132 826 1193 senrel
842 1129 959 1192 vidisse
975 1132 1054 1197 satis
1066 1149 1114 1193 es-

87 1227 147 1279 set:
170 1218 201 1277 in
217 1214 327 1290 quibus
348 1229 448 1289 oeque
464 1230 557 1275 manu
573 1216 684 1275 iactum
702 1213 868 1289 quidquam
881 1230 982 1289 neque
1004 1215 1115 1290 pulcri·

85 1301 159 1361 tudo
174 1299 323 1371 oraculis,
338 1297 394 1359 sed
404 1304 519 1357 motum
534 1297 709 1372 magnitudo
726 1295 921 1371 incredibilis,
937 1297 976 1357 de
990 1314 1054 1372 qua
1065 1298 1116 1359 vel

86 1381 193 1442 audire
209 1379 285 1440 satis
301 1389 398 1453 esset,
419 1378 543 1441 munium
565 1381 670 1441 videre
691 1381 863 1455 plusquam
879 1381 989 1441 semel:
1006 1380 1111 1441 etiam-

87 1481 125 1524 ne
142 1463 174 1523 id
190 1463 383 1539 concupistis

170 1547 260 1606 LVll.
290 1545 360 1607 126.
391 1546 466 1606 Nam
488 1545 634 1621 Sappho,
660 1562 740 1621 quae
762 1546 881 1608 sublata
906 1545 946 1605 de
971 1544 1114 1621 prytanio

85 1637 148 1702 est,
160 1631 223 1693 „dat
242 1629 294 1689 tibi
315 1627 426 1690 iustam
446 1629 691 1704 excusationem,
710 1646 808 1705 prope
826 1638 864 1690 ut
884 1628 1117 1690 concedendum

85 1721 178 1788 atque
193 1711 415 1787 ignoscendum
428 1729 500 1774 esse
515 1712 662 1773 videatur.
699 1711 863 1774 Silanionis
879 1728 957 1786 opus
971 1719 1032 1772 tam
1045 1728 1116 1786 per·

86 1796 214 1869 lectum,
234 1804 295 1856 tam
316 1797 456 1872 elegans,
477 1805 538 1856 tam
559 1796 744 1857 elaboratum
768 1794 928 1871 quisquam
943 1796 1115 1855 aonssmodo

6 1922 14 1943 ,ι
85 1880 238 1954 privatus,
253 1880 309 1940 sed
323 1882 457 1955 populus
473 1881 576 1955 potius
593 1879 719 1940 haberet
733 1896 823 1955 quam
843 1879 934 1939 homo
953 1877 1115 1952 elegantis-

86 1963 182 2024 simus
210 1972 301 2038 atque
327 1963 566 2037 eruditissimus,
590 1965 725 2022 Verres?
753 1961 896 2023 Nimirum
922 1969 1029 2022 contra
1056 1957 1117 2020 dici

86 2046 159 2105 nihil
184 2054 295 2119 potest.
325 2047 468 2107 Nostrum
495 2047 575 2106 enim
602 2062 682 2105 unus
709 2045 839 2120 quisque
864 2044 916 2120 qui
939 2052 998 2104 tam
1024 2042 1116 2117 beati,

86 2145 177 2200 quam
192 2128 249 2187 iste
265 2136 320 2201 est,
338 2144 398 2188 non
412 2145 533 2200 snmus,
553 2137 614 2187 tam
631 2126 752 2187 delicati
767 2144 838 2189 esse
855 2145 915 2190 non
931 2143 1115 2202 possumus:

85 2209 114 2268 si
129 2210 251 2281 quando
266 2209 382 2284 aliquid
396 2210 485 2271 istius
500 2208 582 2269 modi
599 2207 703 2269 videre
717 2212 812 2285 volet,
828 2220 876 2272 eat
888 2211 926 2272 ad
942 2210 1053 2271 aedem
1060 2210 1116 2270 Fe

85 2289 220 2362 licitatis,
247 2291 288 2350 ad
310 2299 538 2354 monumentum
559 2291 669 2364 Catuli,
694 2294 723 2351 in
747 2293 896 2367 porticum
912 2293 1042 2355 Metelli:
1065 2294 1116 2352 det

86 2388 211 2447 operam
231 2381 264 2433 ut
278 2373 448 2436 admittatur
467 2375 497 2434 in
512 2373 640 2435 alicuius
661 2374 789 2436 istorum
804 2377 1023 2437 Tusculanum:
1045 2392 1114 2450 spe-

86 2465 145 2516 ctet
160 2456 259 2515 iorum
273 2467 421 2530 ornatum,
438 2456 550 2531 siquid
565 2456 623 2517 iste
638 2475 762 2520 suorum
776 2458 925 2520 aedilibus
939 2459 1116 2520 commoda·

84 2539 137 2600 rit=
166 2540 280 2598 Verres
301 2539 378 2599 baec
395 2541 505 2601 habeat
526 2539 623 2615 domi,
637 2543 750 2603 Verres
768 2541 953 2602 ornamentis
975 2543 1115 2613 fanorum

85 2631 177 2697 atque
202 2620 386 2698 oppidorum
406 2622 517 2684 habeut
542 2625 662 2698 plenam
690 2627 830 2699 domum,
856 2624 945 2684 villas
964 2625 1116 2684 refertas?

84 2705 221 2765 Etiamne
242 2703 332 2765 huius
355 2704 486 2778 operarii
508 2706 608 2767 studia
621 2724 658 2767 ac
674 2709 815 2783 delicias,
830 2708 963 2781 iudices,
981 2707 1114 2782 pertere-

84 2788 145 2848 tisl
169 2788 221 2863 qui
242 2790 283 2850 ita
303 2795 407 2859 natus,
431 2788 472 2849 ita
495 2791 642 2851 educatus
662 2799 723 2863 est,
745 2790 786 2851 ita
804 2792 902 2851 lactus
922 2798 953 2850 et
969 2790 1070 2849 animo
1085 2795 1115 2848 et

83 2884 230 2944 corpore,
250 2880 283 2932 ut
298 2870 391 2930 multo
406 2871 576 2946 appositior
591 2874 630 2933 ad
647 2875 773 2934 serenda
787 2891 877 2949 quam
894 2875 933 2933 ad
947 2871 1116 2933 auferenda

83 2950 171 3024 signa
184 2968 254 3013 esse
265 2952 412 3014 videatur.
444 2952 513 3018 127.
541 2957 644 3030 Atque
658 2956 734 3017 haec
746 2957 871 3032 Sappho
884 2956 1004 3017 sublata
1019 2971 1115 3030 quan-

83 3041 146 3093 tum
171 3033 356 3097 desiderium
379 3036 427 3099 sui
450 3037 606 3114 reliquerit
626 3038 686 3099 dici
707 3039 759 3099 vix
780 3049 891 3115 potest.
922 3040 1115 3113 Numquam

82 3113 152 3209 ipsa
172 3116 226 3177 luit
246 3119 368 3194 egregie
391 3121 470 3182 lacta
489 3131 551 3182 tum
572 3121 757 3197 epigramma
779 3124 927 3187 Graecum
954 3120 1114 3196 pernobile

82 3199 212 3260 incisum
227 3209 274 3265 est
288 3203 316 3261 in
335 3203 417 3264 basi:
440 3206 524 3280 quod
543 3205 601 3266 iste
622 3206 758 3268 eruditus
778 3206 869 3267 homo
890 3214 921 3265 et
935 3205 1114 3274 Graeculus,

84 3281 136 3357 qui
155 3282 231 3345 haec
247 3285 394 3350 subtiliter
410 3287 539 3363 iudicat,
562 3287 614 3363 qui
629 3292 713 3351 solus
727 3288 879 3364 iutelligit,
906 3287 934 3347 si
954 3305 1049 3349 uuam
1068 3286 1115 3347 lit-

82 3371 179 3429 teram
204 3368 350 3433 Graecam
379 3371 511 3444 scisset,
538 3380 621 3433 certe
646 3388 707 3433 non
732 3372 860 3433 tulisset.
906 3371 995 3433 Nunc
1023 3368 1114 3441 enirn,
