2340 3788
374 206 455 266 erte.
470 212 567 268 528·
589 211 614 271 §-
630 211 759 267 12-18.
1015 204 1079 268 240

52 356 209 435 communi
230 358 330 417 omnia
349 355 591 431 reperienturP.
604 353 695 416 Sestii
715 355 808 426 faeta,
835 355 928 428 dieta,
954 303 1095 415 consilia·
1139 399 1143 409 .

54 420 204 502 versilis
212 440 295 498 ''.Vll
315 440 426 500 Fuerat
440 440 490 499 ille
506 455 603 501 annus
619 439 678 497 iam
693 436 724 495 in
744 438 929 511 republica,
954 428 1129 510 iudices‚.³'

54 525 152 622 quum
165 523 196 582 in
214 538 323 597 magno
339 530 422 582 motu
437 531 468 583 et
480 523 641 582 nrultorum
657 519 763 580 timore
778 518 910 579 intentus
928 529 976 581 est
991 537 1082 581 arcus

52 609 87 669 in
103 622 152 667 me
165 621 273 680 unum,
297 604 376 665 sicut
395 604 515 679 vulgo
507 603 603 679 ignari
617 618 717 679 rerum
731 603 959 681 loquebantur,
967 618 1001 661 re
1017 604 1082 678 qui·

55 693 129 752 dem
140 705 213 757 uera
223 689 252 748 in
264 688 437 748 universam
451 702 515 747 rem
528 666 693 763 publicam,
710 674 907 745 traductione
910 670 950 743 'tid
963 680 1083 759 plebem
1101 756 1104 760 ,

54 756 211 833 fumbilrsdr
221 771 352 831 homrms
363 786 400 830 ac
412 769 535 851 pegdrtr
551 769 642 828 mrlu
634 768 715 841 rratr
734 768 791 828 sed
802 768 895 827 multe
909 766 1010 826 acrius
1025 768 1084 826 ocii

56 864 87 916 et
105 856 273 915 communis
289 855 395 914 salutis
409 832 535 923 inimic'll'
565 846 653 911 Hunc
675 849 721 910 vir
741 849 928 910 clarissimus
949 847 1106 922 ιιιιιιιιιιΔ

55 937 158 998 multis
171 935 411 1011 repugnantibus
425 935 642 1007 amicissimus,
659 935 712 1009 Cn.
712 929 902 1027 Pompeius,
917 930 999 990 omni
1014 947 1084 992 cau·
1105 952 1127 967 ··

55 1023 155 1093 done,
180 1021 319 1093 foedere,
347 1017 556 1079 exsecratione
582 979 767 1078 ιιιιιιιιιιιιιι
786 1014 888 1075 nihil
880 1033 911 1075 ιι
932 1014 1085 1110 tribunatu

58 1112 163 1164 contra
186 1119 234 1163 me
258 1119 328 1162 esse
349 1104 516 1181 ιιιιιιιιιιιιι.Ι
546 1100 634 1174 Quod
653 1100 704 1159 ille
720 1098 870 1171 nefarius,
895 1114 935 1158 ex
951 1095 1085 1157 omnium

57 1187 208 1248 scelerum
229 1185 400 1249 colluvione
409 1176 519 1273 palm,
532 1200 647 1261 parum
661 1200 695 1242 se
716 1183 826 1243 foedus
844 1181 1024 1245 violaturum
1037 1197 1085 1240 ar·
1113 1235 1118 1247 ,

56 1269 186 1332 bitratus
203 1277 265 1341 est,
281 1268 342 1328 nisi
354 1248 455 1344 ἰιιὲιιιιι
471 1248 727 1422 ιιιιιιιιιιιιιιιιιιιι
737 1265 863 1361 periculi
874 1262 940 1325 suls
951 1261 1085 1341 piopriis
1129 1250 1134 1261 ’

56 1352 202 1428 periculis
216 1352 383 1413 terruisset.
412 1349 462 1413 16.
478 1352 564 1413 Ηιιι
578 1340 627 1411 taie
640 1338 727 1409 nbili'
719 1342 943 1445 immanemque
954 1347 1085 1433 beluam,
1158 1383 1161 1391 ·

55 1434 189 1496 vinctam
212 1434 374 1510 auspiciis,
403 1435 580 1525 adligatam
580 1449 676 1511 more
701 1432 863 1506 maiorum,
892 1424 1086 1492 constrictam

56 1519 159 1592 legum
174 1527 357 1579 sacratarum
374 1517 504 1591 catenis,
526 1506 618 1578 soluit
634 1502 733 1577 subito
749 1516 816 1591 lege
833 1515 948 1576 curiata
968 1513 1087 1587 consul,
1102 1526 1105 1589 j
1162 1545 1165 1549 ·

56 1602 123 1672 vel,
143 1608 177 1662 ut
196 1617 253 1676 ego
274 1602 418 1673 arbitror,
437 1563 595 1671 ιιιόιιιιιι,
618 1600 682 1670 vel,
705 1606 738 1659 ut
757 1614 819 1659 non
840 1613 929 1658 nemo
952 1597 1086 1673 putabat,

57 1681 131 1744 mihi
151 1684 260 1755 iratus,
283 1685 407 1758 ignarus
428 1683 550 1757 quidem
570 1691 652 1741 certe
671 1689 701 1741 et
715 1681 894 1755 imprudens
908 1679 1086 1755 impenden-

57 1765 132 1827 tium
153 1774 304 1826 tantorum
324 1767 474 1825 scelerum
494 1772 525 1823 et
546 1765 702 1823 malorum.
745 1762 802 1836 Qui
828 1763 966 1823 tribunus
987 1759 1087 1836 plebis

56 1848 133 1908 felix
151 1847 182 1905 in
203 1848 368 1906 evertenda
386 1862 420 1905 re
440 1845 562 1920 publica
580 1845 636 1904 ιιιιι
656 1843 745 1903 nullis
767 1845 833 1906 suis
848 1842 951 1902 nervis
972 1840 1088 1916 -qui

56 1929 140 1991 enim
161 1929 192 1987 in
207 1927 370 1988 eiusmodi
385 1927 447 2005 uita
461 1927 545 1987 nervi
559 1935 723 2002 potuerunt
737 1943 808 1987 esse
829 1924 960 1987 heminis
981 1926 1086 1985 frater·

55 2014 106 2073 nis
115 2008 247 2086 flagitiis
259 2010 384 2072 sororiis
395 2009 517 2086 stupris
531 2009 612 2070 omni
622 2009 757 2070 inaudita
766 2008 890 2070 libidine
900 2006 1085 2067 infamist-
1106 2014 1119 2064 ἰ

57 2091 110 2158 17.
128 2095 184 2155 sed
199 2094 262 2156 ult
265 2094 402 2170 profecto
416 2093 565 2169 quaedam
577 2093 628 2153 rlla
640 2092 837 2167 reipublicae
846 2093 967 2152 fortuna
978 2090 1088 2166 matu,

57 2186 93 2239 ut
108 2177 166 2249 ille
187 2193 298 2239 caecus
320 2186 411 2252 atque
434 2193 538 2239 amens
563 2176 700 2271 tribunos
726 2176 824 2252 plebis
849 2175 1086 2245 nancisceretur,

57 2248 134 2336 quid
151 2261 251 2320 dicam
264 2261 429 2322 consules?
448 2246 563 2322 hoditie
575 2262 616 2321 ut
622 2256 711 2337 ege'
684 2244 820 2321 nornine
822 2258 987 2335 appellem
1001 2275 1087 2320 ever·

60 2360 148 2404 sores
171 2343 295 2404 huius'
286 2343 417 2418 imperii,
444 2344 616 2440 proditores
642 2350 762 2404 vestrae
788 2341 956 2418 dignitatis,
979 2342 1088 2404 hostes

59 2428 209 2487 bonoram
225 2426 379 2487 omnium?
401 2445 453 2502 qm
445 2427 508 2487 'ad
527 2429 689 2488 delendam
704 2434 858 2499 senatum,
881 2423 1088 2500 adfligendum

61 2518 232 2585 equestrem
248 2510 385 2570 ordinem
393 2511 638 2586 ,exstinguenda
653 2509 754 2572 omnia
767 2509 835 2570 iura
849 2519 941 2584 atque
952 2508 1088 2568 instituta

59 2592 206 2654 maiorum
221 2609 256 2653 se
275 2593 335 2652 illis
351 2593 485 2654 fascibus
505 2594 694 2681 caeterisque
714 2592 885 2668 insignibus
903 2588 1013 2653 summi
1032 2590 1088 2649 ho-

61 2675 144 2735 noris
159 2685 251 2750 atque
262 2675 380 2751 imperii
393 2685 517 2737 ornatos
528 2692 600 2736 esse
611 2677 840 2737 arbitrabantur.
868 2674 1029 2770 Quorum,
1030 2686 1089 2768 per

61 2758 138 2818 deos
157 2758 357 2820 immortales!
385 2758 565 2819 sinendum
586 2762 703 2820 scelera
723 2761 911 2856 vulneraque
927 2744 1035 2816 inusta
1042 2752 1101 2851 rei¹
1123 2816 1127 2829 ,

60 2832 200 2915 publicae
215 2841 307 2903 uultis
323 2842 495 2914 recordari,
514 2843 577 2902 vult
565 2850 627 2902 tum
645 2852 736 2919 atque
749 2840 905 2903 incessum
921 2835 1052 2900 animis
1043 2852 1087 2897 m·
1110 2836 1114 2843 '

60 2922 193 3007 tuemini.
233 2924 364 2984 Facilius
385 2926 465 2986 faeta
485 2941 591 2985 eorum
612 2934 771 2995 occurrent
790 2924 944 2997 mentibus
966 2920 1087 2993 vestris,

60 3007 87 3066 si
109 2994 162 3066 'era
179 3007 250 3083 ipsa
263 3007 361 3087 oculis
380 3006 634 3087 proposueritis.
645 3009 734 3079 Vlll.
754 3007 803 3070 18.
827 3004 912 3105 Alter
925 3002 1086 3081 unguentis

59 3088 215 3164 adfluens,
235 3082 438 3157 calamistrata
450 3106 551 3162 corna
569 3086 743 3181 despiciens
756 3090 899 3151 conscios
913 3098 1087 3164 stuprorum

58 3188 95 3233 ac
109 3182 231 3234 veteres
245 3182 409 3236 vexatores
423 3175 573 3234 aetatulae
588 3170 679 3248 suae',
688 3172 812 3250 puteali
835 3178 876 3234 ιι
885 3174 1087 3234 feneratorum

58 3255 203 3332 gregibus
216 3256 355 3330 inflatus,
378 3274 397 3317 a
412 3257 524 3333 quibus
538 3220 716 3332 compulsus
734 3256 820 3329 olim,
845 3272 884 3317 ne
899 3256 929 3316 in
943 3255 1086 3333 Scyllaeo

57 3338 110 3399 illo
132 3340 211 3401 aeris
227 3339 318 3401 alieni
320 3348 485 3423 tamquam
505 3338 535 3400 ιιι
551 3340 627 3401 freto
644 3340 684 3398 ad
703 3301 873 3401 columnam
886 3334 1086 3399 adhaeresce

57 3428 119 3498 ret,
143 3423 174 3483 in
190 3400 365 3543 tribulabitis
372 3431 501 3541 portum
519 3424 711 3545 perfugerat,
736 3421 947 3484 contemnebat
967 3420 1087 3495 equites
