2340 3788
398 185 479 247 CAP-
495 192 590 249 1-4..
612 191 639 253 S·
653 193 749 248 l-b.
1022 191 1087 259 238

29 361 35 365 ·
112 404 114 408 ³
146 335 196 394 III.
218 335 293 395 Nam
311 342 345 396 ut
365 334 492 410 primum
512 333 674 409 expueris
696 336 828 396 excessit
847 336 974 397 Archias
995 346 1085 414 atque

59 417 153 479 abiis
169 417 300 491 artibus,
322 418 432 493 quibus
449 427 533 479 aetas
553 417 679 493 puerilis
699 417 739 477 ad
759 415 973 480 humanitatem
993 420 1085 482 infor-

59 499 137 560 mari
152 503 244 572 solet,
262 516 297 560 se
312 500 352 560 ad
367 500 520 560 scribendi
539 499 669 562 studium
684 499 824 572 contulit,
838 501 965 574 primum
980 504 1085 565 Antio·

60 582 205 644 chiae-
221 599 290 643 nam
306 582 348 642 ibi
362 590 450 642 natus
465 590 513 643 est
531 584 599 643 loco
610 581 704 642 nobili
720 614 774 653 -,
803 582 914 642 celebri
932 587 1085 658 quondam

59 667 137 726 urbe
154 673 185 725 et
199 665 326 740 copiosa
340 674 431 741 atque
446 664 656 727 eruditissimis
666 662 839 724 hominibus
853 665 1085 729 liberalissimis·

61 764 123 825 que
142 747 250 807 studiis
271 745 432 822 adfluenti,
452 748 590 808 celeriter
609 747 790 807 antecellere
811 746 951 807 omnibus
973 748 1086 823 ingenii

59 829 158 906 gloria
173 828 305 904 contigit.
332 831 405 891 Post
425 831 455 889 in
477 829 604 891 caeteris
620 829 715 889 Asiae
737 827 874 904 partibus
897 838 1086 906 cunctaeque

60 911 207 974 Graeciae
222 912 267 972 sie
280 912 347 972 eius
362 915 510 974 adventus
532 913 775 985 celebrabantur,
788 920 822 972 ut
843 912 953 972 tamam
971 912 1085 988 ingenii

60 994 250 1070 exspectatio
276 995 421 1069 hominis,
448 995 705 1070 exspectationem
731 993 830 1069 ipsius
858 996 1006 1056 adventus
1032 997 1085 1057 ad·

60 1077 241 1152 miratioque
262 1085 428 1152 superaret,
459 1078 487 1140 5.
507 1079 578 1139 Erat
597 1078 682 1138 italia
699 1086 769 1139 tunc
791 1078 881 1152 plena
903 1077 1085 1139 Graecarum

59 1161 168 1243 artium
183 1175 219 1219 ac
234 1159 462 1236 disciplinarum
476 1161 642 1239 studiaque¹
652 1162 729 1222 haec
744 1167 774 1221 et
784 1159 814 1220 in
825 1159 910 1221 Latio
923 1161 1085 1222 vehemen-

58 1243 120 1304 tius
141 1251 204 1304 tum
225 1243 400 1305 colebantur
426 1262 516 1319 quam
536 1262 616 1306 nune
642 1244 751 1305 iisdem
775 1243 806 1303 in
836 1243 958 1321 oppidis
986 1244 1085 1305 ethic

57 1328 175 1411 Romoe
191 1335 316 1401 propter
333 1327 576 1403 tranquillitatem
591 1327 636 1389 rei
653 1325 793 1403 publicae
810 1342 870 1388 non
892 1328 1084 1402 negligeban-

57 1418 117 1470 tur.
145 1409 251 1484 ltaque
267 1410 347 1471 burro
362 1419 392 1472 et
404 1411 555 1472 Tarentini
569 1420 598 1472 et
614 1409 742 1486 Rhegini
756 1417 786 1470 et
799 1410 988 1484 Neapolitani
1012 1409 1085 1471 civi·

36 1566 40 1581 ¹
57 1500 120 1554 tate
135 1492 325 1569 caeterisque
339 1493 481 1570 praemiis
496 1495 646 1556 donarunt
660 1502 825 1565 scemeca,
847 1491 899 1567 qui
915 1491 1031 1569 aliquid
1046 1495 1084 1552 de

56 1573 189 1650 ingeniis
202 1584 340 1650 poterant
353 1577 502 1651 iudicare,
520 1577 690 1652 cognitione
705 1583 796 1651 atque
810 1575 943 1651 hospilio
960 1576 1085 1652 dignum

58 1657 276 1733 existimarunt.
312 1660 377 1719 Hac
397 1667 479 1720 tanta
499 1660 672 1720 celebritate
689 1661 787 1718 lamae
804 1675 898 1733 quum
920 1667 1004 1721 esset
1024 1660 1084 1719 iam

55 1740 237 1812 absentibus
264 1736 372 1813 notus,
392 1742 519 1801 Romam
542 1741 624 1800 venit
648 1740 743 1800 Mario
768 1743 895 1799 consule
916 1749 946 1800 et
968 1741 1083 1801 Catulo.
1139 1779 1144 1791 ι

56 1823 171 1884 Nactus
188 1829 235 1880 est
248 1822 378 1896 primum
394 1823 537 1881 consules
558 1838 627 1892 eos,
653 1838 785 1895 quorum.
798 1822 872 1880 alter
888 1838 938 1881 res
956 1824 996 1881 ad
1011 1823 1083 1901 scri7

56 1904 193 1964 bendum
217 1903 379 1975 maximae,
400 1906 475 1962 alter
502 1921 596 1978 quum
620 1918 670 1962 res
691 1911 793 1976 gestas
816 1912 878 1963 tum
906 1904 1009 1962 etiam
1022 1911 1083 1964 stu-

57 1987 142 2047 dium
164 1994 255 2061 atque
275 2001 366 2046 aures
391 1985 535 2046 adhibere
555 1993 671 2061 posset.
706 1983 811 2046 Statim
830 1984 963 2057 Luculli,
991 2001 1084 2059 quum

57 2075 268 2144 praetextatus
283 2067 372 2128 etiam
382 2077 453 2129 ,tum
466 2068 595 2129 Archias
611 2075 709 2141 esset,
730 2083 798 2130 eum
813 2067 844 2128 in
859 2069 981 2128 domum
996 2085 1083 2129 suem

58 2160 251 2235 recepemnt.
285 2151 340 2212 Est
353 2151 471 2226 signum
485 2151 544 2211 boc
554 2169 616 2232 non
627 2153 726 2212 solum
735 2150 849 2226 ingenii
862 2168 898 2211 ac
909 2152 1081 2224 litterarum,

59 2250 166 2294 verum
187 2233 276 2294 etiam
295 2244 419 2296 naturae
440 2243 530 2308 atque
550 2233 685 2307 vulnus,
704 2242 738 2295 ut
756 2235 879 2307 domus,
899 2251 977 2310 quae
991 2235 1082 2296 huius

60 2317 286 2378 adolescentiae
306 2317 404 2393 prima
424 2317 493 2391 luit,
514 2318 620 2378 eadem
635 2326 718 2379 esset
741 2316 973 2379 familiarissima
994 2334 1082 2379 sene·
1162 2371 1168 2378 ,

60 2399 141 2460 etuti.
185 2399 215 2461 b.
235 2400 307 2460 llrat
325 2400 513 2475 temporibus
530 2399 761 2461 illisiucundus
776 2400 897 2462 Metello
919 2401 962 2462 illi
980 2401 1081 2463 Numi-

60 2480 128 2542 dico
144 2490 174 2543 et
187 2482 254 2542 eius
267 2482 320 2542 Pio
333 2481 410 2555 filio,
433 2484 611 2544 audiebatur
627 2482 698 2543 abt
715 2483 861 2555 Aemilio,
877 2485 1000 2545 vivebat
1014 2500 1083 2544 cum

60 2562 93 2636 Q.
115 2563 219 2625 Catulo
235 2572 264 2625 et
285 2571 369 2640 patre
386 2573 417 2625 et
432 2566 510 2639 lilio,
535 2567 599 2627 aL.
619 2567 728 2626 crasso
747 2567 917 2640 colebatur,
934 2568 1082 2643 ⁴Lucullos

60 2656 132 2707 vero
149 2655 179 2707 et
191 2647 322 2708 Drusum
340 2655 370 2707 et
384 2647 526 2709 Octavios
541 2657 571 2709 et
586 2649 728 2709 catonem
745 2657 775 2709 et
793 2657 886 2710 totam
905 2648 1082 2710 Hortensio·

58 2743 125 2788 rum
142 2730 264 2790 domum
282 2729 451 2791 devinctam
468 2730 687 2792 consuetudine
702 2749 794 2806 quum
811 2739 942 2803 teneret,
960 2731 1082 2792 adticie

58 2811 147 2872 batur
169 2828 286 2872 summo
308 2812 440 2887 honore,
468 2815 639 2889 quodcum
662 2832 723 2876 non
746 2815 845 2877 solum
868 2814 1008 2875 colebant
1030 2812 1083 2888 qui

57 2893 174 2968 aliquid
186 2895 344 2970 percipere
358 2903 450 2971 atque
461 2896 566 2957 audire
580 2897 754 2969 studebunt,
772 2897 977 2957 verumetiam
991 2895 1019 2956 si
1030 2894 1083 2970 qui

58 2964 137 3037 l'orte
155 2978 344 3038 simulabant.
364 2979 416 3038 iv.
439 2980 561 3040 Interim
581 2980 655 3039 satis
679 2982 769 3054 longo
791 2980 964 3052 intervallo,
989 2994 1082 3054 quum

58 3068 144 3120 esset
158 3076 226 3120 cum
242 3060 275 3119 L.
289 3060 415 3122 Luculla
436 3062 467 3121 in
491 3061 623 3123 Siciliam
644 3064 798 3136 proiectus
823 3071 853 3122 et
870 3079 963 3138 quum
983 3078 1023 3122 ex
1045 3077 1083 3122 ea

56 3141 218 3217 provincia
241 3159 308 3204 cunr
332 3145 441 3205 eodem
460 3145 585 3206 Lucullo
606 3145 781 3221 decederet,
805 3145 887 3206 venit
899 3145 1081 3207 Heracliam:

57 3240 245 3300 quaequam
260 3234 343 3287 esset
357 3225 464 3288 civitas
479 3226 666 3302 aequissimo
681 3228 747 3289 iure
768 3243 804 3288 ac
821 3228 954 3302 loedere,
970 3226 1083 3289 ascribi

57 3322 95 3367 se
108 3306 138 3366 in
157 3325 224 3369 eam
239 3309 389 3370 civitatem
404 3310 514 3386 voluit,
528 3309 631 3386 idque,
655 3328 747 3386 quum
762 3310 832 3386 ipse
850 3327 954 3386 perse
970 3309 1082 3384 danus

671 3410 674 3436 t
