2340 3788
663 30 675 45 ,ι
700 30 734 51 ’,η
777 29 867 53 ,μ’-»ι-
924 29 939 53 5
973 29 993 35 ..

59 201 124 270 244
352 196 427 259 PRO
440 196 473 255 Ρ.
488 193 619 255 SESTIO
635 191 788 253 ORATIO.

60 356 94 407 od
107 365 227 419 praesens
241 349 373 414 negocium
390 347 523 412 pertinere.
558 342 733 396 ostendendae
746 349 806 392 sunt
821 343 889 392 enim
902 340 932 393 1³.
946 341 1029 393 clodii
1044 358 1084 393 se·

60 423 168 473 ditiosee
186 416 393 478 turbulentaeque
412 415 481 464 illius
498 413 619 478 temporie
636 411 747 463 udones
762 417 788 460 et
802 411 923 476 iniuriae,
946 425 1011 475 ques
1028 412 1084 477 ipse

62 489 147 543 (linaro
163 499 314 552 perpessus,
331 491 357 533 et
375 483 509 540 utilitates,
528 495 591 544 quas
611 482 639 529 in
655 479 727 529 illius
745 479 901 529 restitutione
922 480 1007 543 patrie
1025 495 1084 530 con-

61 563 147 609 secute
162 556 204 613 sit,
222 561 250 603 ut
265 560 332 602 recte
348 566 378 601 ae
392 550 534 600 necessario
545 549 575 599 P.
590 547 687 599 Sestius
704 556 814 597 armatos
823 546 945 597 habuisse
959 547 1084 606 videatur,

60 630 195 690 propterea
208 622 242 670 sit
256 621 367 670 maxime
382 618 523 684 praesentis
538 617 650 667 criminis
668 616 763 665 invidie
777 614 932 669 liberandus.
968 612 1084 680 [iudicia

61 693 102 742 cui
115 697 229 757 praeerat
244 689 279 738 tl.
296 686 420 738 Aemilius
434 685 544 736 Scaurus
560 690 671 750 praetor,
687 684 717 737 Ρ.
734 683 832 734 Sestius
845 697 935 734 revere
952 683 1084 735 absolutus

62 768 113 820 est,
130 759 190 809 side
204 757 331 808 Ciceronis
348 757 506 819 maulam
520 753 597 815 att-Q.
609 755 719 818 fratrae
732 752 777 805 lib.
791 753 822 803 lt
838 767 878 816 ep.
893 753 919 802 4.
935 752 961 815 s.
976 749 1013 818 1.]

13 1000 16 1007 Ι
116 927 165 1007 ,1.
186 923 215 985 l.
236 886 275 982 si
290 922 358 998 quis
372 930 476 999 antea,
489 908 623 992 iudices,
638 921 802 982 mirabatur
816 918 889 995 quid
904 927 988 981 esset
1002 920 1085 994 quod
1135 907 1137 912 ’

45 1000 118 1085 ''pro
133 1007 224 1068 tantis
243 1005 354 1081 opibus
369 1004 414 1064 rei
430 1005 569 1079 publicae
584 1013 728 1080 tantaque
742 1001 885 1078 dignitate
900 1001 1019 1077 imperii
1033 1019 1085 1062 ne·

62 1107 215 1167 quaquam
231 1090 305 1149 sutis
318 1088 402 1148 multi
416 1088 500 1148 cives
515 1087 584 1148 lorti
599 1095 629 1148 et
639 1085 859 1184 magnqqngmo
870 1085 1085 1158 invenirentur,

62 1172 115 1250 qni
134 1173 281 1233 auderent
301 1187 336 1232 se
353 1178 384 1231 et
406 1173 535 1230 sulutem
555 1187 641 1230 suam
660 1170 690 1229 in
713 1150 875 1231 diic'rrr‘sien
895 1167 1006 1230 offerre
1027 1185 1083 1243 pro

61 1262 143 1319 statu
156 1253 285 1316 civitatis
300 1262 331 1314 et
345 1270 401 1328 pro
419 1253 570 1333 communi
584 1253 735 1328 libertate,
753 1269 792 1312 erc
807 1252 867 1315 hoe
880 1259 1017 1327 tempore
1031 1251 1084 1311 mi·

20 1364 24 1387 ι
60 1347 143 1400 retur
158 1335 275 1413 potius,
296 1336 323 1397 si
339 1351 428 1411 quem
443 1334 562 1409 bo‘riu'r'n'
573 1340 603 1398 et
617 1339 724 1398 fortem
741 1335 837 1396 civem
852 1335 977 1409 viderit,
996 1351 1085 1411 quam

62 1420 195 1496 siquem
211 1427 262 1482 aut
276 1418 411 1479 timidum
428 1428 481 1480 aut
496 1420 554 1481 sibi
574 1418 676 1495 potius
691 1435 782 1495 quem
794 1419 840 1479 nei
853 1418 994 1496 publicae
1013 1433 1085 1479 con·

62 1505 220 1567 sulcatam.
242 1504 317 1563 Nam
328 1511 361 1563 ut
372 1502 513 1563 omittatis
525 1504 564 1563 de
575 1503 665 1564 unius
676 1502 826 1577 cuiusque
838 1517 913 1563 casu
923 1500 1085 1576 cogiando

60 1584 230 1656 recordari,
250 1602 312 1645 uno
326 1594 455 1660 aspectu
468 1585 577 1646 intueri
588 1585 717 1661 potestis
729 1601 799 1658 eos,
818 1583 954 1660 quicum
968 1591 1085 1657 senatu,

62 1684 131 1730 eum
147 1667 237 1729 bonis
252 1667 392 1729 omnibus
410 1684 474 1728 rem
492 1669 643 1744 publicam
660 1667 812 1729 adflictam
827 1667 985 1731 excitarint
999 1675 1030 1729 el
1043 1669 1086 1727 la-

39 1804 43 1827 ,
60 1750 190 1835 trecioio
205 1750 373 1811 domestico
388 1751 558 1826 liberarint,
579 1760 727 1825 maestos,
747 1751 937 1824 sordidatos,
957 1766 1030 1812 reos
1047 1751 1086 1810 de

62 1832 177 1909 capite,
193 1834 232 1893 de
247 1834 341 1907 lama,
358 1835 397 1894 de
412 1834 547 1906 civitate,
565 1835 604 1895 de
614 1834 757 1908 fortunis,
776 1835 816 1894 de
826 1832 931 1896 liberis
941 1833 1085 1894 dimican·
1117 1871 1122 1881 ·

60 1926 123 1978 tesz
144 1932 200 1977 eos
215 1920 325 1988 autem}
343 1917 396 1992 qui
411 1918 511 1978 omnia
526 1917 628 1978 divina
642 1924 673 1978 et
685 1918 815 1977 humana
831 1916 978 1990 violarint,
992 1932 1085 1977 vexa-

60 1999 135 2071 rint,
157 1998 373 2074 perturbarint,
395 2000 573 2075 everterint,
593 2017 654 2061 non
675 2002 773 2061 solum
789 2001 907 2061 alacres
927 2001 1087 2075 laetosque

61 2077 203 2152 volitare,
225 2081 384 2141 sedetiam
399 2082 572 2143 fortissimis
587 2093 679 2157 atque
696 2082 817 2161 optimis
834 2083 952 2144 civibus
968 2082 1087 2159 pericu-

61 2165 123 2223 lum
139 2162 251 2235 moliri,
273 2165 311 2222 de
330 2180 365 2224 se
379 2165 451 2225 nihil
465 2166 579 2226 timere.
621 2166 651 2227 2.
673 2168 707 2225 ln
724 2164 784 2243 quo
802 2183 895 2242 quum
909 2167 1003 2229 multa
1016 2173 1088 2226 sunt

62 2243 201 2317 indigna,
216 2252 278 2304 tum
295 2246 366 2306 nihil
381 2248 480 2308 minus
495 2257 543 2310 est
556 2249 729 2322 ferendum,
747 2266 837 2324 quam
852 2250 937 2324 quod
951 2249 1010 2309 iam
1024 2266 1086 2311 non

61 2341 118 2401 per
132 2328 266 2388 latrones
282 2345 371 2400 suos,
391 2348 451 2390 non
469 2346 524 2405 per
537 2331 676 2392 homines
693 2339 827 2408 egestate
842 2340 872 2392 et
886 2334 1002 2393 scelere
1016 2348 1086 2406 per·

62 2408 158 2480 ditos,
182 2410 238 2469 sed
251 2425 306 2483 per
321 2428 377 2473 vos
391 2412 495 2485 nobis,
514 2430 570 2487 per
585 2415 716 2490 optimos
733 2414 816 2475 viros
832 2414 953 2490 optimis
968 2414 1087 2475 civibus

5 2558 10 2577 ι
61 2490 228 2568 periculum
248 2492 359 2552 inferre
383 2503 529 2555 conantur
549 2504 580 2557 et
601 2515 679 2573 quos
701 2497 869 2572 lapidibus,
896 2515 975 2572 quos
997 2500 1087 2571 terro,

64 2592 143 2652 quos
159 2573 293 2648 lacibuS,
315 2593 394 2650 quos
411 2577 455 2649 vi,
478 2593 584 2651 manu,
603 2580 701 2659 copiis
719 2582 821 2641 delere
835 2597 897 2642 non
915 2588 1086 2657 potuerunt,

61 2658 120 2720 hos
135 2666 239 2719 vestre
253 2659 444 2732 auctoritate,
459 2669 561 2721 vestra
575 2662 734 2737 religione,
757 2664 866 2726 vestris
880 2656 1037 2725 sententiis
1052 2680 1088 2723 se

63 2757 268 2817 oppressuros
284 2742 472 2802 arbitrantur.
515 2744 580 2818 Ego
594 2754 709 2821 autem,
729 2746 861 2820 iudices,
875 2751 1011 2823 quomam
1025 2762 1088 2819 qua

62 2839 142 2884 voce
155 2824 227 2884 mihi
241 2824 271 2883 in
289 2824 415 2899 agendis
431 2825 535 2899 gratiis
551 2831 876 2905 commemorandoque
890 2845 993 2905 eorum
1020 2828 1088 2902 ,qui

64 2906 103 2966 de
120 2924 168 2967 me
186 2908 298 2982 optime
312 2905 408 2967 meriti
424 2916 506 2978 sont,
525 2909 672 2972 beneficio
688 2929 758 2973 esse
775 2912 918 2975 utendum
934 2873 1087 2987 paulam,

10 3070 13 3075 Ι
65 3000 102 3081 ea
117 3005 197 3049 nunc
216 2989 258 3050 uti
274 3006 368 3064 cogor
381 2990 411 3050 in
427 3008 532 3051 eorum
548 2992 691 3067 periculis
706 2996 910 3070 depellendis,
934 2994 973 3057 iis
992 2995 1088 3070 potis-

66 3084 175 3130 simum
191 3090 253 3132 vox
273 3073 349 3133 haec
370 3074 498 3148 serviat,
523 3092 652 3150 quorum
669 3093 762 3154 opera
778 3079 893 3140 etmihi
910 3089 940 3141 et
954 3078 1044 3140 vobis
1059 3085 1090 3138 et

65 3153 181 3226 populo
196 3155 332 3216 Romano
347 3156 484 3218 restituta
500 3167 556 3218 est.

149 3235 184 3294 ll.
201 3233 229 3293 3.
250 3239 288 3298 Et
305 3256 486 3314 quamquam
502 3257 521 3299 a
535 3240 567 3314 Q.
582 3237 759 3316 Hortensio,
778 3243 945 3305 clarissimo
961 3242 1027 3303 viro
1045 3250 1089 3303 at·

67 3333 127 3392 que
142 3319 404 3393 eloquentissimo,
427 3339 521 3383 causa
535 3332 582 3384 est
594 3324 625 3385 P.
642 3323 733 3386 Sestii
748 3335 887 3400 perorata
901 3326 1036 3401 nihilque
1050 3327 1089 3387 ab

67 3415 104 3460 eo
122 3401 369 3475 praetermissum
389 3412 451 3479 est,
472 3405 555 3481 quod
575 3415 628 3469 eut
642 3424 698 3484 pro
716 3426 749 3471 re
763 3409 885 3485 publicu
899 3406 1090 3487 conqueren-
