2340 3788
347 25 353 93 l
374 44 396 65 ··
423 42 430 99 ³.
791 44 922 114 mnam
942 32 1016 103 lan.
1041 48 1068 103 a·
1087 73 1095 103 ,ι

901 140 906 171 i
1007 140 1032 175 ¹..

50 285 89 323 ,or
369 185 779 311 effi-¹ff'⁵·1⁸··²4·
805 154 834 201 E.
913 164 973 225 μί,
1032 186 1095 253 251

50 302 59 329 a
91 284 218 311 aad...
388 288 393 305 ἲ
424 288 428 299 ι

62 338 210 399 incultum
231 335 389 408 videbant,
413 343 443 396 at
462 338 632 411 quoderat
652 352 689 397 ea
707 334 843 409 nominc,
866 346 899 399 ut
919 339 1093 412 ingenerata
1134 408 1139 423 1

63 419 196 480 familiae
212 419 368 492 frugalitas
382 419 551 492 videretur,
572 420 728 492 lavabant,
745 420 933 497 gaudebant,
951 427 980 479 ct
994 421 1034 480 ad
1047 417 1103 493 inf'

62 503 215 643 tegritaffb
240 502 393 581 ¹maiorum
410 517 466 577 spe
480 520 537 562 sua
553 503 704 597 hominem
719 501 880 579 ,uocabant
902 503 1027 562 materni
1042 521 1092 579 ge-

64 586 150 646 neris
159 568 180 616 θ’
229 563 358 647 1i3‘722.
388 585 453 658 ligo
478 594 577 645 autem
599 618 643 631 -
667 568 878 656 veiealoam',
904 586 1036 658 iudices,
1050 620 1093 633 -

62 675 180 729 tantum
190 683 261 727 esse
271 668 303 726 in
314 668 436 728 homine
447 669 587 739 sceleris,
602 668 765 739 audaciae,
781 667 981 737 crudelitatis,
998 686 1090 742 quan·

63 761 128 811 tum
144 751 210 824 ipse
230 766 299 810 cum
317 766 351 809 re
372 751 494 824 publica
509 767 543 810 se
584 752 799 843 Quanquam
811 751 924 826 putavi.
955 750 1092 824 Nequam
1125 754 1128 761 '

63 849 138 895 esse
153 832 304 893 hominem
325 841 355 894 et
374 835 471 892 levem
488 768 615 901 θῌὲῗέἷ
628 818 1093 921 libidiniiess‘errqrebominum

62 918 104 977 ab
118 915 327 977 adolescentia
340 917 584 977 commendatum
597 917 740 977 sciebam.
768 886 1014 985 Etddim'animtrs
1027 917 1092 976 eius

62 1001 114 1059 vul
129 1016 151 1061 u
181 994 295 1081 flagitia
308 999 474 1091 parietibus
488 999 680 1073 tegebantur:
698 998 841 1059 sedhaec
854 999 1108 1073 abstractionem

64 1007 396 1157 diuidind'esbireque
418 1083 549 1142 obducta
569 1083 625 1155 ita,
646 1090 680 1143 ut
695 1082 824 1144 curiosis
846 1081 943 1142 oculis
959 1082 1092 1157 perspici
1125 1076 1128 1083 '

63 1164 253 1238 nonpossit.
665 1196 680 1239 s,
716 1238 719 1243 ¹
809 1188 961 1261 ,410
981 1213 992 1235 .,

148 1248 184 1307 Χ.
200 1247 388 1309 Videbamus
399 1265 496 1323 genus
510 1247 603 1320 vitae,
616 1240 779 1321 desidiam,
790 1247 943 1308 inertiam:
958 1244 1091 1308 inclusas

62 1330 133 1392 eius
147 1330 304 1405 libidines,
327 1331 379 1408 qui
395 1333 496 1407 paullo
513 1333 639 1407 propius
654 1339 864 1405 accesserant,
884 1331 1091 1392 intuebantur:

63 1413 197 1489 denique
211 1415 300 1475 etiam
315 1415 465 1475 sermonis
480 1410 572 1475 ansas
584 1414 690 1488 dabat,
709 1415 819 1490 quibus
834 1415 1010 1475 reconditos
1023 1412 1090 1474 eius

62 1513 175 1557 sensus
192 1504 295 1595 tenere
312 1516 484 1572 possemus.
524 1497 574 1559 23.
595 1497 751 1559 Laudabat
765 1497 856 1558 homo
872 1499 980 1559 doctus
994 1495 1091 1571 philo·

62 1581 182 1654 sophos
198 1560 303 1643 nescio
319 1584 531 1657 quos-neque
546 1598 650 1642 eorum
666 1591 764 1641 tamen
780 1581 902 1640 nomina
918 1588 1034 1656 poterat
1048 1581 1092 1639 di-

63 1678 151 1724 care:
169 1665 226 1724 sed
242 1675 341 1725 tamen
355 1682 410 1725 ecs
426 1666 569 1750 laudabat
585 1662 730 1736 maxime,
747 1664 799 1739 qui
815 1663 955 1724 dicuntur
971 1671 1110 1738 praeter¹
1132 1728 1137 1739 ,

61 1740 203 1806 caeteros
219 1762 290 1806 esse
304 1756 445 1811 auctores
460 1754 489 1805 ct
502 1738 675 1806 iaudalorcs
691 1745 870 1825 voluptatis
887 1746 975 1807 cuius
988 1754 1019 1807 et
1030 1761 1090 1821 quo
1121 1770 1127 1783 =

61 1837 202 1900 tempore
213 1837 243 1887 et
254 1845 315 1902 qua
328 1828 419 1887 modo
433 1844 495 1889 non
507 1828 684 1907 quaerebat:
694 1808 828 1903 larbam
838 1829 940 1901 ipsum
951 1826 1091 1888 omnibus

58 1910 201 1986 partibus
217 1908 308 1969 animi
324 1919 355 1969 et
371 1911 508 1984 corporis
524 1908 705 1970 devorabat:
729 1906 918 1984 eosdemque
937 1910 1091 1984 praeclare

60 1994 168 2073 dicere
182 1990 470 2075 aiebat,sapicntas
487 1991 588 2053 omnia
605 2008 661 2052 sua
675 2009 769 2052 causa
784 1994 898 2053 lacere:
916 2007 978 2049 rem
994 1991 1091 2065 publi-

10 2087 12 2091 ·
33 2070 138 2137 ''cairi¹
153 2070 321 2149 capessere
340 2075 493 2136 hominem
517 2077 596 2157 bene
620 2093 812 2153 ¹sanumqoa
832 2080 993 2153 ¹oportcrcr
1019 2072 1092 2133 nihil

61 2175 138 2231 csse
147 2158 361 2239 praestabilius
373 2160 479 2221 ociosa
490 2161 566 2235 vita„
580 2156 672 2239 plena
682 2170 713 2220 et
724 2152 860 2220 conferta
871 2156 1091 2232 voluptatibus=

63 2232 261 2316 ecs‘a‘u‘tem',
274 2245 327 2317 qui
347 2226 955 2327 dicerent{‘digriitati'‘es‘s'a'serviendum‚
975 2240 1019 2300 rei
1036 2257 1091 2317 pn-

61 2325 162 2385 blicae
178 2327 414 2399 consulendum,
429 2308 524 2389 allicit
537 2326 684 2395 rationem
699 2326 731 2387 in
746 2318 919 2397 omnivita,
936 2341 997 2384 non
1009 2340 1091 2385 com·
1127 2364 1132 2369 -

61 2408 147 2468 modi
158 2425 229 2468 esse
243 2410 429 2484 ducendam,
444 2411 593 2472 ¹adeunda
609 2426 666 2484 pro
683 2408 957 2491 patria-pericula„
967 2409 1092 2485 uulnera

62 2490 262 2565 excipienda,
284 2500 411 2553 mortem
426 2494 646 2567 oppetendam,
669 2478 825 2554 vaticinari
845 2478 1091 2568 aiqueinsinir'e

62 2573 192 2634 dicebat
227 2573 277 2635 at.
298 2575 344 2635 Ex
358 2575 407 2635 his
421 2575 560 2637 adsiduis
576 2576 643 2637 eius
661 2575 883 2651 cotidianisque
900 2572 1091 2635 sermonibus

62 2665 94 2716 et
114 2658 196 2731 quod
221 2657 362 2718 videbam
385 2660 564 2734 quibuscum
588 2659 760 2720 hominibus
785 2658 816 2718 in
839 2657 981 2718 interiore
1005 2663 1093 2731 parte

60 2740 184 2800 aedium
206 2740 321 2801 viveret
340 2749 371 2802 et
393 2743 478 2823 quod
500 2742 542 2802 ita
562 2743 672 2802 domus
692 2739 926 2816 indemnata,
951 2747 985 2799 ut
1000 2738 1093 2797 multa

60 2824 128 2883 eius
142 2818 419 2909 sermonis-indicia
432 2825 614 2897 redolerent,
627 2826 796 2886 statuebam
810 2825 864 2894 sic,
878 2823 950 2883 boni
966 2820 1038 2881 nihil
1052 2821 1092 2880 ab

59 2903 120 2964 illis
140 2898 232 2980 arihis
249 2902 504 2982 exspectandum,
515 2912 518 2917 '
529 2908 599 2969 mali
615 2909 736 2983 quidem
758 2916 840 2968 certe
858 2905 931 2966 nihil
952 2902 1104 2981 pertima'

61 2989 220 3052 scendum.
255 2990 318 3051 Sed
331 2990 372 3051 ita
387 2999 451 3064 est,
465 2990 603 3069 iudices,
626 2998 672 3063 ut,
695 2991 721 3051 si
734 2990 868 3065 gladium
883 3005 978 3063 parvo
993 3003 1091 3063 puero

59 3079 113 3130 aut
127 3072 153 3130 si
167 3071 318 3135 imbecillo
334 3074 401 3135 seni
420 3070 472 3135 adl
485 3073 578 3147 dsebili
593 3074 731 3146 dederis,
753 3073 823 3149 ipse
837 3074 951 3147 impetu
964 3088 1021 3133 suo
1039 3086 1091 3130 ne·

58 3152 133 3213 mini
150 3165 275 3217 noceat=
300 3158 347 3217 sin
362 3158 403 3218 ad
419 3156 533 3218 nudum
551 3159 599 3216 vel
617 3156 772 3217 fortissimi
789 3155 845 3216 viri
859 3172 972 3233 carpus
985 3170 1091 3215 acces-

60 3235 151 3310 serit,
174 3240 275 3313 possit
289 3241 355 3301 acie
377 3240 447 3315 ipsa
463 3249 494 3300 et
512 3238 584 3301 ierri
605 3239 720 3300 viribus
742 3241 919 3313 vulnerare,
937 3238 980 3301 ita
998 3254 1091 3312 quum

58 3319 234 3381 hominibus
248 3323 402 3384 enervatis
416 3332 509 3398 atque
523 3322 732 3401 exsanguibus
746 3325 922 3403 consulatus
937 3330 1091 3394 tamquam

58 3402 180 3476 gladius
200 3412 286 3466 esset
307 3406 413 3481 datus,
438 3407 491 3481 qui
510 3423 567 3481 per
584 3422 619 3467 se
633 3408 769 3481 pungere
783 3404 934 3467 neminem
947 3416 1091 3477 umquam
