2340 3788
376 176 459 237 cll).
474 187 571 242 s-a
592 184 618 247 s.
634 187 764 242 11-1s.
1019 182 1085 251 427

52 342 113 388 um
129 325 373 390 etiam=Ballioni
402 302 614 391 arsenatem
634 327 765 391 bominis
780 327 978 404 flagitiosam!
995 330 1085 394 oim-

59 410 244 484 udcntiam,
263 409 442 491 nequitiam,
464 411 618 473 libidinem
639 427 701 472 non
724 412 895 473 ferendam!
929 415 973 476 Tu
988 432 1084 492 quum

61 493 221 569 rineipem
243 502 431 569 senatorem,
459 496 557 555 civem
584 495 769 569 singularem
796 504 859 557 tam
878 498 1083 573 propinquum

52 576 180 650 abeas,
200 578 241 638 ad
262 594 331 639 eum
347 578 386 638 de
401 595 435 639 re
453 577 576 652 publica
589 576 664 637 nihil
677 579 809 639 reseras:
828 579 945 639 referas
966 581 1006 641 ad
1026 598 1082 644 eos

52 660 98 725 ui
113 674 201 721 suam
214 675 277 721 ram
291 661 405 722 nullam
419 661 547 732 habent,
569 667 652 721 tuam
665 659 872 722 exhauriuntt
902 661 984 723 Tuus
1001 665 1082 724 vide·

52 751 115 804 .cet
136 745 278 806 salutaris
299 745 492 816 consulatus,
513 743 706 819 perniciosus
726 758 823 805 meua.
865 744 931 804 vll.
954 745 1083 807 Adeone

52 826 196 887 *odorem
210 843 280 888 cum
303 826 450 902 pudicitia
467 825 645 902 perdidisti,
668 828 784 889 nt-boc
804 826 836 888 irr
851 842 890 889 eo
909 829 1022 903 templo
1037 828 1082 889 di·

52 920 114 983 ¹ntra
130 924 226 971 ausus
241 910 302 983 sis,
319 910 349 968 in
365 925 427 984 quo
441 923 500 985 ego
514 918 653 971 senatum
668 910 768 984 illum,
789 911 841 987 qui
856 911 1012 987 quondam
1027 910 1083 972 llo-

52 986 116 1053 hns
140 993 209 1053 orbi
237 999 385 1052 terrarum
407 992 620 1069 praesidebat,
643 994 860 1064 consulebam,
887 1002 920 1055 tu
942 993 1083 1056 homines

52 1073 271 1136 nerditissimos
288 1091 358 1136 num
373 1074 484 1150 gladiis
500 1076 714 1138 collocavistlr
756 1076 805 1139 ld.
826 1079 868 1138 At
881 1078 973 1138 en'am
986 1092 1084 1138 ausus

55 1172 76 1219 s
97 1191 134 1203 -
153 1158 228 1234 quid
245 1166 346 1220 autem
358 1167 408 1220 est
428 1160 515 1234 quod
536 1167 570 1221 tu
583 1174 644 1221 non
658 1159 799 1221 audeast
810 1194 851 1207 -
865 1159 979 1220 cllvnm
995 1159 1083 1235 capl-

52 1241 171 1303 :tlinum
197 1241 300 1303 dicere
325 1257 374 1301 nre
402 1244 530 1303 consule
554 1243 680 1318 plenum
710 1258 870 1306 servorum
898 1251 1082 1305 armatorum

52 1324 152 1387 uisse.
179 1323 219 1385 tn
235 1323 300 1398 illa,
318 1324 427 1399 credo,
442 1325 559 1387 nelarie
572 1334 697 1388 senatus
713 1331 853 1389 consulta
874 1327 1000 1400 tierent,
1020 1326 1081 1386 vim

52 1407 219 1469 dlerebarn
237 1407 366 1469 senatui.
397 1408 629 1488 Omiser,.siva
643 1410 694 1470 illa
709 1410 762 1471 tibi
779 1420 851 1473 nota
867 1425 928 1472 non
944 1417 1016 1472 sunt
1036 1442 1080 1457 -

52 1488 116 1553 lun
136 1490 217 1552 enim
237 1490 311 1555 boni
325 1493 408 1554 nosti
421 1493 546 1554 -,sive
560 1503 645 1567 sunt,
662 1494 715 1569 qni
730 1496 812 1570 apud
826 1496 903 1557 tales
919 1492 1004 1556 viros
1018 1502 1080 1556 tam

52 1573 237 1650 inpudenter
249 1577 394 1653 loquare!
419 1575 493 1649 Quis
509 1576 591 1637 enim
605 1592 703 1651 eques
716 1574 887 1650 Romanus,
905 1577 975 1653 quis
992 1592 1081 1654 prae

52 1670 86 1719 er
100 1664 132 1718 te
147 1659 331 1720 adolescens
352 1658 482 1733 nobilis,
503 1658 573 1732 quis
593 1659 687 1719 ullius
702 1659 832 1735 ordinis,
856 1658 909 1734 qni
928 1674 965 1720 se
982 1663 1080 1721 civem

52 1739 246 1814 neminisset,
267 1754 362 1814 quum
375 1748 502 1801 senatus
515 1739 547 1799 in
567 1739 628 1799 hoc
641 1743 754 1814 templo
769 1748 868 1814 esset,
882 1743 913 1799 in
927 1740 1008 1802 clivo
1025 1742 1080 1802 cs-

52 1821 170 1886 itollno
191 1836 254 1883 non
278 1821 356 1883 liritt
374 1822 444 1898 quis
469 1834 581 1882 nomen
605 1836 668 1881 non
688 1822 792 1882 deditt
817 1837 1002 1898 quamquam
1021 1838 1081 1884 nec

52 1904 314 1970 cribaesulllcere
326 1918 384 1965 nec
394 1902 774 1965 tabulaenomlnaillorum
786 1912 1080 1982 eaperepotuerunt.

52 1988 77 2055 7
81 2034 89 2048 .
114 1988 232 2048 Etenim
248 2002 342 2063 quum
355 1985 496 2049 homines
519 1986 627 2047 nolarii
638 1984 680 2048 de
694 1986 810 2065 patritie
826 1985 991 2062 parricidio
1006 2004 1080 2048 con-

52 2081 215 2144 terentur,
236 2072 432 2132 consciorum
452 2069 589 2143 indiciis,
614 2086 671 2132 sua
692 2085 798 2145 mann,
821 2085 899 2132 voce
919 2084 1020 2147 paene
1033 2073 1080 2133 lit·

52 2172 174 2220 erarum
193 2152 294 2217 coacti
314 2168 350 2216 se
368 2154 474 2216 urbem
495 2154 701 2229 inflammare,
723 2153 811 2216 cives
837 2153 1005 2227 tmcidare,
1025 2169 1080 2215 va·

52 2250 123 2304 mre
147 2236 279 2312 ltaliam,
309 2238 414 2299 delere
437 2254 502 2300 rem
526 2238 680 2315 publicam
708 2238 923 2313 consensisse,
948 2239 1080 2315 quises-

52 2333 86 2387 et
105 2321 158 2397 qui
179 2321 220 2381 ad
240 2322 368 2382 salutem
389 2337 579 2385 communem
598 2322 824 2383 defendendam
844 2338 907 2384 non
930 2321 1080 2387 excitare-

52 2412 110 2470 ιιι
124 2405 306 2480 praesertim
321 2420 415 2481 quum
429 2413 554 2468 senatus
569 2407 768 2482 populusque
781 2404 939 2467 Romanus
952 2406 1080 2466 haberet

53 2502 161 2562 neem,
178 2487 277 2564 qualis
291 2487 319 2549 si
334 2489 386 2564 qui
400 2496 482 2549 nunc
494 2498 587 2560 esset
604 2488 658 2549 tibi
671 2488 768 2563 idem,
785 2488 870 2564 quod
884 2490 943 2549 illis
957 2488 1078 2560 accidit,

52 2570 230 2647 obtigisset.
251 2570 301 2631 Ad
316 2573 503 2647 sepulturam
517 2587 631 2647 eorpus
646 2570 745 2633 vitrici
759 2571 808 2633 sui
823 2580 914 2647 negat
928 2587 946 2631 a
960 2585 1008 2630 me
1024 2572 1079 2630 da-

52 2670 114 2720 rm.
138 2654 206 2717 Hoc
222 2670 295 2716 vero
310 2671 350 2716 no
365 2652 398 2714 Ρ.
413 2655 535 2731 quidem
552 2654 678 2717 clodius
700 2655 776 2715 dixit
794 2668 951 2730 umquamr
976 2669 1078 2729 quem,

54 2737 115 2802 uia
130 2736 196 2796 iure
208 2736 239 2799 ei
252 2738 392 2800 inimicus
408 2739 469 2812 lui,
490 2739 582 2800 doleo
603 2754 621 2798 a
635 2746 665 2799 te
679 2736 822 2800 omnibus
836 2736 919 2799 vitiis
931 2737 992 2798 iam
1006 2750 1079 2797 esse

52 2827 230 2895 operatum.
264 2820 384 2896 18.οιιὶ
406 2829 506 2883 autem
526 2819 580 2882 tibi
601 2820 728 2883 venitin
743 2829 875 2883 mentem
887 2821 1030 2897 redigere
1043 2816 1077 2879 in

52 2901 220 2969 remuriam
235 2914 373 2966 nostram
392 2914 422 2967 tc
444 2904 527 2966 domi
546 2905 578 2965 P.
592 2904 710 2967 Lentuli
726 2921 798 2966 esse
812 2906 996 2967 educarunt
1025 2904 1076 2962 An

53 2986 190 3053 erebare
204 3002 244 3050 ne
257 3002 317 3050 non
329 2996 507 3066 putaremus
518 2996 625 3049 natura
637 2996 668 3049 te
680 2986 819 3063 potuisse
829 2997 891 3049 tam
904 2986 1077 3064 improbum

52 3068 189 3143 vadere,
203 3070 757 3147 nrslaccessissetetiamoisctpttnar
797 3072 878 3132 vlll.
891 3070 964 3132 Tam
976 3079 1077 3132 uatem

52 3168 110 3216 ras
131 3167 258 3229 excors,
278 3163 311 3217 ut
327 3163 393 3219 tota
416 3154 447 3217 in
469 3153 607 3217 omtione
628 3163 680 3217 tua
698 3163 801 3217 tecum
821 3153 890 3230 ipse
912 3168 1077 3231 pugnares,

52 3248 115 3302 ‚on‘
131 3237 224 3299 modo
253 3254 315 3300 non
329 3238 525 3301 cohaerentia
547 3236 627 3300 inter
644 3253 680 3300 se
703 3238 838 3312 diceres,
865 3238 925 3301 sed
945 3236 1078 3299 maxime

52 3320 177 3384 iiuncta
191 3330 284 3398 atque
298 3321 456 3395 contraria,
472 3331 506 3385 ut
520 3334 581 3384 non
596 3328 680 3383 tanta
696 3332 831 3393 meeum,
848 3328 961 3397 quanta
976 3328 1078 3381 tecum

52 3401 93 3466 lbi
111 3412 197 3466 essct
213 3404 377 3477 contentio.
421 3405 569 3469 vitricum
591 3411 675 3467 tuum
694 3403 792 3467 ltrisse
812 3400 844 3466 in
864 3411 949 3469 tanto
961 3403 1080 3465 scelere
