2340 3788
97 180 160 249 208
395 172 470 234 PRO
483 172 515 233 P.
530 171 656 234 suma
670 171 820 234 ORATIO.

96 329 156 391 hoc
168 340 306 400 regnare,
325 340 418 399 quum
431 339 537 385 verum
552 322 667 385 iuratus
685 323 780 398 dicas,
800 323 941 399 probare.
967 324 1014 386 De
1032 324 1126 387 httius

96 417 274 487 spetantum
286 405 370 479 dico,
391 407 490 467 nullas
509 422 590 467 ame
607 421 683 482 opes
699 407 730 466 P.
746 405 874 480 Sullam,
889 407 1003 468 nuttam
1017 416 1128 483 poten·

96 489 257 566 tism,nihil
268 487 400 565 denique
416 497 536 565 praeter
550 489 641 550 fidem
653 489 843 551 detensionis
858 498 1052 565 exspectare.
1073 490 1126 553 22.

93 574 162 637 Nisi
174 582 217 645 ιιι,
229 570 334 648 inquit,
348 587 471 632 causam
485 572 668 648 recepisses,
687 589 850 648 numquam
863 572 937 633 mihi
951 571 1127 647 restitisset,

97 658 155 720 sed
169 654 281 717 indicta
295 671 389 716 cause
402 653 598 730 profugisset.
631 653 664 715 Si
678 653 739 716 iam
751 654 805 717 tibi
820 656 880 718 hoc
894 657 1074 731 concedam,
1091 656 1127 729 Q.

50 762 53 767 ¹
98 738 300 811 Hortensium,
314 746 397 801 tanta
408 737 556 813 gravitate
570 736 731 812 hominem,
748 737 784 811 si,
798 738 857 800 hos
870 740 949 800 tates
964 737 1050 801 viros
1064 755 1128 800 non

99 839 157 884 suc
172 831 253 884 stare
266 820 388 896 iudicio,
406 821 462 881 sed
477 836 560 882 meo:
583 819 610 881 si
620 821 679 882 hoc
694 820 749 883 tibi
764 821 843 895 dem,
861 822 944 896 quod
959 820 1044 883 credi
1065 838 1128 883 non

98 913 209 984 potest,
226 903 285 965 nisi
299 920 357 979 ego
372 902 444 964 huic
456 903 672 977 adessem,hcs
687 905 845 967 adiuturos
860 921 922 966 non
937 902 1043 976 tuisse,
1060 912 1129 967 uter

99 990 220 1069 tandem
233 1003 291 1048 rex
305 995 361 1061 est,
375 987 451 1060 isne,
472 987 521 1047 cui
537 985 714 1049 innocentes
728 987 867 1049 homines
888 1003 949 1048 non
970 987 1128 1061 resistunt,

99 1090 138 1133 an
153 1071 195 1146 is,
222 1069 274 1147 qui
301 1070 494 1130 calamitosos
509 1086 570 1130 uon
585 1070 719 1132 deserite
745 1072 788 1132 At
800 1069 969 1144 hicetiam,
994 1069 1027 1129 id
1043 1069 1128 1145 quod

100 1154 222 1216 minime
235 1150 288 1213 tibi
299 1167 429 1212 necesse
445 1150 514 1225 fuit,
532 1153 649 1214 facetus
664 1170 735 1215 esse
745 1153 877 1227 voluisti,
894 1150 1127 1227 quumTarqui-

100 1237 182 1299 nium
199 1243 229 1296 et
238 1236 364 1295 Numam
378 1241 409 1296 et
418 1250 467 1294 me
477 1235 594 1296 tertium
606 1237 799 1312 peregrinum
812 1251 915 1312 regem
925 1252 998 1297 esse
1014 1233 1128 1297 dixisti.

99 1319 183 1380 Mitto
207 1316 267 1378 iam
287 1317 326 1377 de
345 1332 418 1392 rege
434 1333 596 1393 quaerere:
617 1319 692 1380 itlud
707 1335 836 1396 quaero,
861 1317 1054 1395 peregrinum
1075 1333 1129 1379 cur

100 1418 149 1462 me
162 1416 234 1460 esse
248 1398 372 1460 dixeris.
415 1399 490 1460 Nam
505 1399 531 1461 si
546 1399 587 1462 ita
601 1418 683 1476 sum,
705 1420 766 1464 non
781 1412 842 1464 tam
857 1413 905 1464 est
918 1401 1128 1462 admirandum

99 1499 203 1559 regem
222 1498 271 1542 me
292 1498 380 1556 esse,
406 1481 562 1558 quoniam,
584 1492 617 1545 ut
632 1492 665 1545 tu
681 1484 742 1559 ais,
763 1484 852 1547 etiam
871 1483 1024 1560 peregrini
1036 1499 1128 1559 reges

99 1568 215 1628 Romae
236 1566 370 1640 suerunt,
390 1583 480 1642 quam
503 1568 659 1631 consulem
672 1569 787 1629 Romae
808 1568 903 1630 tuisse
922 1566 1128 1643 peregrinum.

47 1670 54 1685 ·
99 1648 151 1713 23..
173 1649 241 1709 Hoc
255 1647 334 1722 dico,
351 1647 457 1725 iuquit,
472 1658 502 1711 tc
516 1667 587 1711 esse
600 1666 641 1711 ex
656 1649 830 1726 municipio.
865 1650 983 1724 Fateor,
999 1659 1030 1712 et
1045 1647 1128 1710 addo

29 1786 32 1791 .
101 1731 193 1793 etiam
208 1748 247 1792 ex
262 1747 299 1791 eo
314 1732 488 1808 municipio,
506 1734 588 1795 unde
600 1732 708 1795 iterum
722 1735 790 1803 iam,
803 1736 888 1795 satus
907 1733 978 1795 huic
991 1732 1061 1794 urbi
1071 1733 1128 1793 im-

100 1814 250 1892 perioque
269 1814 364 1876 missa
379 1823 436 1877 est.
458 1815 520 1877 Sed
535 1816 614 1878 scire
629 1833 668 1878 ex
689 1827 719 1879 te
740 1816 886 1894 pervelim
901 1833 991 1893 quam
1007 1817 1046 1878 ob
1063 1830 1129 1875 rem

101 1897 204 1975 quiex
214 1897 387 1974 municipiis
399 1898 521 1969 ueniant
536 1900 688 1976 peregrini
698 1900 752 1963 tibi
763 1917 835 1961 esse
847 1899 1015 1961 videantur.
1032 1900 1128 1959 Nemo

100 1982 178 2043 istuc
200 1982 241 2041 M.
261 1980 303 2042 illi
321 1981 427 2043 Catoni
448 1983 528 2058 seni,
555 2000 647 2058 quum
666 1982 812 2059 plurimos
831 1983 957 2043 haberet
978 1980 1130 2054 inimicos,

101 2082 191 2126 nemo
206 2064 249 2125 Ti.
263 2065 460 2137 Coruncanio,
477 2083 565 2127 nemo
580 2067 630 2125 Μ’.
646 2066 745 2141 Curio,
759 2082 847 2126 nemo
862 2065 932 2126 huic
947 2064 1007 2139 ipsi
1022 2071 1130 2125 nostro

102 2148 134 2207 C.
150 2148 257 2220 Mario,
274 2164 367 2222 quum
383 2146 412 2209 ei
426 2148 508 2208 multi
522 2147 701 2222 inviderent,
718 2148 829 2209 obiecit
842 2164 993 2223 umquam.
1035 2144 1130 2221 Equi-

103 2230 171 2289 dem
184 2230 377 2290 vehementcr
387 2231 482 2292 laetor
493 2248 562 2291 eum
576 2247 647 2292 esse
659 2248 718 2304 me,
727 2232 757 2290 in
761 2247 861 2308 quem
877 2241 916 2303 tu,
930 2246 1024 2306 quum
1035 2244 1129 2323 cupe-

101 2328 162 2385 res,
179 2313 291 2371 nuitam
305 2312 539 2373 contumetiam'
531 2330 632 2376 tacere
646 2313 791 2390 potueris,
808 2330 887 2389 quae
901 2330 963 2374 non
980 2313 1020 2374 ad
1033 2309 1128 2373 maxi·

102 2411 181 2453 mam
204 2401 320 2490 partem
341 2395 451 2457 civium
469 2399 655 2458 conveniret.
697 2399 777 2458 Vlll.
800 2398 863 2459 Sed
884 2407 983 2459 tamen
999 2404 1030 2457 te
1044 2411 1064 2455 a
1078 2409 1130 2455 mc

101 2493 158 2551 pro
179 2477 297 2551 maguis
318 2479 420 2541 causis
442 2489 565 2542 nostrae
585 2479 821 2542 necessitudinis
848 2481 1033 2543 monendum
1058 2493 1131 2539 esse

103 2559 194 2621 etiam
209 2568 300 2635 atque
315 2561 403 2622 etiam
418 2570 503 2637 puto.
545 2563 610 2625 Non
631 2572 762 2641 possunt
782 2580 888 2626 omnes
906 2580 977 2625 esse
996 2560 1130 2638 patricii=

103 2642 130 2702 si
143 2660 250 2704 verum
265 2646 395 2720 quaeris,
407 2663 446 2706 ne
459 2653 565 2707 curant
576 2647 713 2724 quidem=
727 2664 785 2709 nec
800 2665 834 2709 se
846 2649 990 2723 aequales
1003 2645 1049 2707 tui
1060 2661 1131 2720 pro·

104 2734 170 2801 pter
186 2727 413 2793 istamcausam
427 2729 483 2790 abs
498 2737 528 2791 te
545 2730 652 2792 anteiri
669 2738 783 2807 putant.
827 2727 877 2791 24.
900 2732 946 2790 Ac
964 2728 991 2790 si
1005 2727 1059 2789 tibi
1072 2743 1131 2788 nos

105 2811 256 2885 peregrini
272 2811 424 2888 videmur,
446 2827 575 2886 quorum
589 2814 649 2875 iem
666 2831 778 2876 nomen
793 2821 823 2875 et
837 2813 937 2874 honos
951 2808 1133 2872 inveteravit

104 2902 135 2951 et
148 2895 215 2954 urbi
229 2894 299 2956 huic
314 2903 344 2955 et
358 2893 514 2957 hominum
528 2898 626 2958 famae
640 2914 676 2958 ac
693 2896 899 2969 sermonibus,
923 2911 1014 2972 quam
1029 2892 1084 2955 tibi
1097 2893 1132 2953 il-

104 2975 153 3033 los
169 2979 383 3053 competitores
399 2987 468 3041 tuos
477 2980 655 3056 peregrinos
670 2979 765 3040 videri
780 2997 910 3042 necesse
925 2981 989 3052 erit
1005 2977 1057 3053 qui
1072 2975 1133 3036 iam

103 3071 144 3114 ex
158 3064 219 3118 tota
242 3061 327 3121 ltalia
345 3063 453 3124 delecti
474 3072 573 3125 tecum
589 3064 627 3123 de
641 3063 758 3125 honore
779 3080 816 3124 ac
833 3053 872 3125 de
888 3061 970 3123 omni
987 3060 1133 3136 dignitate

104 3141 303 3202 contendent·
326 3162 454 3220 quorum
470 3154 502 3207 tu
519 3163 594 3206 cave
616 3163 798 3221 quemquam
818 3146 1010 3242 peregrinum
1026 3143 1134 3219 appel

105 3221 166 3294 tes,
188 3238 225 3282 ne
245 3228 473 3300 peregrinorum
499 3228 652 3304 suffragiis
673 3230 811 3291 obruam.
855 3229 911 3304 Qui
933 3231 959 3289 si
980 3225 1135 3289 attulerint

105 3320 218 3366 nervos
237 3312 267 3365 et
280 3305 466 3385 industriam,
481 3312 554 3373 milri
569 3313 668 3385 crede,
685 3312 839 3374 excutient
854 3313 959 3374 tibit
920 3321 959 3373 rst
960 3329 1007 3371 am
1022 3309 1133 3370 verbo-

104 3402 171 3448 rum
194 3387 386 3452 iactationem
408 3402 438 3455 ct
456 3402 486 3457 te
502 3411 541 3456 ex
563 3411 671 3457 somno
691 3411 787 3471 saepe
807 3393 982 3457 excitabunt
1001 3410 1060 3455 nec
1077 3409 1132 3468 pa·
