2340 3788
364 207 446 309 οΑΡ.
462 213 594 270 ao—ea.
610 213 786 276 εειι-ει.
949 206 954 213 ’
1023 207 1087 274 229

11 362 15 369 ’
51 361 223 429 liberatus,
240 373 319 434 quaa
332 357 424 418 habet
437 365 627 429 ammenta,
645 374 725 433 quae
746 357 861 420 solacia
875 359 992 438 reliqua
1008 358 1088 422 vitae

55 442 175 520 quibus
187 440 292 501 laetari
303 447 334 501 ct
342 441 457 516 perfrui
468 441 587 517 possiti
601 441 716 500 Domus
728 439 797 513 erit,
809 443 916 516 credo,
926 454 1087 505 exornatur

53 524 237 602 aperientur
260 522 407 584 maiorum
432 522 596 599 imagines:
625 521 694 599 ipse
722 529 859 583 omatum
887 541 924 584 ao
946 527 1088 590 vestitum

53 604 224 686 pristinum
238 605 439 681 recuperabit.
474 606 595 678 Omnia,
610 605 749 678 iudices,
775 605 851 664 haec
872 606 985 666 amissa
1003 620 1088 671 suut:

55 689 165 754 omnio
185 689 322 764 generis,
341 688 487 763 nominis,
508 687 633 749 honoris
655 685 785 762 insignia
804 694 896 762 atque
916 702 1089 753 ornamenta

54 773 154 836 unius
164 771 268 833 iudicii
278 771 446 832 calamitate
457 771 643 832 occidemnt.
666 770 728 830 Sed
739 786 777 830 ne
789 769 956 830 exstinctor
966 775 1089 847 patriae,

55 873 102 918 ne
117 856 270 931 proditor,
288 871 328 914 ne
343 853 441 914 hostis
459 855 643 929 appellatum
655 869 695 912 ne
708 854 786 914 hano
797 853 897 912 labem
910 851 984 913 tanti
995 855 1089 914 scele-

54 939 106 1001 ris
118 938 150 1011 iu
166 937 277 998 familia
293 936 457 1012 relinquat,
473 936 505 996 id
518 937 649 1008 laborat,
663 935 694 995 id
709 935 826 1009 metuit,
839 952 878 995 ne
893 934 1027 1009 denique
1040 935 1090 997 hic

57 1022 157 1083 miser
173 1014 321 1082 coniurati
336 1028 366 1079 ct
383 1019 581 1079 conscelerati
596 1026 626 1079 et
634 1020 798 1095 proditoris
809 1017 891 1078 filius
904 1016 1089 1080 nominetur:

57 1103 135 1166 huic
156 1120 269 1178 puero,
291 1102 344 1177 qui
367 1111 415 1162 εει
434 1101 463 1162 ei
483 1101 545 1163 vita
566 1105 622 1162 sua
641 1103 735 1162 multo
761 1100 874 1175 carior,
901 1101 1018 1174 metuit,
1042 1100 1090 1161 cui

58 1186 190 1248 honoris
204 1186 340 1261 integros
354 1184 469 1246 fructus
483 1202 545 1247 non
561 1185 601 1246 sit
613 1185 791 1257 traditurus,
808 1200 846 1245 ne
860 1193 1013 1249 aeternam
1028 1200 1090 1244 me·

58 1271 190 1332 moriam
205 1268 365 1330 dedecoris
379 1269 538 1345 relinquat
567 1266 617 1330 89.
634 1267 691 1327 Ηὶε
704 1284 763 1328 vos
780 1275 857 1341 orat,
873 1268 1007 1341 indicae,
1021 1283 1090 1343 par·
1107 1274 1137 1322 J

60 1369 138 1426 vus,
164 1359 197 1413 ut
212 1368 247 1413 εε
262 1353 426 1426 aliquando
454 1351 481 1413 si
502 1368 563 1412 non
579 1351 696 1426 integra
712 1352 847 1423 fortuna,
871 1357 902 1411 at
915 1359 948 1411 ut
958 1349 1090 1426 adflicta,

61 1435 144 1513 patri
159 1452 216 1497 suo
235 1435 378 1510 gratulari
392 1435 513 1496 sinatis:
530 1434 600 1494 huic
622 1433 734 1493 misero
755 1432 874 1493 nodora
894 1442 965 1495 sunt
982 1433 1091 1495 itinera

62 1517 246 1586 iudiciorum
267 1527 297 1580 et
318 1520 375 1581 lori
398 1535 489 1594 quam
510 1517 608 1592 campi
632 1524 662 1577 et
678 1515 914 1590 disciplinarum.
944 1517 1011 1579 Non
1031 1519 1091 1578 iam

65 1602 105 1663 de
120 1599 183 1662 vito
195 1602 227 1664 P.
240 1601 356 1675 Sullae,
372 1601 504 1674 iudices,
522 1601 578 1662 sed
589 1601 628 1660 de
640 1601 795 1674 sepultura
810 1599 1015 1661 contenditum
1030 1599 1092 1660 vita

20 1711 37 1746 ο
62 1692 171 1758 erepta
182 1692 230 1744 est
243 1685 402 1759 superiore
413 1683 541 1744 iudici0=
559 1698 639 1743 nunc
653 1699 690 1741 ne
703 1697 815 1757 corpus
825 1681 962 1743 eliciatur
973 1683 1090 1743 labora·

61 1783 143 1828 mus.
172 1764 249 1838 Quid
261 1767 341 1825 enim
354 1774 401 1825 εει
412 1765 482 1825 huic
494 1765 602 1840 reliqui
614 1766 697 1839 quod
712 1781 781 1824 eum
795 1763 825 1823 in
836 1763 893 1824 hae
908 1764 969 1826 vita
982 1773 1090 1838 teneat,

62 1829 216 1921 sut-quid
243 1854 290 1907 est
315 1863 404 1922 quam
432 1848 560 1907 obrem
587 1848 663 1906 haec
683 1846 825 1922 cuiquam
849 1847 912 1907 vita
933 1846 1092 1907 videaturl

57 1929 183 1994 XXXII.
200 1929 303 2003 Nuper
316 1929 342 1989 is
356 1930 446 1990 homo
463 1929 518 1990 luit
532 1929 562 1989 in
577 1929 697 1990 civitate
710 1928 742 1988 P.
760 1929 851 2003 Sulla,
869 1937 902 1990 ut
912 1945 1001 1990 nemo
1018 1927 1047 1989 ei
1057 1944 1092 1988 se

60 2027 168 2098 neque
184 2011 301 2073 honore
319 2028 419 2087 neque
433 2012 528 2089 gratia
548 2028 649 2088 neque
669 2013 797 2074 fortunis
814 2014 991 2087 anteferret,
1012 2026 1092 2071 nunc

64 2093 216 2173 spoliatus
231 2094 313 2156 omni
325 2094 483 2171 dignitate,
495 2112 575 2172 quae
586 2104 689 2170 erepta
702 2104 786 2170 sunt,
797 2113 859 2157 non
870 2093 993 2172 repetiti
1009 2093 1094 2169 quod

65 2181 188 2241 fortuna
208 2177 238 2239 in
260 2177 348 2239 malis
368 2178 478 2255 reliqui
497 2179 583 2253 fecit,
603 2188 637 2240 ut
653 2187 877 2254 comparente,
894 2194 963 2240 cum
979 2176 1091 2249 liberis,

67 2276 137 2323 curn
163 2263 269 2335 fratre,
290 2278 358 2323 cum
380 2261 428 2322 his
451 2261 636 2324 necessariis
658 2265 764 2336 lugere
786 2278 872 2323 suam
894 2261 1092 2324 calamitatem

66 2345 170 2418 liceat,
185 2345 219 2406 id
239 2345 297 2405 sibi
318 2362 357 2405 ne
373 2344 525 2421 eripiatis,
541 2363 615 2420 vos,
630 2344 764 2418 iudices,
781 2346 957 2407 obtestatur.
984 2343 1036 2406 90.
1050 2343 1111 2403 Τε.

66 2427 169 2503 ipsum
183 2426 253 2502 iam,
268 2428 429 2504 Torquate,
444 2432 597 2505 expletum
612 2428 702 2488 huius
713 2427 846 2489 miseriis
860 2444 931 2490 csse
945 2443 1002 2504 par
1013 2434 1092 2486 erat:

46 2511 49 2516 '
67 2509 131 2593 etsi,
140 2511 212 2570 nihil
227 2511 309 2571 aliud
320 2511 424 2572 Sullae
435 2510 495 2571 nisi
510 2513 700 2573 consulatum
712 2510 930 2584 abstulissetis,
946 2520 1046 2573 tamen
1055 2517 1093 2566 eb

67 2601 228 2655 contentos
242 2610 300 2655 vos
315 2610 385 2655 esse
398 2595 572 2669 oportebat=
588 2594 714 2667 honoris
724 2595 804 2655 enim
818 2594 970 2655 contentio
981 2607 1039 2651 vos
1053 2589 1094 2649 ad

67 2691 209 2749 causam,
224 2694 285 2737 non
300 2676 472 2738 inimicitiae
487 2678 685 2738 deduxerunt.
719 2676 782 2738 Sed
797 2693 890 2753 quum
907 2674 978 2735 huic
994 2671 1094 2734 omnia

68 2775 138 2818 eum
153 2759 270 2821 honore
287 2761 421 2821 deuecta
436 2761 508 2833 sint,
526 2759 662 2836 quumin
674 2761 732 2821 hac
746 2761 868 2821 fomuna
880 2756 1093 2818 miserrimoac

66 2841 295 2902 luctuosissima
309 2843 469 2904 destitutus
487 2843 540 2916 sit,
557 2842 631 2919 quid
643 2844 786 2918 estquod
801 2849 928 2916 expetas
945 2837 1095 2913 amplios?

66 2924 198 2985 Lucisne
214 2925 293 2986 hanc
308 2943 432 2986 usuram
447 2925 565 3000 eripere
580 2925 643 2999 vis,
657 2927 778 3001 plenam
798 2924 989 2985 lacrimarum
1002 2929 1094 2996 utque

67 3006 230 3082 maeroris,
245 3007 276 3068 in
292 3026 354 3084 qua
370 3025 438 3070 cum
453 3009 584 3070 maximo
601 3009 736 3069 cruciatu
751 3024 787 3067 ac
808 3008 914 3067 dolore
930 3004 1101 3086 retineturt

66 3087 209 3151 Libenter
229 3091 396 3154 reddiderit
414 3092 555 3167 adempta
575 3091 740 3167 ignominia
763 3087 932 3151 foedissimi
952 3085 1094 3148 criminis.

66 3175 117 3232 Au
132 3190 205 3234 vero
220 3173 374 3236 inimicum
394 3184 428 3236 ut
447 3177 605 3250 expellass
628 3173 714 3235 cuius
733 3191 773 3234 ex
789 3171 936 3244 miseriis,
957 3170 984 3232 si
1006 3184 1095 3232 esses

68 3255 315 3332 crudelissimus,
329 3259 463 3319 videndo
480 3259 608 3318 fructum
622 3256 766 3317 maiorem
785 3270 911 3331 caperes
933 3271 1022 3330 quam
1042 3267 1095 3310 au·

67 3337 191 3402 diendo.
222 3338 273 3402 91.
289 3339 312 3400 0
326 3341 471 3403 miserum
486 3349 517 3401 ει
530 3340 682 3400 infelicem
695 3339 778 3399 illum
799 3339 893 3411 diem,
910 3353 970 3412 quo
989 3331 1097 3396 consul

66 3420 372 3486 omnibus‘centuriis
385 3424 416 3483 P.
431 3423 515 3485 Sulla
534 3424 730 3486 renunciatus
745 3429 807 3485 εειι
829 3437 848 3484 o
868 3420 975 3481 falsam
993 3420 1094 3495 spem!

416 3640 429 3671 Β
