2340 3788
349 172 433 233 CAP·
448 180 528 235 ³2-
536 180 580 235 ct.
601 178 628 239 5·
643 180 773 237 tt-te.
1041 176 1086 244 71

53 337 114 383 cae
128 319 313 381 crudelitatis
326 326 357 381 et
372 327 496 381 nostrae
510 321 750 383 mansuetudinis
764 323 920 401 haberent.
948 323 1085 385 XXXIV.

54 401 106 467 id:
134 403 189 463 llio
216 409 351 475 tempore
372 401 549 477 Segestanis
575 401 707 463 maxima
731 420 798 465 cum
818 421 890 466 cura
913 407 989 467 haee
1015 405 1085 482 ipsa

53 486 168 557 Diana,
188 485 226 544 de
246 500 307 559 qua
327 484 469 558 dicimus,
496 482 646 544 redditur:
667 496 837 559 reportatur
857 488 1030 564 Segestam:
1051 490 1083 549 in

55 569 120 629 suis
136 565 270 641 antiquis
286 566 412 628 sedibus
425 583 542 627 summa
557 583 624 627 curn
640 569 837 643 gratulatione
851 571 960 633 civium
976 582 1006 633 et
1020 574 1082 631 lae·

10 646 14 657 '
53 650 119 711 tltia
140 648 308 724 reponitur.
336 650 420 709 Haec
441 658 506 711 erat
526 648 627 724 posita
641 649 801 725 Segestae,
819 668 893 713 sane
909 656 1034 715 excelsa
1049 653 1085 713 in

10 726 13 747 ¹
55 731 130 805 basi,
146 732 178 792 in
194 748 254 805 qua
263 731 429 807 grandibus
444 732 549 793 litteris
558 732 589 790 P.
600 732 736 793 Africani
751 748 860 792 nomen
875 744 938 795 erat
951 737 1081 798 incisum

56 831 187 891 eumque
197 815 381 889 Karthagine
396 823 485 889 capta
495 814 665 876 restituisse
678 815 888 890 perscriptum.
922 817 1083 879 colebatur

55 898 220 959 aoivibus:
236 898 275 957 ab
287 896 427 958 omnibus
441 896 569 958 advenis
583 897 752 959 visebatur:
769 915 861 975 quum
879 908 1022 973 quaestor
1033 916 1081 961 es-

56 998 132 1055 sem,
146 979 223 1040 nihil
237 979 310 1039 mihi
328 981 367 1040 ab
385 978 444 1040 illis
462 989 509 1040 est
525 980 760 1043 demonstratum
775 980 871 1056 prins.
892 980 964 1041 Erat
978 981 1082 1042 admo·

56 1064 124 1125 dum
143 1064 277 1138 amplum
298 1071 328 1123 ot
351 1065 506 1123 excelsum
528 1062 646 1138 signum
661 1081 730 1125 cum
747 1066 840 1124 stola:
861 1080 967 1123 verum
981 1072 1081 1123 tamen

55 1143 148 1208 inerat
171 1144 201 1205 in
218 1145 270 1205 ilia
283 1145 488 1220 magnitudine
505 1155 589 1207 aetas
603 1155 694 1222 atque
709 1145 829 1207 habitus
842 1144 1014 1221 virginalis:
1032 1163 1082 1206 sa·

56 1228 144 1305 gillae
156 1228 333 1304 pendebant
348 1229 387 1289 ab
401 1229 541 1290 humero:
564 1229 686 1291 sinistra
700 1246 790 1290 manu
801 1229 949 1291 retinebat
962 1245 1081 1289 arcum:

56 1312 161 1373 dextra
180 1312 334 1372 ardentem
362 1312 460 1372 lacem
484 1314 684 1387 praelerebat.
716 1311 765 1375 75.
796 1314 882 1373 Hanc
905 1328 997 1389 quum
1023 1311 1082 1372 iste

57 1410 210 1455 sacrorum
224 1395 357 1456 omnium
380 1403 410 1457 et
432 1395 611 1471 religionum
630 1396 729 1458 hostis
744 1397 921 1471 praedoque
943 1394 1081 1469 vidisset,

58 1479 142 1553 quasi
163 1478 214 1537 illa
232 1479 301 1553 ipsa
320 1478 388 1539 lace
405 1495 574 1555 percussus
588 1489 687 1553 esset,
707 1478 749 1540 ita
769 1478 899 1553 flagrare
915 1476 1082 1553 cupiditate

57 1568 142 1637 uque
159 1561 292 1620 amentia
306 1563 417 1636 coepit.
448 1563 580 1637 imperat
594 1560 835 1636 magistratibus,
848 1570 881 1623 nt
895 1577 962 1621 1111
976 1560 1081 1621 demo-

57 1642 160 1705 liantur
181 1652 211 1703 et
231 1643 289 1704 sibi
314 1645 400 1704 dent:
421 1644 495 1703 nihil
510 1644 569 1705 sibi
583 1645 696 1719 gratim
711 1644 844 1705 ostendit
863 1645 1004 1705 futurum.
1034 1640 1081 1701 illi

58 1740 119 1789 tero
140 1724 245 1785 dicere
262 1726 319 1785 sibi
334 1725 366 1784 id
381 1726 469 1799 netas
484 1742 554 1785 esse
572 1743 704 1800 seseque
718 1744 812 1800 quum
829 1743 946 1787 summa
959 1724 1080 1800 religio·

58 1822 86 1871 te
103 1818 174 1871 tum
195 1823 314 1867 summo
337 1815 419 1866 metu
438 1806 538 1880 legum
564 1815 594 1865 et
612 1807 791 1868 iudiciorum
804 1807 908 1867 teneri.
941 1807 1001 1866 lste
1018 1815 1080 1867 tum

57 1900 152 1965 petere
167 1889 207 1949 ab
224 1890 285 1959 eis,
300 1896 364 1947 tum
376 1886 498 1960 minari,
513 1894 574 1945 tum
589 1904 689 1961 spem,
704 1896 766 1948 tum
781 1895 893 1947 loetum
909 1888 1081 1947 ostendere.

58 1970 254 2053 deponebant
266 1969 309 2029 illl
327 1985 437 2030 nomen
452 1967 602 2029 interdum
617 1970 646 2028 P.
661 1969 814 2029 Alricani:
830 1969 936 2043 populi
952 1967 1081 2027 Romani

56 2052 116 2119 illud
132 2068 210 2115 esse
224 2052 380 2113 dicebant:
396 2052 468 2111 nihii
480 2050 556 2112 sein
571 2070 608 2113 eo
619 2053 779 2128 potestatis
791 2051 913 2123 habere,
929 2050 1013 2125 quod
1027 2048 1081 2108 im·

56 2146 173 2213 testor
187 2135 376 2196 clarissimus
392 2135 466 2195 urbe
485 2134 617 2196 hostium
637 2143 726 2211 capta
740 2142 969 2197 monumentum
984 2130 1081 2193 vieto·

55 2220 105 2283 111
121 2218 236 2296 populi
247 2217 376 2279 Romani
390 2235 462 2279 esse
477 2219 634 2280 voluisset.
663 2216 713 2281 76.
741 2219 837 2293 Quum
852 2218 910 2279 iste
924 2216 1017 2279 nihilo
1032 2233 1080 2276 re·

56 2304 172 2367 uastas
191 2310 283 2379 atque
297 2301 387 2362 etiam
402 2302 495 2363 multo
511 2302 720 2363 vehementius
740 2302 865 2363 instaret
881 2300 1007 2372 cotidie,
1027 2315 1080 2358 res

56 2386 198 2461 111111
219 2394 337 2445 senatu.
368 2385 573 2446 Vehementer
592 2386 630 2445 ab
651 2385 790 2447 omnibus
805 2387 993 2444 reclamatur.
1022 2382 1080 2442 Ita·

56 2484 104 2545 que
117 2470 175 2531 illo
192 2476 329 2542 tempore
344 2483 380 2527 ao
400 2467 498 2542 primo
516 2467 604 2528 istius
622 2470 755 2529 adventu
770 2476 963 2543 pernegatur.
993 2464 1081 2524 Post·

54 2566 96 2627 tr,
127 2549 283 2627 quidquid
303 2558 368 2611 erat
387 2549 489 2610 oneris
504 2549 535 2607 in
552 2550 652 2611 nautis
665 2550 893 2627 remigibusque
909 2544 1081 2621 exigendis,

53 2628 246 2695 ’1111111111
263 2632 457 2706 imperando,
479 2630 655 2713 Segestanis
678 2644 799 2708 praeter
820 2640 959 2709 caeteros
983 2626 1080 2700 impo-

52 2718 151 2790 tebat,
181 2715 337 2789 aliquanto
361 2714 491 2788 amplius
515 2730 605 2788 quam
630 2716 708 2776 ferre
735 2724 875 2792 possent.
920 2711 1081 2778 Praeterea

52 2799 244 2877 magistratus
264 2814 369 2858 eorum
384 2797 548 2858 evocabat:
565 2795 711 2870 optimum
728 2810 882 2873 quemque
903 2802 932 2853 et
954 2789 1080 2852 nobilis-

52 2880 154 2945 tirnum
179 2880 220 2939 ad
242 2896 276 2939 se
297 2880 487 2940 arcessebat:
511 2878 624 2938 circum
645 2879 745 2939 omnia
760 2875 937 2954 provinciae
953 2875 1079 2934 loram·

50 2964 162 3037 tiebat:
183 2962 355 3036 singiliatim
371 2960 423 3022 uni
436 2961 547 3036 cuique
563 2960 722 3021 calamitati
739 2962 804 3019 iore
816 2975 850 3016 se
868 2956 1078 3028 denunciabat,

50 3045 199 3111 universis
218 3060 253 3105 se
268 3045 403 3104 funditus
420 3060 597 3104 eversurum
618 3058 689 3102 esse
709 3042 790 3101 illam
813 3039 963 3101 civitatem
983 3039 1078 3100 mina·

50 3126 140 3193 latur.
174 3128 282 3202 ltaque
297 3128 461 3202 aliqnando
477 3126 577 3187 multis
599 3126 686 3185 malis
709 3140 881 3199 magnoque
904 3132 985 3185 metu
1005 3119 1077 3182 victi

49 3208 209 3289 Segestam
236 3210 385 3284 praetoris
417 3208 543 3283 imperio
572 3208 738 3283 parendum
767 3223 838 3267 esse
864 3205 1076 3287 decreverunt¹

49 3290 152 3371 Hagno
170 3309 243 3352 cum
257 3293 339 3351 luctu
353 3300 384 3352 et
400 3292 513 3365 gemitu
526 3292 618 3351 totius
631 3289 774 3360 civitatis,
790 3288 890 3349 multis
906 3305 974 3348 cum
989 3285 1074 3345 lacri-

49 3378 136 3439 11111
148 3371 417 3436 lamentationibus
432 3373 563 3434 virorum
574 3374 793 3449 mulierumque
808 3370 940 3457 omm'um
953 3366 1075 3429 simula·
