2332 3772
238 254 241 258 ,
332 202 561 264 carco-ae.
582 208 752 270 §.st-or.
1037 204 1076 271 17

56 371 112 415 are
128 355 213 415 ultm
231 362 262 414 et
278 351 354 414 citro
374 369 435 415 uon
456 353 652 427 destiterunt,
675 355 783 428 credo,
809 353 861 432 qui
875 356 1075 435 chrysogono

56 436 228 499 nunciarent
247 452 320 496 esse
340 436 471 511 aliquem
491 436 523 495 in
543 436 664 497 civitate
688 436 740 511 qui
761 448 867 500 contra
889 441 1075 501 voluntatem

56 520 111 585 tius
125 519 235 580 dicere
249 520 390 580 auderet:
406 518 492 580 aliter
508 534 631 580 causam
645 519 694 594 agi
705 526 796 594 atque
810 522 860 582 ille
875 522 1074 583 existimaret:

56 602 159 679 :periri
188 603 340 663 bonorum
364 603 562 678 emptionem:
590 602 696 663 vexari
719 603 855 678 pessime
882 605 1072 666 societatem:

56 684 176 761 gratiam
194 684 423 761 potentiamque
444 685 511 745 eius
527 685 654 760 negligi:
676 684 794 746 iudices
809 686 967 762 diligenter
980 697 1074 750 attan

56 770 135 829 dere:
164 771 282 844 populo
302 784 366 828 rem
386 767 540 849 indignam
561 768 665 829 videri.
708 767 758 831 61.
780 769 863 842 Quae
884 771 1026 844 quoniam
1045 780 1074 831 te

56 852 235 924 infoderunt,
250 850 357 926 Eruci,
373 851 577 927 quoniamque
588 853 675 913 vides
690 868 781 913 versa
795 868 867 912 esse
881 853 989 926 omnia,
1005 868 1074 914 cau-

56 950 115 995 sum
129 950 187 1009 pro
200 934 272 995 Sex.
284 934 417 1007 Roscio,
432 936 459 995 si
474 952 534 997 non
549 936 723 1008 commode,
739 942 769 995 at
781 934 876 996 libere
892 934 975 1008 dici,
985 953 1074 1010 quem

56 1016 120 1078 dedi
136 1014 289 1093 putabas,
316 1016 439 1078 delendi
460 1017 615 1093 intelligis,
635 1035 714 1093 quos
734 1019 896 1079 tradituros
917 1019 1074 1094 sperabas,

58 1099 136 1161 vides
150 1099 302 1173 iudicare,
325 1101 450 1161 restitue
464 1101 553 1161 nobis
568 1100 732 1176 aliquando
747 1109 881 1162 veterem
896 1109 979 1163 tuom
993 1100 1075 1162 illam

58 1182 245 1244 calliditatem
262 1191 353 1259 alque
366 1184 573 1260 prudentiam,
588 1184 732 1245 confitere
747 1184 806 1244 huc
819 1201 857 1245 ea
871 1201 927 1262 spe
941 1184 1074 1258 venisse,

58 1265 133 1341 quod
154 1274 282 1341 putares
300 1266 350 1326 hic
370 1267 572 1339 latrocinium,
601 1283 662 1327 non
684 1267 827 1328 iudicium
847 1269 988 1330 luturum.
1014 1270 1074 1328 ·De

58 1349 214 1425 parricidio
229 1366 324 1410 causa
340 1349 462 1410 dicitur:
479 1349 555 1411 ratio
572 1350 611 1409 ab
625 1358 804 1411 accusatore
818 1351 936 1413 reddita
949 1368 1011 1413 non
1027 1360 1075 1411 est

58 1448 140 1509 quara
164 1433 206 1493 ob
228 1448 352 1493 causam
376 1428 492 1508 patrem
508 1432 589 1494 lilius
605 1433 757 1493 occiderit.
799 1433 850 1496 62.
873 1435 960 1509 Quod
974 1435 1005 1494 in
1019 1433 1074 1493 mi-

56 1514 137 1577 nimis
149 1513 255 1577 noxiis
270 1513 342 1575 etin
357 1515 403 1575 his
418 1514 583 1576 levioribus
598 1514 747 1591 peccatis,
760 1533 839 1592 quae
852 1517 949 1592 magis
968 1518 1074 1579 crebra

56 1606 84 1659 et
103 1597 161 1659 iam
184 1614 282 1674 prope
302 1597 453 1658 cotidiana
473 1606 558 1672 sunt,
578 1598 708 1659 maxime
723 1607 752 1661 et
766 1599 893 1674 primum
912 1599 1073 1675 quaeritur,

57 1696 129 1755 quae
142 1697 241 1743 causa
254 1679 394 1741 maleficii
413 1681 517 1756 luerit,
539 1680 571 1741 id
590 1682 717 1742 Erucius
737 1682 767 1741 in
791 1684 952 1757 parricidio
969 1682 1074 1757 quaeri

57 1778 113 1825 oon
134 1771 222 1840 putat
243 1770 399 1838 oportere:
426 1763 539 1840 inquo
563 1767 693 1837 scelere,
717 1763 851 1838 iudices,
876 1765 966 1826 etiam
982 1782 1074 1839 quum

56 1846 290 1919 multae-causae
302 1845 485 1908 convenisse
498 1863 592 1907 unum
606 1845 636 1904 in
652 1848 751 1906 locum
763 1854 854 1921 atque
867 1846 944 1906 inter
956 1862 991 1905 se
1001 1862 1073 1906 con·

56 1938 158 2003 gruere
174 1931 330 2000 videntur,
345 1936 444 1991 umen
461 1946 521 1990 non
538 1935 651 1990 temere
667 1928 798 1989 creditur
813 1944 913 2003 neque
925 1928 987 1989 levi
1002 1944 1073 1990 con·

57 2008 164 2074 iectura
176 2029 229 2074 res
244 2013 386 2088 penditur
398 2029 500 2088 neque
515 2013 599 2074 testis
614 2011 747 2073 incertus
762 2012 883 2072 auditur
902 2027 1003 2086 neque
1023 2027 1074 2071 ac-

56 2096 201 2158 cusatoris
212 2094 334 2170 ingenio
348 2112 399 2156 res
414 2095 571 2156 iudicatur.
594 2096 691 2170 Quum
705 2096 796 2156 multa
810 2105 899 2157 antea
911 2093 1074 2156 commissa

56 2178 212 2253 mlelicia,
241 2195 333 2254 quum
353 2178 416 2239 vita
435 2178 566 2241 hominis
585 2178 807 2254 perditissima,
829 2186 892 2240 tum
911 2177 1073 2254 singularis

56 2262 177 2322 eudocia
197 2262 376 2323 ostendatur
395 2277 524 2323 necesse
545 2270 605 2336 est,
625 2279 726 2338 neque
741 2262 868 2323 audacia
882 2264 995 2336 solum,
1017 2263 1074 2322 sed

56 2358 186 2407 summus
203 2345 288 2404 luror
299 2352 390 2420 atque
405 2345 544 2406 amentia.
564 2346 648 2406 Haeo
664 2363 756 2420 quum
771 2344 830 2407 sint
845 2347 959 2421 omnia,
972 2355 1073 2407 tamen

56 2434 171 2489 exstem
184 2434 305 2502 oportet
318 2443 467 2503 expressa
484 2428 609 2489 sceleris
624 2428 766 2504 vestigia,
790 2429 857 2503 ubi,
873 2432 937 2505 qua'
948 2418 1074 2498 ratione,

56 2524 105 2585 per
117 2526 214 2587 quos.
238 2526 300 2586 quo
315 2520 451 2586 tempore
466 2511 646 2571 maleficium
660 2511 699 2572 sit
713 2512 888 2573 admissum.
916 2512 1000 2585 Quae
1014 2509 1073 2568 nisi

56 2594 139 2654 muta
150 2602 182 2655 et
193 2592 354 2656 manifesta
364 2603 448 2669 sunt,
464 2596 601 2669 prolecto
612 2611 663 2654 res
674 2602 734 2656 tam
745 2599 891 2670 scelesta,
905 2602 965 2654 tam
976 2600 1072 2661 atrox,

56 2682 108 2735 lam
128 2676 249 2738 nefaria
270 2676 353 2737 credi
373 2694 434 2738 non
459 2684 569 2753 potest.
604 2674 655 2739 63.
676 2678 786 2753 Magna
800 2685 848 2738 est
861 2676 941 2736 enim
955 2674 1002 2733 vis
1018 2673 1073 2733 hu-

56 2758 216 2821 mutuus:
246 2761 370 2821 mullum
396 2762 477 2821 valet
505 2759 675 2820 communio
702 2760 874 2836 sanguinis:
908 2755 1074 2816 reclamitat

56 2838 137 2903 atius
163 2843 248 2902 modi
273 2843 501 2918 suspicionibus
526 2842 594 2918 ipsa
622 2850 740 2904 natura:
780 2848 951 2918 portentum
981 2848 1073 2915 atque

56 2934 217 2987 monstrum
241 2925 441 2987 certissimum
464 2934 511 2987 est
531 2942 602 2986 esse
622 2925 753 3000 aliquem
774 2925 904 2986 humana
924 2922 1029 2999 speeie
1043 2932 1074 2985 et

56 3004 161 3083 lgna,
173 3007 227 3084 qui
237 3017 350 3070 tantum
360 3008 542 3070 immanitate
556 3008 669 3069 bestias
683 3006 800 3079 vicerit,
816 3015 848 3067 ut
858 3017 982 3082 propter
994 3023 1072 3082 quos

56 3088 127 3152 hunc
151 3090 367 3152 suavissimam
387 3095 485 3153 lucem
506 3093 675 3167 aspexerit,
697 3106 752 3153 eos
775 3089 984 3166 indignissime
1004 3093 1072 3150 luce

56 3172 189 3247 privarit:
212 3191 304 3249 quum
326 3175 414 3236 etiam
438 3178 517 3236 ieras
532 3175 608 3235 inter
623 3191 694 3235 sese
708 3181 811 3249 partus
825 3182 917 3250 alque
932 3173 1071 3234 educatio

56 3262 81 3317 et
92 3265 201 3317 natura
216 3256 284 3332 ipsa
299 3258 448 3319 conciliet.
468 3253 636 3318 iflilll'tii.
651 3258 716 3318 Non
730 3257 772 3318 ita
785 3259 886 3318 multis
901 3265 970 3318 ante
984 3253 1071 3314 annis

56 3336 133 3400 ciunt
155 3340 188 3398 T.
211 3339 354 3401 Cloelium
373 3342 532 3416 quemdam
555 3340 817 3414 Terracinensem,
838 3340 990 3402 hominem
1009 3351 1071 3396 non

56 3420 231 3496 obscurum,
255 3439 351 3498 quum·
369 3432 515 3485 coenatus
539 3424 671 3486 cubitum
690 3423 720 3485 in
741 3425 822 3486 idem
844 3424 1081 3486 conclauecum

99 3514 156 3559 cre.
175 3516 265 3562 onan.
868 3525 897 3591 «ζ
