2340 3788
108 183 172 252 218
406 181 479 242 PRO
495 183 525 239 P.
542 181 667 241 SULLA
683 178 832 240 ORATIO.

108 345 142 397 ut
156 340 320 408 occuparet
333 330 481 403 Etruriam
495 329 761 406 praescriberetur,
783 347 875 405 quum
891 329 994 391 omnia
1010 331 1132 394 ordina-

109 425 227 487 rentur,
255 415 486 487 instruerentur,
506 422 698 488 pararentur,
718 413 770 472 ubi
793 413 848 473 luit
868 413 966 485 Sulla,
990 414 1134 475 Cornelii

110 517 180 560 num
194 500 329 560 Romae?
342 498 432 556 immo
448 497 537 570 longe
551 495 637 556 aluit:
660 512 731 554 nurn
744 495 776 555 in
789 495 826 555 iis
852 495 1044 579 regionibus,
1070 515 1133 572 quo

110 599 145 644 se
160 578 284 642 Catilina
298 580 466 640 inserebatt
484 580 576 638 multo
592 578 681 639 ctiam
696 577 833 651 longius:
854 595 925 638 num
940 579 970 637 in
984 595 1064 652 agro·
1080 581 1135 641 Ca·

109 663 330 737 1116111,Ρὶ66116,
338 661 461 734 Gallico,
470 678 546 737 quos
558 663 588 720 in
604 672 674 720 oras
686 662 815 720 maxime
831 663 917 735 quasi
927 663 1054 722 morbus
1069 663 1134 737 qui-

110 750 178 808 dam
198 746 277 805 illius
299 745 410 806 luroris
427 751 626 819 pervaseratt
646 742 719 802 nihil
734 760 807 803 vero
822 742 930 803 minus.
958 743 1132 817 Fuit-enim,

109 839 142 892 ut
154 830 214 889 iam
229 836 298 889 ante
316 829 387 900 dixi,
404 826 544 902 Neapoli:
565 826 620 885 luit
633 825 663 884 in
679 841 715 885 ea
731 835 814 900 parte
828 826 946 898 ltaliae,
970 843 1050 901 quae
1071 844 1132 887 rna-

109 913 189 972 xime
202 913 260 972 ista
274 909 449 985 suspicione
464 909 567 970 caruit.
610 907 660 969 54.
684 909 761 982 outo
776 925 847 983 ergo
863 907 975 968 indicat
990 918 1044 969 aut
1058 910 1133 984 quid

110 997 207 1055 adlert
225 1004 276 1055 aut
294 994 363 1067 ipse
379 992 534 1052 cornelius
548 1000 601 1053 aut
615 1008 685 1062 vos,
703 991 754 1066 qui
772 991 848 1051 haec
870 991 907 1049 ab
923 992 975 1051 illo
990 993 1135 1052 mandata

108 1077 253 1138 1161611131
272 1072 460 1135 Gladiatores
472 1082 589 1149 emptos
604 1090 675 1134 esse
687 1072 791 1134 Fausti
805 1073 995 1134 simulatione
1007 1075 1048 1134 ad
1062 1091 1133 1135 oae-

42 1161 46 1176 '
109 1161 177 1220 dem
191 1175 227 1218 ac
244 1159 408 1219 tumultum.
451 1158 494 1217 lta
508 1174 648 1231 prorsus=
666 1155 836 1231 interpositi
853 1164 923 1216 sunt
937 1158 1132 1230 gladiatores,

110 1257 188 1318 quos
200 1249 377 1301 testamento
390 1240 482 1314 patris
491 1241 628 1300 videmus
641 1238 754 1299 deberi.
763 1240 937 1314 -Adrepta
948 1247 996 1299 est
1011 1239 1133 1311 familia,

110 1323 230 1401 quaesi
244 1331 327 1382 esset
339 1322 560 1396 praetermissa,
582 1330 688 1397 posset
702 1322 761 1382 alia
774 1320 885 1381 iamilia
898 1321 1001 1383 Fausti
1020 1337 1133 1382 munus

108 1405 439 1482 praebere—Utinam
452 1405 574 1478 quidem
587 1405 664 1463 haec
683 1403 752 1478 ipsa
771 1421 832 1466 non
847 1405 937 1464 modo
958 1403 1133 1479 iniquorum

107 1487 249 1559 invidiae,
267 1488 322 1547 sed
337 1504 502 1562 aequorum
518 1486 737 1562 exspectationi
753 1487 826 1547 satis
843 1488 942 1546 lacere
960 1496 1133 1561 posset!—

107 1572 302 1644 Properatum
322 1571 514 1631 vehementer
537 1578 599 1643 est,
626 1586 717 1644 quum
740 1571 831 1644 longe,
848 1578 968 1645 tempus
996 1570 1132 1630 muneris

108 1653 387 1727 abesset-Quasi
404 1669 476 1714 vero
493 1661 612 1727 tempus
628 1652 720 1712 dandi
736 1653 868 1713 muneris
889 1669 949 1712 non
964 1653 1053 1711 valde
1076 1669 1132 1727 ap·

107 1736 450 1812 propinquaret-Nec
468 1735 609 1811 opinante
622 1735 749 1808 Fausto,
777 1752 869 1811 quum
883 1734 910 1794 is
925 1750 1026 1809 neque
1040 1735 1133 1795 sciret

107 1835 207 1895 nequo
227 1820 331 1894 vellet,
353 1819 465 1879 familia
484 1828 532 1879 est
552 1815 840 1893 comparata-55.
859 1821 899 1878 nt
919 1817 1033 1877 litterae
1059 1828 1133 1878 sunt

105 1902 218 1976 Fausti,
235 1917 291 1977 per
308 1918 385 1977 quas
402 1902 453 1962 ille
469 1903 610 1977 precibus
622 1902 680 1959 aP.
694 1901 777 1961 Sulla
791 1901 865 1976 petit
877 1909 909 1961 ut
923 1908 1002 1960 emat
1017 1899 1132 1975 gladia-

107 1994 188 2045 tores
203 1993 233 2046 et
247 1994 280 2044 ut
293 1985 351 2045 hos
366 1985 453 2059 ipsos
468 1993 562 2057 emat,
588 2001 688 2058 neque
712 1984 809 2044 solum
823 1985 863 2042 ad
878 1983 990 2043 Sullam
1008 1983 1131 2057 missae,

108 2068 163 2127 sed
178 2069 217 2126 ad
233 2068 265 2126 L.
282 2069 449 2139 Caesarem,
467 2069 500 2140 t).
514 2067 698 2142 Pompeium,
711 2066 742 2125 C.
756 2066 936 2139 Memmium,
949 2082 1076 2140 quorum
1092 2067 1132 2125 116

108 2150 257 2210 sententia
271 2158 333 2209 tota
349 2167 399 2210 163
416 2160 503 2224 gesta
518 2153 669 2210 est—At
685 2148 816 2224 praefuit
830 2149 1085 2208 familiae-lam
1104 2147 1132 2207 si

108 2232 137 2288 in
156 2234 291 2305 paranda
305 2233 417 2291 familia
431 2234 513 2293 nulla
527 2231 662 2306 suspicio
674 2240 729 2301 est,
743 2232 812 2305 quis
826 2231 991 2307 praefuerit
1005 2230 1079 2289 nihil
1091 2231 1131 2289 ad

107 2328 171 2371 rem
187 2313 441 2387 pertinet—Sed
455 2323 554 2375 tamen
564 2331 688 2375 munere
703 2313 805 2373 servili
821 2314 926 2375 obtulit
937 2330 972 2374 se
983 2316 1022 2373 ad
1037 2315 1131 2372 16116-

108 2405 208 2455 menta
230 2396 455 2471 prospicienda.
475 2431 511 2442 —
526 2397 659 2457 Praeluit
679 2413 752 2457 vero
769 2414 942 2472 numquam,
962 2411 1058 2469 eaque
1078 2413 1132 2456 res

107 2479 187 2538 omni
203 2487 339 2553 tempore
354 2496 410 2554 per
423 2480 558 2552 Balbum,
574 2479 676 2540 Fausti
692 2480 837 2553 libertum,
848 2480 1059 2553 administrata
1074 2487 1132 2538 est.

189 2563 252 2621 XX.
274 2560 324 2624 56.
344 2567 384 2622 At
401 2562 480 2622 enim
492 2563 596 2623 Sittius
612 2571 658 2623 est
672 2563 710 2622 ab
721 2563 780 2622 hoc
791 2562 821 2622 in
836 2563 1009 2623 ulteriorem
1020 2561 1132 2635 illspa-

105 2643 187 2704 niam
202 2644 330 2717 missus,
351 2654 383 2705 ut
397 2662 463 2704 eam
481 2645 668 2720 provinciam
687 2645 884 2719 perturbaret.
928 2644 1058 2705 Primum
1074 2643 1133 2703 Sit-

105 2726 174 2800 tius,
192 2727 319 2799 iudices‚
336 2727 369 2785 L.
384 2728 458 2787 lulio
475 2728 505 2787 C.
519 2727 624 2802 Figulo
644 2727 820 2788 consulibus
835 2729 993 2803 proiectus
1010 2734 1057 2787 631
1078 2725 1131 2784 ali-

106 2807 219 2889 quanto
235 2819 304 2870 ante
319 2810 450 2870 furorem
463 2810 606 2871 Catilinae
620 2819 650 2870 et
664 2810 871 2885 suspicionem
885 2810 976 2872 huius
992 2808 1132 2871 coniura-

105 2891 211 2953 tionisz
232 2893 342 2952 deinde
361 2899 407 2951 631
422 2893 576 2966 proiectus
594 2911 655 2954 non
674 2903 736 2953 tum
752 2894 894 2967 primum,
916 2895 972 2953 3611
994 2907 1086 2967 quum
1099 2888 1132 2948 in

105 2972 213 3033 iisdem
237 2975 312 3036 locis
334 2975 487 3047 aliquanto
509 2985 578 3035 ante
596 2977 703 3035 eadem
718 2977 758 3035 de
781 2992 874 3037 causa
894 2976 1011 3058 aliquot
1032 2990 1133 3033 annos

106 3055 228 3116 luisset:
243 3074 279 3116 ac
293 3060 448 3131 proiectus
465 3066 512 3118 est
528 3075 589 3118 non
603 3060 694 3119 modo
712 3058 751 3117 ob
767 3075 900 3132 causam,
916 3057 1076 3118 sedetiam
1092 3056 1133 3114 ob

105 3138 308 3197 necessariam
326 3156 464 3212 causam,
488 3157 595 3214 magna
614 3143 730 3201 ratione
743 3157 820 3201 cum
840 3140 1038 3200 Mauritaniae
1059 3155 1134 3212 rege

105 3222 267 3279 contracta.
310 3221 382 3281 Turn
399 3232 513 3293 autem,
534 3224 585 3283 illo
601 3226 752 3296 prolecto,
770 3222 854 3282 Sulla
868 3231 1050 3298 procurante
1065 3222 1133 3280 eius

104 3317 167 3360 rem
191 3308 221 3360 61
242 3312 380 3376 gerente,
407 3305 542 3378 plurimis
562 3314 592 3364 et
612 3304 820 3379 pulcherrimis
843 3305 874 3362 P.
898 3305 976 3365 Sillii
998 3302 1133 3378 praediis

105 3383 234 3439 venditis
249 3399 302 3439 aes
317 3385 447 3443 alienum
458 3388 597 3452 eiusdem
611 3387 793 3441 dissolutum
807 3396 872 3448 631,
887 3396 928 3450 111,
943 3401 1023 3454 quae
1038 3396 1136 3442 causa
