2332 3772
650 92 656 121 ι

364 192 444 251 CAP.
461 195 640 261 att-aoso.
655 198 787 258 ta—ee.
1028 197 1091 265 Μ

66 353 167 417 nsque
182 341 363 416 cuiusquam
377 352 553 405 ornaments
570 343 714 405 credonis
734 343 902 419 desiderat,
923 356 1025 421 potest
1045 349 1088 407 di·

66 442 134 486 cere
158 423 322 505 quisquam
342 441 487 500 umquam
509 426 666 498 meliores,
690 428 846 500 fortiores,
869 430 1089 491 constantiores

66 509 244 569 consulares
264 507 360 568 fuisse
382 525 473 583 quam
493 509 537 569 iis
552 508 738 583 temporibus
756 517 786 568 et
803 510 962 584 periculis,
979 512 1089 587 quibus

64 606 163 665 poene
177 607 330 666 oppressa
344 599 392 653 est
404 609 455 653 res
471 592 614 667 publicae
644 591 717 664 Quis
739 607 801 650 non
818 592 857 652 de
874 595 1026 654 communi
1041 612 1088 654 sc·

10 734 12 743 ,
64 676 124 735 ftrte
137 673 344 748 apertissime,
369 676 438 750 quis
459 693 520 735 non
539 675 716 747 fortissime,
740 675 810 750 quis
830 690 891 734 non
908 678 1088 737 constantis·

65 756 139 817 sime
155 757 272 817 sensitt
293 758 399 832 Neque
414 774 472 834 ego
489 757 654 833 praecipue
668 759 708 818 de
723 757 936 818 consularibus
950 752 1087 833 disputo:

64 838 220 899 uambaec
232 840 426 901 ethominum
437 841 706 913 ornatissimorum,
726 841 777 914 qui
791 841 1089 916 praetoresfoerunr,

64 930 93 983 et
110 921 248 983 universi
268 932 392 983 senatus
409 923 576 984 communis
596 932 644 984 est
658 926 740 997 laus,
767 933 800 985 ut
814 932 932 983 constet
947 933 1018 998 post
1034 924 1088 983 bo-

64 1005 176 1065 minum
190 1005 365 1065 memoriam
379 1022 543 1080 numquam
557 1007 588 1065 in
605 1009 655 1066 iffo
671 1007 777 1068 ordine
791 1008 861 1082 plus
876 1005 1002 1079 virtutis,
1019 1008 1088 1080 plus

64 1088 176 1149 auroris
187 1087 221 1146 in
232 1104 295 1147 rem
306 1088 469 1164 publicam,
484 1092 553 1164 plus
569 1089 723 1164 gravitatis
738 1090 849 1150 fuisse:
865 1090 921 1149 sod
936 1089 1007 1167 quia
1019 1097 1089 1151 sunt

65 1169 208 1249 descripti
229 1173 421 1243 consulares,
446 1173 485 1232 de
501 1173 549 1233 his
570 1180 682 1233 tanturn
702 1174 774 1232 mihi
795 1174 957 1237 dicendum
973 1173 1087 1249 putavi,

65 1255 144 1328 quod
158 1253 232 1316 satis
248 1262 341 1327 esset,
357 1256 397 1314 ad
411 1256 580 1316 testandam
594 1257 727 1317 omniurn
739 1258 924 1331 memoriam,
938 1258 1088 1318 neminem

63 1352 133 1397 csse
147 1353 188 1396 ex
201 1334 252 1396 iilo
270 1338 396 1399 honoris
409 1341 506 1412 gradu
522 1338 649 1413 quinon
664 1340 745 1400 omni
760 1340 876 1414 studio,
897 1340 1020 1413 virtute,
1035 1357 1087 1399 au·

64 1419 198 1480 ctoritate
208 1418 427 1481 incubueritad
437 1439 500 1483 rem
511 1423 663 1498 publicam
672 1425 923 1484 conservandam.
941 1424 1030 1484 XXX.
1036 1420 1087 1484 83.

64 1501 123 1563 Sed
138 1502 234 1577 quida
250 1519 324 1577 ego,
341 1504 393 1579 qui
408 1505 563 1565 Catilinam
578 1523 638 1566 non
653 1506 789 1579 laudavi,
810 1507 862 1582 qui
876 1524 930 1568 reo
946 1506 1088 1567 Catilinae

63 1585 169 1647 consul
189 1602 250 1644 non
271 1587 369 1658 adfui,
392 1589 444 1662 qui
463 1589 667 1648 testimonium
682 1590 721 1649 de
743 1588 951 1650 coniuratione
971 1589 1035 1650 dixi
1057 1588 1088 1648 in

62 1669 148 1741 alios,
165 1668 283 1729 adeone
297 1671 386 1730 vobis
402 1670 520 1731 alienus
536 1689 554 1731 a
568 1673 705 1744 sanitate,
722 1674 800 1732 adco
817 1673 928 1733 oblitus
946 1680 1087 1733 constan-

61 1752 118 1812 tiae
130 1767 227 1824 meae,
242 1753 320 1813 adeo
337 1753 495 1813 immemor
507 1770 607 1814 rarum
621 1772 640 1814 a
654 1770 702 1813 me
717 1763 870 1829 gestarum
885 1771 955 1814 esse
971 1755 1086 1827 videor,

61 1842 101 1909 ut,
117 1851 213 1909 quum
224 1837 331 1896 consui
342 1836 454 1896 beilum
465 1836 613 1910 gesserim
624 1853 691 1895 cum
703 1836 877 1912 coniuratis,
891 1852 970 1896 nunc
982 1853 1086 1896 corum

61 1919 169 1978 ducem
187 1935 311 1979 servare
325 1918 459 1994 cupiam,
478 1927 509 1978 et
522 1918 552 1977 in
568 1921 699 1978 animum
713 1919 870 1992 inducam,
888 1918 974 1978 cuius
989 1934 1087 1990 nuper
1115 1935 1118 1941 ·

61 2001 173 2061 farrum
192 2001 367 2062 rettuderim
387 2000 601 2077 flammamque
620 2001 826 2075 restinxerim,
855 2001 991 2061 eiusdem
1006 2016 1085 2059 nunc

61 2098 185 2144 causam
198 2085 352 2160 vitemque
368 2086 554 2146 defenderet
572 2084 605 2145 Si
619 2085 738 2147 medius
752 2085 859 2156 fidius,
874 2083 1006 2157 iudicas,
1023 2099 1085 2142 non

60 2182 107 2226 mo
120 2167 192 2242 ipsa
204 2183 255 2228 res
270 2168 405 2242 publica,
428 2168 504 2228 meis
518 2167 674 2228 laboribus
692 2177 722 2230 et
734 2167 879 2244 periculis
894 2174 1084 2238 conservata,

59 2249 98 2311 ad
111 2249 289 2326 gravitatem
309 2251 400 2310 animi
421 2259 451 2310 et
465 2251 666 2313 constantiam
685 2269 742 2312 sua
759 2250 902 2326 dignitate
917 2257 1086 2322 revocaret,

60 2341 158 2393 emen
173 2333 232 2393 hoc
248 2341 355 2394 notura
370 2343 417 2394 est
433 2334 565 2409 insitum,
579 2344 620 2408 ut,
638 2350 728 2410 quem
744 2334 888 2407 timueris,
911 2334 1032 2410 quicum
1046 2334 1086 2393 dc

58 2418 119 2477 vito
133 2415 325 2491 fortunisque
339 2419 542 2491 contenderis,
559 2418 647 2479 cuius
658 2433 700 2478 ex
712 2417 831 2478 insidiis
843 2419 987 2490 evaseris,
1004 2418 1090 2476 hunc·

59 2515 181 2574 semper
194 2500 307 2560 oderis.
340 2500 402 2560 Sed
423 2518 515 2575 quum
531 2511 637 2576 agatur
651 2502 751 2562 honos
766 2517 852 2561 meus
869 2500 1085 2576 amplissimus,

59 2582 268 2656 glomeratum
283 2591 438 2657 gestarum
455 2582 630 2657 singularis,
654 2601 746 2660 quum
764 2586 905 2658 quotiens
924 2581 1085 2659 quisquam

58 2673 105 2726 cst
117 2665 150 2724 in
164 2665 224 2725 boc
238 2667 356 2726 scelere
377 2664 551 2738 convictus,
572 2666 683 2728 totiens
696 2675 859 2727 renovetur
873 2666 1017 2726 momoria
1030 2679 1084 2738 per

57 2762 105 2809 me
117 2747 261 2811 inventae
281 2747 405 2821 salutis,
426 2765 484 2825 ego
501 2749 557 2809 sim
577 2759 637 2810 tam
652 2751 793 2822 demens,
819 2767 876 2824 ego
892 2747 1082 2817 committam,

57 2839 88 2892 ut
101 2848 151 2906 ea,
168 2847 248 2906 quae
260 2848 315 2905 pro
331 2833 429 2892 salute
443 2828 574 2893 omniurn
589 2834 682 2907 gessi,
696 2850 772 2895 casu
786 2834 882 2906 magis
899 2841 929 2892 et
944 2828 1084 2890 felicitate

57 2930 137 2975 anre
153 2930 243 2989 quam
258 2914 366 2976 virtute
378 2923 409 2976 et
420 2916 548 2977 consilio
559 2924 646 2990 gesta
657 2933 727 2976 esse
741 2918 918 2976 videantur?
945 2910 994 2972 84.
1006 2909 1084 2984 Quid

57 3003 153 3073 ergo‘t
179 2998 238 3059 hoc
253 2996 306 3058 tibi
324 2998 435 3070 sumis,
460 2999 540 3060 dicet
555 3000 686 3059 fortasse
703 2999 868 3074 qulspiam‚
890 3004 936 3067 ut,
963 2994 1083 3070 quintu
1127 3064 1133 3071 Ι

57 3080 213 3151 defendis,
231 3080 380 3142 innocens
394 3082 563 3142 iudicetur?
582 3083 646 3156 Ego
662 3097 750 3154 vero,
767 3081 897 3152 iudices,
913 3079 1081 3140 nommodo

56 3163 127 3223 mihi
142 3162 216 3222 nihii
233 3164 361 3224 adsumo
379 3163 409 3223 in
426 3181 487 3238 quo
502 3164 653 3240 quispiam
668 3169 831 3240 repugnet,
857 3162 1033 3234 sedetiam,
1055 3160 1082 3220 si

57 3247 129 3321 quid
144 3247 183 3307 ab
197 3248 338 3307 omnibus
354 3247 539 3322 conceditur,
555 3248 586 3307 id
600 3249 695 3307 reddo
713 3263 749 3306 ac
763 3246 891 3306 remitto.
919 3247 986 3307 Non
1000 3246 1030 3304 in
1045 3260 1082 3302 ea

55 3344 87 3389 re
100 3330 226 3405 publica
239 3336 355 3402 versor,
371 3347 432 3390 non
448 3330 485 3390 iis
500 3332 688 3409 temporibus
699 3346 799 3391 meum
814 3338 905 3404 caput
917 3328 1010 3391 obtuli
1023 3341 1081 3403 pro

57 3414 153 3488 petria
166 3413 310 3489 periculis
327 3413 477 3488 omnibus,
494 3431 556 3476 non
570 3423 621 3479 aut
634 3415 676 3475 ita
689 3422 760 3476 sunt
773 3415 927 3557 exstincti*
928 3427 1007 3486 quos
1020 3405 1085 3469 vici
