2340 3788
16 204 20 211 ’
103 200 166 269 lit)
372 199 398 258 N
412 199 444 258 L.
459 196 670 257 CATILINAM
683 194 822 256 ORATIO
838 196 888 256 ΙΙΙ.

106 363 154 415 εει
168 352 245 411 ln=L.
264 345 421 421 Cassium,
451 347 504 422 qui
521 345 579 408 sibi
594 345 838 421 procurationem
856 346 1067 408 incendendae
1084 368 1132 410 ur-

105 437 155 496 bis
168 436 408 509 depoposcerat,
422 431 453 489 in
467 430 507 489 ll.
523 428 718 505 Caeparium,
743 431 791 488 cui
804 429 846 487 ad
855 428 1068 491 sollicitandos
1079 450 1133 507 pa·

106 527 206 579 stores
216 512 381 590 Appuliam
392 512 561 574 attributam
573 527 645 572 esse
658 519 724 571 erat
736 510 909 583 indicatum,
919 511 950 571 in
960 512 992 571 P.
1000 513 1134 589 Furium,

107 601 160 676 qui
174 607 222 660 est
235 614 275 658 ex
288 598 327 658 iis
342 595 476 669 colonis,
498 608 577 670 quos
590 595 736 654 Faesulas
751 595 783 654 L.
799 593 883 655 Sulla
895 595 1036 670 deduxit,
1050 597 1082 657 in
1099 599 1132 673 Q.

105 684 237 744 Annium
253 679 423 752 Chilonem,
449 676 503 753 qui
524 692 587 738 una
607 693 676 737 curn
695 677 754 737 hoc
770 675 862 736 Furio
883 692 1004 753 sempor
1021 691 1087 742 emt
1101 681 1132 742 in

20 788 28 803 1
106 768 164 826 bae
177 765 377 838 Allobrogum
392 760 605 822 sollicitatione
618 768 770 832 versatus,
783 759 814 818 in
828 759 860 818 P.
874 760 1076 836 Umbrenum,
1098 765 1131 823 li·

106 848 254 909 bertinum
270 845 438 917 bominem,
453 860 472 903 a
486 859 548 919 quo
564 841 694 918 primurn
711 842 815 902 Gallos
832 843 873 902 ad
889 843 1047 905 Gabinium
1062 862 1132 921 per-

106 933 216 992 ductos
236 945 307 991 esse
329 927 496 988 constabat.
531 929 633 1001 Atque
651 941 689 985 ea
702 925 824 985 lenitate
838 934 962 987 senatus
978 943 1054 988 usus
1076 939 1132 1003 est,

106 1013 252 1089 Quirites,
273 1021 307 1073 ut
326 1028 365 1072 ex
380 1019 463 1072 tanta
477 1008 686 1070 coniuratione
705 1016 848 1082 nanque
863 1008 920 1069 hac
941 1011 1132 1072 multitudine

106 1096 344 1158 domesticorum
374 1093 507 1154 hostium
532 1094 643 1153 nouem
672 1089 828 1152 hominum
857 1093 1133 1166 perditissimorum

108 1194 210 1256 poena
224 1195 259 1237 re
273 1176 396 1252 publica
413 1185 595 1236 conservata
607 1175 794 1250 reliquorum
808 1183 926 1235 mentes
941 1177 1045 1236 sanari
1057 1194 1130 1252 pos·

107 1278 142 1323 se
155 1261 359 1321 arbitraretur.
403 1258 452 1320 15.
473 1262 575 1335 Atque
589 1256 875 1332 etiamsupplicatio
893 1257 942 1318 dis
958 1259 1131 1321 immortali-

109 1347 165 1404 bus
188 1359 243 1417 pro
269 1341 414 1416 singulari
438 1358 544 1402 eorum
568 1341 673 1402 merito
695 1357 764 1401 meo
788 1339 910 1400 nomine
933 1342 1056 1404 decreta
1073 1353 1130 1418 est,

107 1426 193 1500 quod
218 1424 290 1483 inihi
314 1424 444 1499 primum
468 1433 539 1498 post
560 1425 664 1484 urbem
692 1422 843 1484 conditam
867 1432 970 1499 togato
996 1424 1130 1501 conligit,

106 1508 197 1568 ethis
214 1507 316 1566 verbis
332 1508 454 1567 decreta
468 1515 530 1581 est,
546 1523 621 1575 ouon
635 1520 735 1566 nasus
748 1521 906 1579 musanus,
922 1524 1017 1568 cason
1033 1524 1130 1583 caves,

106 1593 234 1650 Isauras
250 1605 340 1648 annuo
355 1606 551 1649 ursuaassau.
573 1589 656 1663 Quae
670 1589 854 1677 supplicatio
869 1589 897 1649 si
911 1606 980 1652 oum
1001 1593 1130 1653 caeteris

106 1675 287 1745 conteratur,
305 1673 365 1733 hoo
379 1672 503 1746 intersit,
523 1675 605 1748 quod
621 1682 759 1733 caeterae
771 1673 851 1733 bene
866 1682 962 1748 geste,
978 1673 1054 1735 haec
1067 1692 1131 1735 una

107 1765 334 1818 conservatore
349 1755 470 1831 publica
485 1755 648 1817 constituta
667 1763 722 1816 est.
748 1758 850 1829 Atque
869 1756 959 1832 illud,
982 1758 1066 1832 quod
1086 1759 1130 1818 la·

105 1840 246 1900 ciendum
266 1841 393 1914 primum
415 1839 485 1913 luit,
512 1842 623 1901 lactum
646 1847 737 1913 atquc
763 1847 945 1900 transactum
959 1849 1016 1901 est
1054 1840 1130 1900 Nam

104 1923 136 1982 P.
152 1925 311 1997 Lentulus,
337 1916 693 1999 quamquam‘patelactis
719 1921 853 1994 indiciis,
883 1922 1129 1984 confessionibus

106 2005 180 2081 suis,
194 2006 305 2066 iudicio
317 2015 441 2067 senatus
453 2023 514 2066 non
524 2007 615 2067 modo
630 2007 779 2080 praetoris
792 2005 849 2078 ius,
867 2022 971 2066 verum
984 2006 1075 2067 edorn
1088 2007 1130 2067 ci·

106 2089 152 2147 vis
168 2089 318 2161 amiserat,
334 2098 432 2148 tamen
448 2089 624 2164 magistratu
639 2104 673 2147 se
688 2086 854 2160 abdicavit,
871 2097 913 2162 ut,
928 2105 1007 2163 quae
1020 2090 1128 2165 religio

106 2171 136 2228 C.
148 2170 253 2242 llario,
268 2171 434 2233 clarissimo
449 2172 524 2246 viro,
539 2189 599 2231 nou
615 2173 720 2244 luerat,
736 2170 905 2244 quominus
921 2172 951 2232 C.
964 2173 1128 2247 Glauciam,

105 2252 145 2311 de
160 2269 220 2326 quo
237 2253 310 2313 nihil
325 2255 498 2316 nominatim
514 2262 577 2314 erat
592 2255 761 2327 decretum,
780 2263 950 2328 praetorem
965 2256 1127 2329 occideret,

106 2350 143 2394 ea
157 2352 214 2394 nos
230 2335 378 2409 religione
392 2338 421 2397 in
439 2338 557 2413 privato
569 2337 599 2396 P.
610 2337 737 2397 Lentulo
752 2337 908 2411 puniendo
923 2338 1126 2399 liberaremur.

187 2418 252 2476 Vll.
269 2415 317 2479 lo.
328 2420 414 2481 Nunc
427 2420 579 2496 quoniam,
591 2419 730 2495 Quirites,
747 2419 1031 2482 consceleratissimi
1046 2424 1128 2496 peri-

106 2500 353 2577 culosissimique
376 2505 446 2563 belli
467 2504 599 2565 nefarios
621 2505 716 2565 duces
739 2513 846 2578 captos
863 2506 923 2563 iam
943 2513 974 2565 et
987 2521 1128 2580 compre-

104 2584 219 2645 hensos
233 2585 358 2658 tenetis,
386 2587 561 2648 existimare
581 2586 699 2647 debetis
720 2604 826 2648 omnes
845 2587 988 2648 Catilinae
1008 2588 1126 2663 copias,

104 2684 211 2728 omnes
225 2676 299 2743 spes
320 2676 412 2744 atque
433 2686 510 2745 opes
533 2670 581 2730 his
604 2671 742 2746 depulsis
765 2670 849 2731 urbis
865 2671 1010 2746 periculis
1025 2671 1128 2732 conci-

103 2750 197 2812 disse.
213 2752 503 2828 Quemquidemego
513 2754 900 2829 quumexnrbepellcbam,
913 2755 973 2816 hoc
984 2752 1127 2830 provide-

102 2831 172 2894 bam
185 2837 300 2910 animo,
317 2836 462 2910 Quirites,
481 2846 598 2898 remoto
614 2836 740 2898 Catilina
753 2853 814 2897 non
832 2837 904 2897 mihi
919 2854 990 2899 esse
1003 2838 1034 2899 P.
1047 2834 1126 2896 Len-

104 2915 157 2973 tuli
171 2933 311 2980 somnnm
325 2936 382 2980 nec
396 2920 430 2979 L.
438 2920 534 2981 Cassii
549 2921 655 2996 adipes
671 2937 729 2981 nec
743 2918 905 2995 CCcthegi
922 2920 1068 2982 furiosam
1082 2928 1127 2980 te·

103 2999 266 3060 maritalem
280 3004 565 3079 pertimescendam.
590 3005 644 3064 llle
657 3013 722 3064 erat
734 3021 814 3065 unus
836 3004 987 3066 timendus
1004 3020 1044 3064 ex
1058 3002 1127 3064 istis

103 3078 260 3155 omnibus,
286 3088 341 3146 sed
365 3095 426 3148 tam
446 3087 514 3159 diu,
546 3087 617 3147 dum
643 3087 728 3148 urbis
761 3088 921 3149 moenibus
950 3086 1127 3148 contineba-

101 3168 157 3221 tur.
183 3159 289 3224 Omnia
308 3179 409 3241 norat,
440 3169 573 3230 omniurn
587 3168 688 3232 editas
702 3173 839 3232 tenebam
854 3172 1027 3246 appellare,
1050 3179 1126 3231 tem-

101 3252 197 3318 ptare,
213 3247 375 3311 sollicitare
391 3261 517 3326 poterat,
534 3254 680 3314 andebam
696 3264 760 3316 erat
774 3254 803 3315 ei
817 3255 977 3315 consilium
994 3255 1035 3314 ad
1052 3254 1126 3313 laci·

101 3343 158 3387 nus
169 3337 281 3403 aptum,
297 3335 425 3395 consilio
439 3345 539 3397 autem
551 3352 652 3411 neque
664 3354 770 3397 manus
783 3354 883 3412 neque
894 3337 998 3412 lingua
1008 3338 1125 3397 deerat.

99 3407 161 3469 lam
181 3414 221 3473 ad
240 3423 340 3474 certas
361 3432 412 3476 res
436 3419 643 3480 conficiendas
663 3428 764 3481 certos
781 3420 920 3481 homines
934 3421 1072 3481 delectos
1087 3433 1126 3479 ac
