2340 3788
374 180 455 240 clla
471 188 562 243 8-5·
584 185 739 246 §.B—lb.
1004 179 1069 248 899

42 327 1067 404 amniaornamentacangessisseot,tumtuipseplurimaetmaxima.

42 417 152 488 Neque
167 413 255 485 enim,
269 412 296 472 si
313 421 383 471 tuae
394 429 447 471 res
461 420 566 486 gestae
581 420 769 471 caeterorum
781 411 921 473 laudibus
931 415 1067 474 obscuri-

42 506 136 557 atem
159 498 333 568 attulerunt,
354 494 468 554 idcirco
488 492 690 567 cnnompeit
709 493 883 553 memoriam
905 495 1067 557 amisimus.

42 581 196 653 Quantum
221 594 330 637 nomen
345 577 425 635 illius
440 576 543 647 luerit,
564 583 695 650 quantae
711 591 802 649 opes,
818 584 928 650 quauta
943 577 1069 639 inomni

42 677 156 736 genere
168 661 312 720 bellorum
324 658 428 733 gloria,
439 659 544 731 quanti
554 657 687 718 honores
699 658 803 733 populi
817 657 954 730 Romani,
962 661 1068 734 quanti

42 752 185 814 senatus,
204 742 308 817 quanti
321 740 364 800 tui
381 740 449 814 quis
466 739 604 814 ignoratn
621 741 714 799 Tanto
735 740 785 799 ille
801 739 974 815 superiores
989 743 1068 801 vice·

42 835 89 885 rat
107 826 217 898 gloria,
240 832 353 899 quanto
370 830 403 881 ta
418 820 558 881 omnibus
574 821 757 897 praestitisti.
799 823 904 898 usque
917 823 967 883 Cn.
981 823 1068 884 Pom-

42 907 105 982 oeii
120 909 214 977 bella,
236 904 396 976 victorias,
418 903 600 980 triumphos,
624 907 801 966 consulatus
815 904 999 966 admirantes
1013 921 1068 964 nu-

42 991 252 1049 merabamus:
263 996 333 1048 taos
348 1002 525 1046 enumerare
538 1002 599 1046 uon
616 1000 791 1061 possumus.
818 989 856 1046 v,
871 986 921 1048 la.
935 988 982 1046 Ad
997 1003 1068 1048 eum

45 1072 135 1147 gitur
152 1087 207 1130 rex
222 1069 383 1129 Deiotarus
411 1068 494 1129 venit
512 1069 571 1129 lroc
587 1070 698 1129 misero
713 1069 857 1144 fatalique
872 1070 962 1142 bello,
979 1086 1068 1144 quern

42 1163 135 1213 antea
150 1150 237 1211 iustis
251 1150 476 1226 hostilibusque
489 1149 576 1210 bellis
591 1151 762 1223 adiuvaret,
781 1167 912 1226 quocum
930 1161 994 1212 erat
1008 1168 1068 1211 non

42 1234 179 1308 nospitio
194 1237 309 1306 solum,
328 1235 535 1293 verumetiam
550 1232 747 1294 familiaritate
765 1234 958 1308 coniunctus,
972 1242 1002 1295 et
1015 1249 1068 1293 ve-

42 1317 86 1377 rit
104 1319 153 1374 vel
171 1323 296 1390 rogatus
310 1323 345 1375 ut
358 1315 489 1388 amictas,
504 1316 552 1374 vel
569 1315 733 1377 arcessitus
751 1325 782 1376 ut
796 1316 913 1389 socius,
931 1319 979 1376 vel
996 1333 1067 1376 evo·

42 1409 133 1460 satus
148 1408 181 1458 ut
192 1399 233 1472 is,
256 1399 307 1473 qui
322 1397 441 1458 senatui
455 1413 562 1472 parere
576 1397 747 1459 didicisset:
765 1408 919 1473 postremo
932 1401 1014 1460 venit
1027 1398 1068 1457 ad

42 1481 223 1556 lugientem,
242 1479 596 1556 nonadinsequentcm,
618 1480 649 1540 id
670 1490 717 1542 est
732 1483 770 1540 ad
781 1481 921 1556 periculi,
945 1497 1005 1542 nou
1026 1481 1066 1540 ad

42 1564 189 1625 uictoriae
205 1564 391 1624 societatem.
420 1564 524 1638 ltaque
538 1563 710 1623 Pharsalico
728 1564 842 1637 proelio
859 1565 937 1623 lacto
953 1564 1066 1625 aPom·

42 1647 115 1722 seio
137 1647 294 1705 discessio
315 1661 402 1719 spem
419 1644 565 1704 infinitam
586 1645 729 1719 persequi
751 1645 859 1705 noluit:
883 1647 931 1705 vel
953 1646 1066 1716 ollicio,
1120 1672 1123 1675 ·

42 1730 67 1790 si
86 1728 162 1801 quid
175 1729 336 1799 debuerat,
355 1728 403 1784 vel
418 1725 527 1797 errori,
545 1725 660 1799 siquid
677 1725 841 1796 nescierat,
863 1725 938 1785 satis
957 1728 1067 1786 lactum

42 1809 231 1873 assederit:
254 1809 376 1867 domum
394 1823 431 1865 se
445 1805 585 1877 contulit,
600 1815 690 1880 teque
704 1807 940 1867 Alexandrinum
957 1807 1067 1866 bollum

42 1898 171 1969 gerente
190 1888 364 1949 utilitatibus
383 1889 443 1949 tuis
464 1889 571 1964 paruit.
614 1881 664 1949 tl.
685 1888 737 1947 llle
758 1887 922 1948 exercitum
941 1888 991 1947 Cn.
1007 1889 1067 1947 Do-

42 1972 135 2043 mitii,
156 1970 332 2046 amplissimi
345 1970 417 2044 viri,
440 1973 505 2031 suis
526 1969 612 2032 tectis
632 1977 662 2030 et
683 1969 779 2044 copiis
801 1969 994 2030 sustentavit=
1017 1970 1067 2048 ille

42 2056 200 2132 Ephesum
214 2054 254 2112 ad
268 2069 345 2126 aum,
363 2070 453 2128 quem
466 2061 500 2115 tu
509 2069 553 2113 -ex
564 2051 625 2114 tuis
640 2052 847 2112 fidelissimum
864 2055 905 2130 [et
917 2051 1066 2127 probatis-

42 2143 157 2202 simum
178 2134 328 2213 omnibus]
349 2135 502 2211 delegisti,
522 2134 680 2210 pecuniam
701 2135 796 2197 misit:
817 2134 866 2194 ille
880 2135 1001 2208 iterum,
1016 2135 1066 2193 ille

42 2220 134 2283 2ertio
151 2219 341 2279 auctionibus
357 2219 444 2279 lactis
465 2218 625 2294 pecuniam
639 2218 736 2296 dedit,
752 2234 813 2293 qua
826 2219 866 2278 ad
878 2218 989 2278 bellum
1001 2225 1064 2276 nte-

42 2318 129 2365 rere:
151 2302 201 2361 ille
222 2317 333 2376 corpus
357 2317 444 2362 suum
465 2301 600 2376 periculo
624 2299 749 2373 obiecit,
769 2310 929 2376 tecumque
949 2300 979 2361 in
999 2299 1066 2359 acie

42 2393 150 2448 contra
171 2384 353 2451 Pharnacem
380 2383 437 2444 luit
459 2393 602 2459 tuumque
627 2384 744 2445 hostem
773 2397 843 2444 esse
863 2383 949 2445 duxit
969 2399 1065 2445 suum.

42 2471 129 2544 Quae
149 2466 270 2540 quidem
287 2483 305 2524 a
323 2473 352 2525 te
371 2466 402 2526 in
416 2482 483 2526 cam
507 2475 621 2541 partem
641 2475 768 2540 accepta
788 2474 874 2537 sunt,
897 2465 1018 2536 Caesar,
1035 2475 1068 2522 ut

42 2567 115 2613 eum
130 2548 317 2624 amplissimo
334 2548 415 2622 regis
428 2549 545 2609 mucra
556 2556 586 2608 et
599 2548 719 2609 nomine
737 2548 897 2609 adieceris
988 2600 995 2607 .

106 2628 155 2691 15.
172 2632 202 2691 Is
216 2630 306 2706 igitur
320 2647 381 2690 uon
396 2632 486 2690 modo
502 2639 563 2691 ato
575 2630 709 2704 periculo
723 2631 883 2701 liberatus,
899 2629 957 2688 sed
978 2626 1067 2686 etiam

42 2718 162 2776 honore
177 2712 363 2788 amplissimo
377 2722 510 2785 ornatus,
525 2714 658 2788 arguitur
671 2721 701 2773 te
717 2713 885 2775 domieuae
899 2709 1068 2771 interlicere

42 2794 199 2856 votuisse:
220 2797 302 2869 quod
319 2804 364 2868 tu,
385 2796 443 2856 nisi
458 2812 524 2856 eum
538 2795 770 2857 luriosissimum
786 2795 913 2866 iudicas,
928 2792 1067 2877 prolecto

42 2876 197 2950 suspicari
217 2894 278 2936 non
290 2884 398 2954 potes.
447 2877 487 2938 Ut
506 2877 586 2937 enim
607 2878 737 2939 omittam
752 2877 839 2939 cuius
853 2875 927 2938 tend
943 2873 1067 2935 sceleris
1144 2878 1146 2882 ’

42 2959 136 3023 luerit
155 2959 185 3018 in
199 2963 505 3058 conspectudeoratm
523 2959 674 3035 penatium
688 2976 797 3020 necare
808 2957 968 3032 hospitem,
981 2955 1067 3015 cuius

42 3050 145 3107 tantae
165 3041 395 3118 importunitatis
419 3042 549 3104 omnium
570 3041 701 3116 gernum
726 3049 818 3117 atque
838 3040 936 3102 omnis
955 3055 1067 3098 memo-

42 3128 108 3188 riae
124 3124 324 3186 olorissimum
345 3128 445 3186 lumen
460 3124 670 3199 exstinguere,
685 3125 770 3185 cuius
787 3131 887 3184 tantae
904 3119 1067 3189 ierocitatis

42 3210 190 3270 victorem
212 3207 296 3268 orbis
313 3217 460 3269 terrarum
480 3224 541 3269 non
561 3206 773 3277 extimescere,
800 3204 885 3266 ouius
908 3213 967 3265 tam
981 3203 1067 3262 inhu-

42 3289 125 3352 mani
139 3298 169 3350 et
185 3290 294 3364 ingrati
304 3291 414 3364 ¹animi,
436 3307 455 3350 a
476 3306 536 3365 quo
550 3305 605 3349 rex
621 3290 791 3364 appellatus
807 3293 903 3360 esset,
923 3286 953 3346 in
969 3301 1006 3344 eo
1021 3291 1067 3358 ly·
