2340 3788
359 210 442 271 cer.
456 220 587 285 rores.
609 217 636 278 s.
651 180 780 275 rsa-'cc
1026 202 1088 280 'ecl

58 381 121 427 non
138 378 226 436 esse,
247 376 353 421 carere
373 376 481 423 seusus
509 363 635 422 atterum
652 361 742 421 etiam
759 365 939 438 optandum,
962 358 1088 428 meliore
1118 396 1121 401 ·

59 463 131 509 esse
148 458 244 505 sensu
276 442 348 511 ΑΒ.
370 444 524 520 Denique,
546 461 637 518 quum
653 444 754 506 omnia
768 461 889 521 semper
905 448 946 506 ad
960 444 1099 525 dignitas'·
1126 436 1140 461 ‘¹

58 542 120 592 tem
134 484 269 589 rettuiidd
299 514 302 529 ¹
322 524 390 586 itec
405 528 470 590 sine
487 543 524 595 ea
541 526 707 604 quidquam
722 530 926 602 expetendum
946 547 1019 592 esse
1032 534 1088 594 hc*

57 608 548 699 miniinvitaputasserujmorte,
578 626 694 685 „quam
705 610 794 690 etiam
806 612 939 688 virgines
949 600 1087 689 A'theuis,

58 696 156 770 regis,
173 685 299 771 dpit'i‘di,¹
318 680 482 753 Erechthei
495 627 599 764 'filiine'j
615 710 671 767 pro
689 693 787 785 pptria
803 694 1027 775 contempsisse
1043 698 1087 759 di·
1127 742 1132 763 .-

60 786 182 850 cuntur,
200 793 258 851 ego
273 776 319 834 vir
329 775 500 836 consularis
514 775 604 836 tantis
615 770 815 850 rebusge‘sti's
826 774 984 851 tiineremt
999 766 1088 853 p'r'a'd·
1126 778 1128 783 ’

59 861 163 922 sertim
178 874 269 934 quum
285 858 351 920 eius
366 875 468 918 essem
483 858 627 930 civitatis,
644 875 684 918 ex
699 875 758 933 qua
774 859 806 917 G.
820 858 939 921 Mucius
956 863 1041 921 solus
1057 862 1089 924 iu

59 952 160 1005 casua
172 943 346 1002 Porsennae
362 941 498 1002 venisset
514 958 645 1017 eumque
664 941 727 1019 inte
743 942 836 1023 ficere
854 942 1012 1021 proposita
1031 944 1089 1004 sibi

58 1034 156 1086 morte
172 1033 299 1085 conatus
315 1032 412 1085 essct=
440 1040 479 1083 ex
495 1042 555 1099 qua
568 1025 599 1083 P.
614 1020 732 1085 Decius'
842 1026 993 1103 ut'pater,
1018 1034 1090 1100 post

58 1096 294 1202 aliquet'dipios.
303 1109 399 1187 patria
413 1106 522 1168 virtute
537 1109 693 1184 praeditus
710 1096 885 1168 filiusse'dc
898 1108 989 1169 vitam
1002 1125 1089 1170 suam
1113 1108 1116 1115 '

56 1180 218 1259 instuffltd·
227 1180 378 1266 saepiu
389 1186 493 1251 ‘salute
514 1192 620 1266 populi
636 1191 764 1273 Romani
782 1191 974 1267 ‚victoriaque
996 1193 1089 1254 devo·
1119 1250 1122 1259 ,

58 1277 171 1335 visset=
189 1291 228 1334 ex
241 1291 301 1350 qua
311 1274 547 1336 innumerabiles
562 1273 613 1336 alii
628 1254 734 1350 pdrtim
749 1264 967 1350 adipiscendae
979 1275 1089 1350 laudis,

58 1356 168 1433 partim
188 1358 330 1420 vitandae
349 1358 661 1437 turpitudinislcausa
683 1365 810 1418 mortem
835 1359 866 1418 in
886 1359 980 1419 variis
1000 1358 1089 1419 bellis

59 1441 255 1533 aequissimis
267 1442 382 1527 :animis
403 1436 608 1533 oppetissetrit
621 1440 666 1519 'iu
688 1459 749 1517 qua
766 1440 887 1502 civitate
901 1442 971 1518 ipse
981 1440 1099 1526 pamm
1135 1458 1138 1463 ·

58 1511 310 1610 &euperem
330 1526 420 1587 huius
434 1526 476 1584 M.
493 1524 615 1600 crassi·,‘
637 1525 835 1585 fortissimum
849 1524 964 1600 virum,
990 1542 1030 1586 ue
1045 1526 1089 1585 vi·
1153 1560 1156 1565 ·

58 1609 145 1668 deret
158 1607 304 1670 victorem
317 1612 406 1669 vivus
424 1607 592 1680 inimicum,
619 1607 727 1667 eadem
749 1609 806 1667 sibi
822 1623 914 1686 manu
931 1608 1023 1668 vitatu
1037 1608 1107 1669 ex-'

59 1690 217 1763 hausisse,
235 1708 297 1766 qua
310 1699 437 1751 mortem
454 1707 548 1764 saepe
560 1690 701 1750 hostibus
716 1689 886 1773 obtulisset.
952 1722 963 1729 ··
1073 1702 1076 1707 '
1124 1744 1129 1761 ,

19 1826 24 1833 .
142 1774 234 1832 XXII.
247 1773 299 1832 49.
321 1775 405 1833 Haec
421 1787 478 1846 ego
494 1780 524 1831 et
536 1773 629 1830 multa
643 1771 702 1830 alie
716 1773 853 1846 cogitans
868 1773 928 1832 hcc
938 1771 1088 1844 videbam,
1118 1784 1150 1815 ‹³-

58 1857 88 1917 si
100 1870 224 1927 causam
234 1854 469 1933 publicammea
479 1870 562 1919 mors
574 1844 768 1927 perdidisset,
784 1854 935 1914 nemiuem
946 1870 1091 1928 umquam

52 1930 202 2017 ¹,iore't'uui
220 1932 347 1996 auderet
368 1933 527 2010 suscipere
548 1944 653 1995 contra
677 1937 834 2009 improbos
855 1936 938 2005 cives
963 1937 1091 1996 salutern
1131 2009 1135 2015 .

57 2021 105 2080 rei
121 2018 269 2093 publicae.
309 2019 416 2092 Itaque
436 2020 611 2081 conscium
629 2018 655 2078 si
672 2019 702 2077 vi
717 2018 905 2094 interissem,
930 2019 985 2078 sed
1000 2017 1105 2097 etlam:

60 2103 89 2164 si
109 2102 216 2163 morbo
237 2100 405 2163 exstinctus
425 2116 541 2174 essem,
568 2103 634 2163 iore
648 2103 791 2178 putabam
807 2111 841 2175 ut
858 2098 947 2165 exedi
969 2099 1091 2162 ium'rei

59 2185 202 2261 publicae
226 2185 458 2246 conservandae
482 2201 600 2245 mecum
622 2184 710 2246 simul
730 2184 872 2247 interiret.
914 2119 987 2260 otiis
1010 2184 1090 2255 enim

60 2285 204 2344 umquam
219 2285 268 2329 ure
287 2286 306 2328 a
323 2278 431 2331 senatu
440 2269 624 2345 populoque
638 2271 776 2330 Romano
790 2278 873 2331 tento
890 2271 1023 2330 omniurn
1035 2270 1090 2330 bc-

61 2369 170 2414 norum
181 2351 282 2413 studio
295 2369 356 2412 non
366 2352 519 2423 restituto,
537 2353 620 2428 quod
635 2362 731 2425 certe,
749 2354 775 2412 si
790 2370 891 2414 essem
904 2353 1090 2425 interiectus,

44 2436 202 2527 *laccidege
221 2451 284 2522 pun
305 2436 469 2578 pgtuisset,
494 2436 586 2579 ulta}
606 2435 805 2515 reipublicae
819 2447 935 2511 partem
950 2453 1019 2496 cum
1034 2452 1092 2495 sua
1118 2490 1133 2518 ,ἑ
1160 2504 1163 2509 y

10 2508 312 2581 '''''··'idi'r'1ima'i'rividia
341 2514 454 2580 ¹uderet
468 2519 561 2593 atting
580 2510 636 2578 ie?
652 2514 793 2579 'Ser'vavi
807 2519 897 2595 igitur
915 2537 979 2580 rem
993 2514 1107 2593 publi-'.
1155 2516 1162 2525 '

63 2617 129 2661 cam
146 2601 288 2662 discessu
308 2618 392 2675 mec,
416 2601 549 2662 iudices:
572 2603 698 2663 caedem
714 2619 733 2661 a
747 2603 838 2662 vobis
858 2603 1025 2677 liberisque
1039 2615 1091 2658 ve·

63 2684 149 2758 stris,
165 2685 352 2758 vastitatem,
369 2683 524 2757 incendia,
541 2685 665 2761 rapinas
680 2701 748 2745 mec
761 2686 867 2747 dolore
880 2688 1024 2760 luctuque
1039 2683 1091 2742 de

63 2767 141 2842 puti,
152 2840 156 2845 ι
167 2777 198 2829 et
210 2784 291 2831 unus
302 2767 350 2829 bis
361 2784 424 2827 rem
436 2767 589 2843 publicam
600 2767 736 2841 servavi,
752 2770 847 2829 semel
857 2764 1105 2845 gloriagiterum
1132 2836 1135 2843 ,
1151 2824 1158 2839 ,.

62 2848 207 2912 aerumna
216 2860 294 2912 mea.
313 2852 421 2927 Neque
433 2851 512 2917 enim
523 2850 553 2910 in
565 2852 624 2912 hoc
635 2868 683 2911 rue
694 2851 847 2913 hominem
858 2868 930 2911 esse
940 2828 1092 2935 infitiapcr

62 2949 221 3008 umquam,
244 2944 277 2995 ut
290 2951 338 2996 me
353 2934 467 3009 optim'o
479 2935 592 3007 'fratre
617 2933 783 2995 carissimis
804 2933 923 3010 liberis,
944 2930 1113 3075 fidiiflffffir:
1128 2996 1137 3003 ,,

63 3015 531 3099 coniuge„vestrc'ceuspectu,
554 3017 665 3093 petria,
690 3016 750 3076 hcc
767 3012 1010 3093 honorislgradu
1041 3029 1092 3074 ine
1118 3002 1123 3023 ¹

62 3101 168 3161 dolore
182 3101 320 3163 caruisse
334 3101 454 3177 glorier.
485 3101 573 3174 Quod
587 3101 614 3160 si
629 3100 788 3173 fecissem,
806 3085 923 3176 quade
936 3116 987 3177 pte
998 3099 1092 3158 bene·

58 3184 164 3279 ¹ficium
177 3180 456 3261 haberetis,'duum
472 3201 528 3260 pro
541 3183 633 3245 vobis¹
643 3200 695 3258 ea,
713 3198 792 3258 quae
806 3181 879 3248 mihi
894 3166 997 3269 ceseii
1012 3181 1092 3263 vilia,

59 3266 276 3342 redquissemt
292 3269 359 3329 Hoc
373 3285 442 3328 meo
456 3267 578 3343 quidem
590 3268 690 3327 anime
703 3264 812 3327 summi
824 3263 855 3325 in
870 3264 997 3341 patriam
1009 3278 1092 3323 amc-

59 3349 103 3409 ris
120 3353 179 3410 mei
196 3350 315 3425 signum
335 3367 407 3413 esse
424 3351 515 3412 debet
531 3349 750 3424 certissimum,
771 3350 855 3424 quod
871 3365 964 3424 quum
982 3347 1093 3407 abesse

60 3431 100 3491 ab
111 3432 228 3496 casine
239 3448 358 3494 summo
369 3433 477 3496 dolore
488 3450 550 3494 uon
562 3449 702 3509 possem,
717 3433 798 3493 huuc
811 3447 860 3492 me
871 3430 990 3507 perpeti
1002 3443 1094 3504 quam
