2340 3788
99 200 160 265 118
295 196 346 258 DE
361 191 517 254 IMPERIO
535 192 591 251 CN.
601 134 754 251 Pompam
768 190 919 251 ORATIO.

101 348 236 417 audiam,
259 347 297 406 de
312 361 386 419 qua,
407 351 440 404 ut
454 341 596 413 arbitror,
617 339 666 401 isti
682 340 757 415 ipsi,
779 339 832 415 qui
847 339 1014 417 minantur,
1033 342 1124 405 etiam

101 442 192 506 mque
206 430 301 489 etiam
313 425 384 502 quid
399 427 488 486 liceat
502 423 744 485 considerabunt.
782 424 850 483 Mea
867 425 990 498 quidem
1003 435 1125 487 senten

102 515 159 586 tia,
181 511 324 586 Quirites,
345 526 423 571 unus
438 510 475 567 A.
491 505 635 567 Gabinius
651 505 722 565 beili
739 505 877 566 maritimi
890 523 1055 582 rerumque
1072 525 1124 583 ge·

103 606 214 658 starum
231 595 282 653 Cu
299 591 443 667 Pompeio
461 591 564 651 socius
579 588 753 663 ascribitur,
776 598 938 663 propterea
952 584 1040 665 quod
1052 593 1127 653 alter

101 697 153 741 ιιι
145 677 237 738 iilud
253 677 365 736 bellum
380 673 609 748 suscipiendum
623 671 733 732 vestris
750 671 902 746 suffragiis
919 672 1033 746 detulit,
1051 675 1127 735 aiter

102 763 233 822 delatum
250 766 488 833 susceptumque
503 752 642 816 coniecit.

182 845 245 905 XX.
267 842 317 904 59.
344 840 504 914 Reliquum
518 848 565 898 est
577 845 609 896 ιιι
621 838 660 897 de
672 837 706 910 Q.
719 836 812 897 Catuli
825 837 1001 899 auctoritate
1013 846 1046 901 et
1056 856 1126 901 sen·

100 928 192 989 tentia
212 925 374 987 meandum
394 938 465 982 esse
483 921 627 981 videatur.
659 919 715 993 Qui
731 935 823 994 quum
838 936 878 979 ex
892 919 981 982 vobis
997 938 1126 995 quaere—

100 1020 161 1082 ret,
185 1008 211 1071 si
234 1011 264 1068 iu
281 1023 341 1069 uno
358 1005 410 1064 Cn.
426 1002 569 1078 Pompeio
585 1001 686 1062 omnia
702 1001 873 1076 poneretis,
896 1003 1013 1079 siquid
1029 1006 1126 1065 eota-

102 1103 181 1155 ctum
196 1099 286 1162 esset,
302 1090 332 1147 in
348 1103 408 1161 quo
421 1103 506 1161 spem
522 1084 631 1145 essetis
644 1085 782 1158 habituri,
800 1084 880 1160 oepit
893 1101 1035 1160 magnum
1050 1104 1136 1149 suae⁴

99 1174 218 1237 virtutis
234 1174 361 1235 fructum
378 1185 414 1228 ιι
431 1168 599 1245 dignitatis,
621 1185 713 1242 quum
729 1184 835 1228 omnes
854 1185 913 1229 una
927 1184 1025 1244 prope
1048 1187 1126 1232 vore

101 1261 130 1320 in
151 1274 188 1318 eo
210 1255 278 1330 ipso
300 1269 358 1313 vos
378 1267 465 1326 spem
487 1251 643 1311 babituros
664 1267 735 1311 esse
756 1250 886 1318 dixistis.
917 1252 1035 1314 Etenim
1056 1255 1126 1317 tatis

101 1349 150 1403 est
164 1337 223 1410 vir,
237 1336 365 1397 utnulla
378 1351 429 1396 res
444 1343 525 1395 tanta
542 1333 581 1394 sit
595 1351 632 1393 ao
650 1343 708 1394 tam
724 1333 872 1406 difficilis,
892 1352 982 1409 qnam
997 1334 1049 1397 iiie
1063 1354 1126 1398 non

101 1431 131 1484 ιι
154 1419 280 1481 consitio
306 1433 412 1492 regere
440 1426 469 1478 et
492 1416 659 1491 integritate
684 1418 760 1476 tueri
784 1424 814 1476 et
838 1416 948 1479 virtute
971 1418 1126 1480 eontioere

101 1503 212 1580 possit.
256 1501 318 1561 Sed
340 1499 370 1559 in
392 1501 449 1560 boe
470 1500 539 1574 ipso
561 1500 599 1559 ab
619 1516 656 1560 eo
679 1500 943 1561 vehementissime
964 1500 1124 1576 dissentio,

102 1587 185 1663 quod
200 1602 261 1660 quo
282 1582 381 1644 minus
397 1591 480 1655 cerm
500 1592 547 1643 est
561 1582 715 1642 hominum
729 1599 766 1642 ao
782 1582 884 1642 minus
898 1583 1040 1645 diuturna
1052 1584 1126 1659 vita,

101 1670 161 1731 hoe
184 1666 280 1742 magis
309 1683 360 1727 res
388 1665 523 1740 publiea,
553 1666 623 1725 dum
650 1682 705 1740 per
728 1667 803 1727 deos
830 1664 1013 1727 immortales
1041 1666 1124 1739 lieet,

101 1751 161 1813 irui
169 1752 265 1811 debet
278 1748 386 1811 summi
402 1748 457 1808 viri
471 1748 533 1808 vita
550 1757 641 1823 atque
659 1747 774 1809 virtute.
798 1779 841 1791 -
863 1748 914 1811 60.
933 1749 1069 1811 mentm
1084 1766 1125 1809 ue

103 1834 175 1911 quid
195 1834 265 1895 novi
283 1833 335 1894 fiat
354 1841 459 1893 eontra
481 1833 621 1906 exempta
641 1841 732 1906 atque
750 1830 884 1892 instituta
903 1831 1062 1893 maiorum.
1081 1866 1126 1879 -

101 1919 167 1979 Non
189 1916 288 1978 dicam
309 1916 368 1977 boe
389 1917 456 1976 loeo
477 1914 607 1977 maiores
628 1922 750 1975 nostros
770 1930 891 1989 semper
910 1915 941 1975 iu
957 1931 1036 1990 paee
1049 1932 1124 1995 oon-

103 1999 268 2071 suetudini,
283 1998 313 2059 in
327 1999 406 2059 betto
421 1996 538 2073 utilitati
553 1996 708 2074 paruisse,
725 2013 845 2072 semper
860 1999 898 2057 ad
916 2015 1013 2058 novos
1031 2014 1126 2060 rasus

104 2093 271 2158 temporum
284 2098 429 2142 novorum
442 2079 636 2140 consiliorum
646 2079 779 2139 rationes
790 2081 1051 2156 accommodasse,
1061 2099 1125 2143 non

103 2164 201 2224 dicam
221 2165 282 2223 duo
304 2164 384 2224 belia
404 2162 547 2232 maxima,
568 2162 712 2222 Punicum
732 2171 824 2237 atque
843 2162 1062 2239 Hispaniense,
1083 2166 1124 2224 ab

101 2262 163 2307 uno
184 2245 364 2318 imperatore
381 2261 452 2306 esse
470 2244 609 2305 coniecta
625 2244 763 2318 duasque
778 2247 870 2306 urbes
885 2246 1123 2323 potentissimas,

103 2344 181 2402 quae
195 2325 264 2386 huie
278 2327 404 2402 imperio
420 2327 548 2386 maxime
561 2326 786 2399 minitabantur,
802 2329 1015 2404 Karthaginem
1030 2339 1123 2403 atoue

13 2469 16 2477 ,
100 2409 302 2481 Numantiam,
325 2411 363 2470 ab
383 2411 492 2470 eodem
508 2409 651 2483 Scipione
672 2426 742 2471 esse
763 2411 893 2483 deletas,
914 2428 975 2472 non
992 2427 1123 2473 comme-

101 2493 226 2555 morabo
248 2508 344 2566 nuper
365 2493 406 2553 ιιι
424 2492 513 2553 vobis
531 2488 729 2567 patribusque
744 2493 853 2554 vestris
868 2511 939 2555 esse
955 2493 1070 2568 visum,
1089 2504 1125 2556 ut

101 2577 131 2637 in
147 2593 207 2639 nno
223 2576 252 2635 C.
268 2575 362 2635 Mario
377 2591 450 2648 spes
466 2575 584 2649 imperii
599 2585 775 2649 poneretur,
796 2583 829 2637 ut
842 2576 921 2637 idem
936 2593 1004 2638 enm
1018 2578 1124 2652 lugur-

101 2661 166 2734 tba,
186 2660 266 2720 idem
289 2675 357 2718 enm
372 2657 513 2729 Cimbris,
533 2657 612 2718 idem
633 2675 701 2719 eum
715 2659 857 2720 Teutonis
871 2661 983 2720 bobum
996 2660 1124 2721 admini-

102 2751 224 2803 straretr
245 2739 295 2803 nl.
309 2741 340 2801 in
354 2740 424 2816 ipso
441 2739 491 2799 Cn.
508 2740 668 2815 Pompeio,
684 2743 790 2817 inquo
807 2741 878 2803 novi
893 2742 1125 2805 constituimini

100 2828 164 2887 vuit
178 2826 212 2899 Q.
226 2825 363 2897 Catulus,
386 2840 476 2898 quam
496 2826 587 2884 multa
608 2824 667 2885 sint
681 2841 760 2885 nova
778 2842 894 2886 summa
908 2825 941 2898 Q.
958 2825 1056 2887 Catuli
1069 2843 1125 2886 vo-

101 2907 214 2968 luntate
231 2908 393 2970 constituta
405 2906 615 2968 recordamini.

183 2991 257 3050 XXI.
290 2992 367 3065 Quid
388 2999 446 3051 tam
462 3007 574 3050 novum
589 3006 678 3064 quam
697 2990 957 3050 adolescentulum
971 2987 1126 3064 privatum

101 3072 265 3133 exereitum
287 3074 399 3133 diffioiti
416 3073 459 3133 rei
478 3073 617 3148 publicae
634 3080 769 3147 ternpore
783 3074 957 3134 conticeret
977 3071 1126 3133 Conterit.

99 3154 176 3216 Huic
202 3164 369 3230 praeesset
392 3155 532 3216 Praeiuit.
568 3156 643 3215 Rern
667 3155 779 3230 optime
805 3156 896 3215 ductu
917 3171 973 3215 suo
997 3162 1128 3229 gereret

101 3236 209 3299 Gessit
245 3237 348 3309 Quidt
349 3256 397 3299 am
415 3248 535 3312 praeter
552 3238 803 3299 consuetudinem
822 3251 912 3313 qnam
926 3237 1041 3299 bomini
1056 3254 1126 3312 per

100 3319 301 3392 adolescenti,
329 3322 414 3382 euius
442 3332 526 3382 aetas
548 3337 566 3380 a
587 3321 740 3382 senatorio
762 3322 858 3395 gradu
879 3322 969 3396 longe
991 3320 1128 3394 abesset,

99 3399 256 3484 imperium
271 3410 361 3478 atque
376 3404 541 3465 exereitum
555 3402 634 3476 dari,
640 3390 782 3465 Siciliam
797 3402 925 3478 permitti
942 3404 1034 3478 atque
1045 3401 1129 3465 arri-
