2340 3788
99 174 165 249 noc
258 172 300 237 tn
313 168 955 251 meorumunommonummmcn
969 173 1008 235 ιι

100 337 259 403 tamquam
270 321 299 385 si
309 329 394 385 esset
406 321 534 394 consol,
552 319 729 387 meterent
748 318 935 385 Incredibile
943 323 1041 405 dicto,
1052 325 1120 402 scit

18 398 24 411 '
103 400 168 475 inm
182 405 364 467 nimis'intor
377 419 484 466 omnes
498 402 660 467 constabat
674 402 827 467 nerninem
837 418 916 465 esse
926 406 1122 479 molentun

101 487 285 569 praeconio
300 502 395 564 quom
404 486 488 549 duos
504 482 610 549 socon
621 486 800 561 Aneromos
812 482 966 560 haberet,
977 488 1125 553 ilustciro

101 572 311 637 otlecooemr
329 584 465 646 quornm
476 569 554 633 alter
567 568 738 645 gladiorum
751 566 980 644 estprioceps,
995 573 1071 635 eltcr
1081 589 1126 649 pc

32 720 35 725 ,
101 656 251 719 omnium.
294 650 366 717 tot.
386 651 465 727 pcto
481 666 542 729 ego
563 650 632 713 illos
651 648 741 715 istius
754 648 853 717 minas
870 653 1128 731 contumeliisque

103 751 352 809 commemorato,
382 735 494 811 snmus
519 734 659 797 invectim
685 741 734 799 cst
760 734 799 795 in.
812 731 990 811 Sidicinos,
1017 738 1129 799 emerit

100 818 302 893 Puteolanos,
322 818 408 895 qood
424 818 459 879 c,
480 815 618 879 Cassium
636 815 798 879 et-Brutoe
816 824 971 895 patrones
993 820 1129 896 anepos

28 966 39 977 ,
101 909 195 969 ιαιιι
212 900 325 977 Ιιιςιιο
339 898 607 977 quidcmindicio,
625 898 743 975 studio,
755 898 989 976 berwolcntin,
1004 903 1129 977 caritate,

101 1002 167 1049 ooo
182 992 218 1047 ul
233 992 280 1060 te,
300 982 496 1057 ulBosilnm,
513 981 546 1042 vi
563 990 594 1045 ol
610 978 723 1057 ante,
747 987 779 1043 el
796 980 876 1045 clins
892 984 1129 1060 vcetriwilec,

100 1084 184 1147 orme
206 1067 331 1129 clientes
351 1082 443 1128 nemo
461 1065 576 1139 habete
596 1064 687 1137 velit,
708 1080 772 1125 non
789 1064 883 1127 modo
901 1062 1028 1129 itteram
1040 1068 1130 1131 elleos

102 1166 188 1215 use.
229 1150 320 1213 xnu.
339 1150 460 1213 laurea
479 1150 551 1211 dom
563 1144 598 1211 ni
610 1146 701 1221 abes,
720 1144 776 1223 qni
791 1146 859 1211 dies
870 1146 924 1222 itte
937 1150 1082 1227 collegis
1093 1149 1131 1213 toi

11 1226 23 1233 “
101 1231 175 1307 init,
203 1248 297 1309 quum
316 1231 408 1305 illud,
436 1231 520 1307 quod
539 1228 679 1293 vencmri
698 1228 841 1305 solebas,
867 1230 997 1295 humum
1016 1234 1048 1295 ia
1068 1234 1132 1296 lore

12 1314 22 1327 “
100 1314 231 1377 ermuli
257 1314 378 1389 Quare
396 1312 450 1375 tibi
470 1311 630 1387 maias,
652 1318 687 1375 ul
705 1312 866 1375 constclmt
883 1312 965 1375 ioler
987 1330 1061 1389 eos,
1084 1313 1132 1391 qni

101 1412 165 1459 usa
177 1398 312 1466 locunt,
327 1394 499 1457 concidisti.
519 1394 598 1469 Quid
614 1393 872 1471 evenerit-postca
879 1396 1003 1459 nescio.
1020 1398 1131 1461 dietum

101 1478 197 1541 credo
218 1477 354 1539 telmeso
372 1485 404 1538 et
425 1492 520 1538 mmo.
556 1476 711 1552 collem
727 1477 853 1554 qudem
872 1477 914 1541 dc
927 1480 1021 1541 caelo
1037 1480 1130 1543 deoa-

99 1557 174 1623 x'mti
193 1556 387 1635 cffedclqm
411 1572 475 1643 non
489 1568 522 1621 tu
534 1558 659 1634 qnidam
671 1559 764 1623 etiam
784 1576 867 1623 onoc
894 1569 930 1623 nt
951 1562 1060 1639 sirnilis
1082 1563 1129 1636 toi,

99 1641 259 1705 sedeone
278 1640 657 1706 utdiesimiliseesctsui
761 1672 813 1727 =e
888 1652 895 1669 ‘
947 1676 952 1683 ·
1079 1699 1085 1705 .

138 1782 141 1787 .
163 1722 235 1789 lod.
263 1723 320 1800 Qui
343 1741 417 1789 vcro
435 1725 508 1788 iode
526 1724 643 1788 reditus
662 1726 806 1787 Romami
829 1726 924 1801 Ques*
940 1726 1125 1803 perturbetis

98 1806 197 1871 totins
209 1807 310 1870 mnist
337 1808 572 1873 memineramus
586 1808 712 1871 cirron
728 1807 819 1873 nimis
832 1817 1009 1884 potentem,
1022 1811 1128 1873 Sullam

99 1899 210 1967 postca
229 1890 450 1953 dominantem
471 1892 564 1954 modo
582 1890 744 1955 curarem
756 1898 935 1967 regnantem
949 1892 1128 1957 videramus

98 1972 193 2035 Erant
208 1974 340 2036 fortasse
355 1973 463 2049 gladii,
478 1975 535 2036 sed
549 1972 721 2036 absconditi
734 1988 792 2035 nec
805 1975 847 2037 ito
861 1976 957 2037 multi.
978 1977 1044 2039 lem
1060 1992 1127 2038 vero

100 2073 181 2131 quac
203 2066 233 2118 et
254 2065 367 2132 quanta
389 2058 528 2118 barbaria
543 2066 604 2119 est!
627 2059 757 2133 Agmine
772 2055 921 2132 quadrato
939 2075 1012 2121 cum
1027 2059 1128 2136 glndiis

100 2146 286 2214 sequnntur:
312 2148 468 2200 scutorum
489 2141 614 2201 lecticas
637 2140 750 2216 portari
769 2139 922 2202 videmus.
959 2146 1067 2219 Atque
1086 2142 1127 2202 his

42 2240 46 2245 ·
98 2221 225 2296 quidem
238 2220 298 2282 iam
312 2222 504 2295 inveteratis,
526 2232 638 2298 pauca
647 2221 825 2298 conscripti,
840 2228 1067 2288 consuetudine
1082 2226 1126 2286 ιιι

99 2302 268 2364 docuimus.
303 2305 450 2366 Kalendis
470 2304 565 2367 Iuniis
584 2322 678 2381 quum
702 2306 733 2366 in
754 2314 908 2380 senotnm,
930 2317 964 2369 ut
978 2319 1048 2372 crat
1062 2325 1125 2370 con·

98 2385 244 2456 stitutum,
256 2385 361 2449 venire
376 2389 533 2463 vellemus,
547 2395 629 2449 metu
641 2389 788 2464 perterriti
808 2390 1125 2468 repentcdillugimos.

29 2516 32 2521 .
101 2467 173 2530 109.
201 2472 242 2529 At
264 2467 337 2542 istc,
370 2473 421 2547 qui
450 2481 559 2534 senatu
583 2488 643 2533 non
668 2478 786 2546 egeret,
819 2489 922 2548 neque
946 2473 1128 2537 desideravit

100 2567 285 2626 quemquam
305 2560 336 2614 el
355 2554 456 2628 potins
478 2555 620 2616 discessu
640 2563 746 2616 nomro
761 2556 889 2623 lactatus
904 2565 954 2617 cst
969 2557 1127 2633 statimque

98 2632 151 2693 illa
172 2633 320 2695 mirabilia
340 2636 476 2698 lacinnra
490 2635 601 2699 effecit.
634 2637 691 2712 Qui
705 2635 908 2714 chirographo
921 2639 1067 2703 Caesaris
1080 2641 1125 2701 dc·

99 2714 249 2777 tendisset
261 2716 338 2778 lucri
353 2720 400 2779 sui
410 2735 515 2795 causa,
530 2720 558 2781 is
567 2721 653 2794 leges
665 2721 803 2783 Caesaris
814 2737 932 2796 eosque
944 2727 1125 2797 praeclaras,

98 2806 132 2859 ut
151 2815 216 2860 rem
232 2800 383 2873 publicam
395 2811 561 2864 concutere
575 2811 698 2879 posset,
718 2803 840 2865 evertit=
861 2820 1023 2867 nnmerum
1038 2823 1125 2868 anno-

98 2895 165 2940 rnm
180 2882 346 2956 provinciis
362 2885 551 2960 prorogavin
569 2884 721 2961 idemque,
735 2904 828 2962 quum
838 2896 976 2950 actorum
990 2890 1126 2952 Caesam

59 3016 61 3021 .
99 2960 245 3026 defensor
259 2981 330 3026 csse
345 2967 478 3041 deberet,
495 2977 528 3029 et
539 2967 569 3028 ln
584 2969 761 3044 publiciset
773 2969 804 3030 in
819 2970 946 3046 privatis
958 2973 1054 3034 rebus
1064 2979 1127 3034 ecto

97 3043 238 3106 caesaris
252 3048 407 3110 rescindit
435 3052 469 3110 In
486 3049 616 3126 publicis
632 3051 706 3112 nihil
720 3061 767 3114 est
780 3054 848 3128 lege
861 3055 1003 3128 gravius:
1023 3055 1055 3116 in
1070 3054 1126 3131 pri·

96 3125 176 3188 vatis
194 3129 399 3194 firmissimum
414 3142 461 3195 cst
474 3141 693 3196 testamentum.
714 3135 812 3212 leges
829 3138 905 3197 alias
916 3139 984 3198 sine
995 3138 1126 3212 promul·

97 3210 219 3283 getionc
235 3215 370 3290 sustulit,
386 3218 461 3279 elios
477 3225 511 3278 ut
526 3219 646 3279 tolleret
663 3219 874 3295 promulgavit.
902 3220 1127 3282 Testamentum

95 3289 211 3354 irritum
232 3295 319 3356 lecit:
341 3300 534 3372 quodetiam
553 3299 665 3362 infimis
685 3301 803 3363 civibus
824 3318 948 3377 semper
971 3302 1126 3364 obtentum

96 3382 153 3435 est
196 3377 307 3475 ¹Signa,v
333 3381 466 3456 tabulas,
488 3399 567 3458 qttos
589 3387 706 3460 populo
728 3385 840 3446 Cacsar
861 3402 922 3447 uno
938 3402 1008 3447 cnm
1031 3385 1126 3449 hortis
