2340 3788
118 189 181 257 178
399 184 474 245 PRO
488 185 521 246 L.
535 183 700 244 MURENA
715 181 866 243 ORATIO.

116 334 299 411 cognomine
314 333 384 410 ipso
400 333 670 411 praeseferebat,
693 332 830 393 eamdem
851 302 901 391 hic
920 330 979 391 sibi
998 347 1040 392 ex
1054 333 1147 405 Asiae

118 417 240 481 nomine
254 417 435 492 adsumpsit.
479 415 530 477 32.
554 416 619 488 Quo
641 413 763 489 quidem
783 413 813 473 in
830 414 911 474 bello
926 411 1024 476 virtus
1042 418 1145 480 enituit

117 501 241 578 egregia
253 499 293 559 Μ.
311 498 447 573 Catonis,
465 498 572 574 proavi
585 496 640 559 tui=
660 514 720 572 quo
735 498 798 570 ille,
816 513 907 572 quum
924 505 1024 572 esset,
1040 508 1076 561 ut
1088 516 1144 576 ego

116 584 189 645 mihi
204 591 318 656 statuo,
331 582 413 653 talis,
431 583 550 657 qualem
565 588 594 641 te
610 596 681 640 esse
696 578 795 652 video,
811 595 975 653 numquam
991 595 1061 641 cum
1077 583 1142 643 Gla-

115 667 223 728 brione
230 673 315 726 esset
327 666 491 742 proiectus,
507 665 534 724 si
550 679 617 724 cum
635 662 819 723 mulierculis
833 662 1006 722 bellandum
1020 666 1144 726 arbitra·

115 759 207 811 retur.
235 750 342 824 Neque
357 764 429 808 vero
448 763 515 807 cum
529 747 559 806 P.
574 745 719 807 Africano
738 754 862 806 senatus
877 745 1000 820 egisset,
1015 754 1051 806 ut
1064 748 1142 823 lega-

117 841 165 893 tus
180 831 263 892 tratri
282 830 549 907 proficisceretur,
568 845 658 904 quum
680 828 748 905 ipse
768 828 871 903 paullo
892 835 962 888 ante
975 828 1144 891 Hannibale

115 931 156 976 ex
175 915 261 976 Italia
281 915 437 989 expulso,
455 928 494 971 ex
516 912 621 985 Africa
645 910 757 984 eiecto,
782 910 968 983 Karthagine
992 927 1144 987 oppressa

115 996 255 1059 maximis
269 995 413 1085 periculis
433 1011 498 1055 rem
514 993 665 1069 publicam
681 993 855 1067 liberasset,
879 991 936 1052 nisi
956 992 1031 1053 illud
1050 1010 1144 1070 mave

115 1081 227 1141 bellum
243 1087 272 1139 et
286 1079 451 1138 vehemens
466 1085 629 1153 putaretur.
660 1077 725 1136 XV.
745 1075 840 1151 Atqui
855 1074 882 1136 si
896 1074 1055 1148 diligenter
1068 1078 1143 1152 quid

114 1161 307 1224 Mithridates·
324 1159 456 1234 potuerit
470 1159 593 1235 etquid
610 1157 745 1219 effecerit
765 1167 794 1220 et
811 1157 862 1232 qui
879 1156 925 1217 vir
939 1159 1028 1219 luerit
1041 1160 1141 1220 consi·

115 1242 243 1317 dereris,
259 1242 400 1303 omnibus
413 1242 546 1316 regibus
556 1241 745 1316 quibuscum
758 1241 893 1317 populus
907 1241 1064 1303 Romanus
1079 1243 1142 1303 hel·

115 1327 176 1387 lum
190 1324 302 1400 gessit,
324 1325 404 1385 hunc
418 1341 521 1399 regem
536 1323 674 1384 nimirum
689 1332 873 1400 anteponesz
895 1340 985 1398 quem
999 1325 1033 1383 L.
1049 1324 1140 1399 Sulla,

115 1407 247 1468 maximo
263 1414 293 1468 et
306 1407 471 1468 fortissimo
487 1406 635 1478 exercitu,
649 1423 781 1481 ¹pugnax
800 1416 831 1468 et
847 1422 917 1466 acer
934 1414 964 1466 et
979 1423 1041 1467 non
1056 1408 1142 1471 rudis

114 1490 294 1565 imperator,
310 1497 344 1550 ut
360 1488 442 1550 aliud
457 1489 530 1549 nihil
545 1489 658 1563 dicam,
676 1506 769 1564 quum
785 1491 895 1550 bellum
910 1488 1082 1552 invexisset
1097 1499 1141 1552 to

113 1580 178 1634 tum
193 1570 223 1631 in
237 1571 351 1644 Asiam,
368 1587 435 1632 cum
450 1588 527 1646 pace
542 1571 669 1632 dimisit:
687 1589 776 1647 quem
790 1574 823 1631 L.
838 1573 972 1645 Murena,
987 1581 1074 1648 pater
1087 1574 1141 1634 hu·

113 1654 216 1729 iusce,
242 1654 510 1715 vehementissime
529 1652 819 1731 vigilantissimeque
838 1663 995 1729 vexatum,
1020 1672 1141 1731 repres-

113 1754 183 1799 sum
196 1753 307 1813 magna
322 1753 362 1812 err
375 1745 477 1813 parte,
496 1753 557 1798 non
571 1753 755 1813 oppressum
768 1737 905 1813 reliquitz
928 1739 979 1814 qui
992 1753 1064 1810 rex,
1083 1739 1142 1806 sibi

114 1820 231 1895 aliquot
252 1818 340 1880 annis
366 1821 495 1895 sumptis
519 1822 559 1882 ad
583 1821 806 1882 confirmandas
826 1820 960 1882 rationes
980 1829 1011 1882 et
1033 1821 1141 1896 copias

112 1902 193 1974 belli,
206 1911 320 1964 tantum
330 1919 388 1979 spe
399 1912 572 1980 conatuque
582 1903 685 1977 valuit,
698 1913 731 1965 ut
743 1920 777 1964 se
790 1903 944 1965 Oceanum
956 1920 1024 1964 cum
1034 1903 1141 1977 Ponto,

114 1985 240 2047 Sertorii
251 1985 357 2062 copias
373 2003 440 2047 cum
456 1986 520 2047 suis
535 1987 763 2048 coniuncturum
775 1995 903 2062 putaret.
932 1984 983 2049 33.
996 1986 1046 2047 Ad
1058 1986 1142 2060 quod

113 2069 226 2128 bellum
245 2069 365 2129 duobus
387 2069 563 2129 consulibus
583 2068 624 2129 ita
644 2069 761 2143 missis,
786 2078 820 2130 ut
843 2071 918 2130 alter
938 2067 1140 2131 Mithridatem

112 2160 357 2224 persequeretur,
373 2152 448 2211 alter
461 2151 634 2228 Bithyniam
651 2160 792 2224 tueretur,
810 2152 934 2213 alterius
950 2168 1000 2211 res
1016 2160 1047 2213 et
1062 2160 1142 2212 terra

114 2236 144 2291 et
163 2231 239 2291 mari
259 2233 453 2294 calamitosae
468 2235 662 2294 vehementer
676 2241 706 2294 et
723 2250 798 2308 opes
818 2234 900 2308 regis
916 2244 946 2295 et
962 2250 1073 2295 nomen
1088 2251 1140 2293 au-

113 2320 237 2373 xerunt:
251 2316 284 2374 L.
295 2315 411 2376 Luculli
423 2332 496 2377 vero
509 2333 559 2377 res
571 2325 670 2377 tantae
683 2317 869 2391 exstiterunt,
887 2326 921 2378 ut
930 2334 1032 2392 neque
1042 2314 1140 2377 maius

112 2395 224 2456 bellum
240 2399 468 2459 commemorari
485 2399 585 2479 possit
599 2417 700 2475 neque
714 2400 828 2461 maiore
843 2400 972 2460 consilio
988 2408 1018 2460 et
1032 2399 1142 2461 virtute

4 2498 11 2511 ··
112 2485 241 2554 gestum.
284 2481 359 2540 Nam
386 2498 477 2558 quum
498 2480 590 2543 totius
612 2485 743 2557 impetus
764 2482 836 2543 hetti
859 2485 899 2542 ad
920 2483 1141 2560 Cyzicenorum

113 2561 234 2622 moenia
256 2562 445 2626 constitisset
468 2581 597 2640 eamque
622 2567 726 2626 urbem
753 2564 812 2626 sihi
834 2565 1024 2626 Mithridates
1047 2565 1142 2625 Asiae

112 2647 232 2705 ianuam
248 2647 313 2708 iore
329 2648 511 2721 putavisset,
534 2665 595 2722 qua
609 2649 735 2709 effracta
754 2657 784 2707 ct
797 2651 921 2708 revulsa
940 2655 1004 2708 tota
1024 2654 1143 2722 pateret

112 2728 278 2802 provincia,
297 2730 432 2804 perlecta
445 2731 484 2791 ah
494 2732 619 2792 Lucullo
635 2733 711 2792 haee
724 2738 795 2792 sunt
809 2728 918 2805 omnia,
936 2738 970 2790 ut
980 2730 1055 2790 urbs
1065 2729 1141 2789 fide

112 2809 297 2873 lissimorum
321 2812 473 2873 sociorum
498 2814 713 2875 defenderetur
738 2823 768 2874 et
792 2829 898 2873 omncs
923 2812 1033 2887 copiae
1058 2810 1142 2886 regis

111 2893 305 2956 diuturnitate
320 2895 511 2957 obsessionis
525 2904 783 2958 consumerentur.
811 2896 897 2970 Quid,
912 2895 993 2955 illam
1007 2911 1142 2971 pugnam

112 2978 250 3037 navalem
269 2980 309 3038 ad
323 2979 492 3054 Tenedum,
515 2998 609 3055 quum
623 2988 765 3041 contento
782 2996 890 3053 cursu,
913 2978 1071 3038 acerrimis
1087 2979 1142 3038 du·

112 3054 213 3130 cibus,
234 3060 367 3122 hostium
388 3061 497 3123 classis
512 3062 626 3123 Italiam
645 3079 702 3136 spe
724 3071 816 3138 atque
837 3061 946 3122 animis
965 3059 1072 3121 inflata
1090 3077 1143 3137 pe·

111 3145 202 3209 teret,
224 3143 370 3204 mediocri
390 3143 553 3206 certamine
573 3154 603 3206 et
622 3161 717 3220 parva
739 3145 930 3207 dimicatione
945 3146 1142 3205 commissam

111 3218 288 3282 arbitraris?
313 3226 401 3292 Mitto¹
414 3227 547 3302 proelia:
567 3236 726 3303 praetereo
743 3226 988 3303 oppugnationes
1011 3226 1142 3302 oppido-

110 3319 189 3362 rum.
228 3301 384 3379 Expulsus
399 3311 628 3384 regnotandem
643 3310 807 3384 aliquando
821 3319 936 3371 tautum
951 3319 1052 3370 umen
1068 3325 1142 3369 con·

1 3449 3 3455 ,
110 3385 181 3448 sitio
193 3394 285 3463 atque
297 3391 475 3455 auctoritate
485 3392 586 3467 valuit,
599 3402 632 3454 ut
643 3409 677 3453 se
688 3405 761 3468 rege
770 3393 982 3455 Armeniorum
993 3393 1143 3473 adiuncto
