2340 3788
371 174 455 239 cni).
469 183 582 241 t-ro.
604 184 630 245 s.
645 188 775 242 ns-an
1033 188 1095 255 ιω

59 328 145 392 vitae
169 341 246 389 suae
272 328 391 388 salvum
415 342 485 388 esse
510 327 612 388 velint
654 328 749 391 Multo
774 347 849 393 vero
870 331 1002 409 maxima
1018 350 1091 410 pars

59 427 185 484 eorum,
208 408 260 486 qui
278 409 309 471 in
329 409 465 472 tabernis
486 417 571 483 sunt,
594 410 685 470 immo
699 426 830 483 nero-
845 413 877 475 id
894 416 973 477 enim
988 418 1091 493 potius

59 504 109 559 est
133 494 296 556 dicendum
318 526 362 541 -
382 509 480 569 genus
501 493 560 555 hoe
583 492 759 554 universum
782 497 1020 560 amantissimum
1044 510 1092 562 est

60 578 132 643 oeli.
162 576 286 659 Etenim
296 592 385 638 omne
398 578 644 650 instrumentum,
665 580 765 638 omnis
786 594 880 654 opera
892 589 983 656 atque
998 600 1090 657 quae

60 673 130 726 stus
151 658 322 736 frequentia
343 659 454 721 civium
474 660 675 734 sustentatur}
697 659 787 720 alitur
808 662 890 721 onio:
916 680 1044 736 quorum
1064 666 1090 726 si

62 751 212 827 quaestus
227 742 360 817 oeolnais
377 742 511 804 tabernis
524 742 616 807 minui
632 744 718 818 solet,
737 743 811 819 quid
824 744 946 804 tandem
958 745 1091 809 incensis

61 831 197 891 lutrarum
214 824 290 886 luitt
437 830 446 847 ·

148 908 198 972 18.
220 908 304 982 Quae
320 925 412 984 quum
427 906 468 968 ita
482 910 550 981 sint,
566 917 667 985 patres
683 909 864 985 conscripti,
881 907 970 970 vobis
986 912 1093 986 populi

61 992 195 1058 Romani
206 991 361 1068 praesidia
371 1007 432 1052 non
444 993 570 1053 desunt:
586 994 643 1053 vo's
656 1010 694 1053 ne
703 994 822 1069 populo
833 993 971 1053 Romano
983 992 1093 1053 deesse

61 1074 229 1139 videamini
243 1074 411 1150 providete.
445 1076 494 1136 1Χ.
515 1075 640 1135 Habetis
659 1079 816 1138 consulem
833 1092 873 1135 ex
888 1073 1026 1150 plurimis
1040 1091 1093 1151 pe

61 1159 168 1223 ritulis
184 1167 215 1219 et
226 1157 350 1218 insidiis
363 1164 455 1233 atque
470 1175 509 1218 ex
522 1158 623 1218 media
638 1168 734 1220 morte
755 1174 816 1218 non
829 1158 872 1217 ad
886 1157 979 1218 vitam
996 1172 1092 1230 suam,

62 1246 119 1307 sed
133 1244 176 1303 ad
192 1242 320 1302 salutern
334 1249 467 1302 vestram
480 1250 683 1302 reservatum:
705 1259 722 1302 o
777 1257 811 1301 es
827 1239 950 1301 ordines
964 1240 1005 1300 ad
1019 1256 1092 1302 eon-

63 1324 247 1390 servandam
257 1341 320 1384 rern
334 1324 485 1403 publicem
497 1333 605 1397 mente,
618 1327 743 1387 volunta
774 1338 871 1397 ,voee
882 1323 1088 1386 consentiunt:

63 1412 197 1474 obsessa
215 1406 334 1468 facibus
351 1409 467 1486 ettelis
487 1407 598 1484 impiae
618 1405 832 1469 coniurationis
850 1405 938 1466 vobis
959 1408 1090 1482 supplex

62 1509 172 1555 manus
183 1491 279 1555 tendit
288 1490 386 1566 patria
398 1491 575 1561 eommunis,
591 1492 679 1551 vobis
693 1507 736 1562 se,
754 1485 843 1547 vobis
856 1487 945 1549 vitam
957 1490 1090 1551 omnium

63 1576 185 1645 sirium,
199 1573 287 1635 vobis
299 1590 400 1633 arcem
410 1582 441 1634 et
450 1575 637 1649 Capitolium,
652 1573 737 1635 vobis
748 1585 816 1629 aras
825 1569 988 1646 Penatium,
1001 1571 1089 1634 vobis

63 1660 148 1723 illum
172 1657 275 1732 ignem
294 1658 410 1720 Vestae
435 1657 667 1732 sempiternum,
691 1650 780 1712 vobis
806 1653 937 1715 omnium
962 1656 1089 1717 deorum

63 1743 176 1819 templa
196 1747 288 1814 atque
309 1739 449 1810 delubra,
472 1740 561 1800 vobis
578 1734 680 1800 muros
699 1741 791 1808 atque
807 1735 891 1795 urbis
907 1744 988 1798 tecta
1007 1754 1089 1798 eorn-

37 1831 42 1851 ¹
63 1825 197 1887 mandat.
233 1821 392 1880 Praeterea
411 1821 450 1879 de
471 1822 664 1890 vestraein,
683 1816 722 1874 de
744 1814 906 1892 coniugum
919 1827 1089 1880 vestrarum

63 1915 158 1985 atque
174 1903 338 1962 liberorum
351 1901 467 1975 anima,
483 1904 522 1963 de
535 1899 660 1962 inmunis
675 1898 822 1973 omnium,
838 1900 877 1960 de
891 1902 1032 1974 sedibus,
1050 1902 1089 1961 de

62 1992 141 2053 loeis
160 1983 270 2044 vestris
287 1983 434 2047 hodierno
447 1985 497 2046 die
508 1981 594 2043 vobis
605 1979 799 2041 iudicandum
810 1991 866 2043 est.
899 1981 948 2044 19.
963 1983 1088 2045 Habetis

62 2074 175 2135 ducem
187 2082 350 2127 memorem
363 2067 464 2140 vestri,
482 2064 604 2126 oblitum
615 2063 672 2135 sni,
690 2080 769 2138 quae
783 2080 845 2125 non
860 2081 982 2140 semper
996 2067 1088 2126 lacul-

62 2163 105 2217 ιω
116 2155 227 2214 datur:
242 2149 360 2211 habetis
371 2166 477 2211 omnes
487 2145 618 2217 ordines,
633 2162 740 2206 omnes
752 2147 900 2222 homines,
913 2149 1089 2209 universum

63 2235 415 2315 populum-Romanum,
440 2231 472 2291 id
493 2229 576 2302 quod
599 2227 630 2288 in
652 2229 733 2290 civili
756 2231 1017 2293 eausahodiemo
1038 2230 1111 2291 die¹

63 2318 193 2395 primum
216 2317 368 2388 videmus,
393 2327 485 2372 unurn
505 2320 597 2387 atque
617 2311 698 2372 idem
721 2315 909 2375 sentientem.
955 2315 1089 2389 Cogitate

64 2401 187 2479 quantis
207 2400 362 2465 laboribus
376 2396 529 2455 fundatum
544 2394 718 2469 imperium,
740 2405 852 2470 quanta
872 2399 982 2459 virtute
996 2395 1088 2458 stabi·

63 2484 144 2547 litam
159 2483 341 2554 libertatern,
361 2485 473 2551 quanta
491 2478 621 2537 'deornm
636 2478 821 2551 benignitate
834 2489 940 2540 suetas
957 2495 1087 2554 exagge-

63 2577 210 2644 ratasque
230 2567 372 2625 fortunas.
384 2576 446 2619 una
465 2575 526 2618 nox
550 2577 647 2634 paene
668 2561 783 2622 delerit.
823 2563 862 2645 ¹Id
882 2580 921 2622 ne
943 2577 1088 2637 umquam

64 2650 193 2724 postlrae
205 2663 263 2706 non
276 2644 368 2704 modo
379 2659 441 2702 non
455 2642 573 2715 confici,
591 2646 696 2704 sedne
711 2644 838 2719 cogitari
852 2645 975 2720 quidem
990 2642 1089 2720 possit
1133 2703 1135 2706 Α

64 2731 228 2801 amnibus,
242 2725 390 2787 hodierno
405 2725 455 2786 die
467 2727 697 2800 providendum
718 2736 773 2789 est.
808 2730 910 2803 Atque
928 2729 1004 2788 haee
1025 2742 1087 2786 non

61 2823 94 2877 ut
104 2830 173 2887 vos,
187 2809 239 2886 qui
250 2807 323 2868 mihi
334 2808 434 2869 studio
448 2822 546 2884 paene
559 2808 762 2891 praecurritis,
779 2810 953 2885 excitarem,
967 2813 1087 2881 loeutus

62 2914 145 2970 emm,
164 2894 222 2955 sed
240 2900 274 2953 ut
292 2908 360 2951 mea
377 2897 462 2965 vox,
475 2908 553 2965 quae
574 2892 664 2953 debet
678 2908 749 2953 essa
770 2893 801 2952 in
820 2893 991 2968 republica
1007 2891 1086 2969 prin-

61 2996 149 3056 ceps,
165 2974 268 3037 officio
284 2975 388 3035 funeta
403 2974 556 3035 consulari
569 2976 731 3036 videretur.
1120 3026 1123 3031 .

141 3060 180 3120 Χ.
202 3057 252 3120 20.
280 3059 366 3119 Nune
389 3066 459 3119 ante
481 3075 570 3133 quam
592 3060 632 3120 ad
655 3058 833 3120 sententiam
848 3060 957 3131 redeo,
979 3060 1017 3118 de
1037 3075 1085 3118 me

58 3158 161 3221 pauca
178 3141 285 3202 dleam.
318 3141 400 3216 Ego,
422 3148 534 3216 quanta
548 3157 655 3201 manus
670 3150 718 3202 est
734 3142 972 3215 coniuratorum,
995 3159 1085 3215 quam

57 3225 173 3289 videtis
185 3240 255 3286 esse
266 3240 471 3301 permagnam,
487 3231 598 3285 tantam
609 3240 658 3284 me
668 3223 858 3286 inimieorum
868 3225 1085 3286 multitudinem

57 3307 241 3384 suscepisse
260 3307 366 3369 video:
392 3309 448 3368 sed
469 3324 537 3368 eam
557 3324 627 3367 esse
641 3316 760 3383 turpem
779 3307 879 3370 iudico
895 3317 924 3369 et
938 3308 1085 3366 infirmam

58 3401 89 3455 et
110 3392 275 3477 abiectam.⁴
315 3389 403 3466 Quod
424 3390 451 3450 si
470 3389 634 3467 aliquando
656 3390 782 3453 alienius
803 3393 905 3537 suffe
927 3400 956 3449 et
971 3386 1086 3446 scelere
