2340 3788
335 136 417 241 aar.
433 185 563 241 uum
586 181 612 244 s.
627 184 758 241 ean-ea
1010 179 1074 247 aaa

58 332 187 394 ablicac
205 329 436 390 condonaveris.
485 324 536 389 ³7.
559 325 620 387 Fac
640 326 746 401 igitur,
767 327 858 399 quod
885 328 925 391 de
950 329 1074 391 homine

58 413 236 475 :bilissimo
255 420 285 473 et
299 410 468 472 clarissimo
488 410 587 470 iecisti
614 425 713 484 nuper
730 407 761 466 in
783 407 876 480 curia,
890 428 969 471 nune
991 411 1073 475 idem

102 501 169 558 loro
197 498 235 556 de
263 495 382 573 optimis
412 501 442 554 et
468 492 538 551 huic
570 491 652 552 omni
683 493 871 566 frequentiae
896 493 1072 568 probatissi-

61 582 104 642 is
135 580 285 640 iratribus.
333 578 372 637 Ut
400 573 580 635 concessisti
603 574 687 635 illum
714 574 847 648 senatui,
864 573 909 649 sic
929 576 969 634 da
992 576 1073 638 huuc

58 666 171 740 apulo,
188 663 275 723 cuius
291 662 473 722 voluntatem
491 656 677 716 carissimam
692 656 972 730 semperhabuisti,
990 667 1028 738 ct,
1047 659 1073 719 si

58 765 94 808 e
109 747 175 806 dies
190 745 241 806 tibi
256 740 505 819 gloriosissimua
522 740 636 814 populo
650 741 788 801 Romano
806 738 996 814 gratissimus
1010 739 1074 812 luit,

58 830 117 901 eli,
132 831 271 899 obsecro,
287 826 433 895 dubitare,
450 822 481 881 0.
494 822 614 894 Caesar,
627 821 755 882 similem
770 821 813 881 illi
827 823 943 898 gloriae
954 823 1075 883 laudem

58 930 136 973 lam
150 908 332 987 saepissime
350 921 505 982 quaerere.
526 904 604 964 Nihil
619 915 666 964 est
679 914 739 966 tam
754 908 901 980 populare
916 921 1007 980 quam
1020 904 1074 965 bo·

58 1003 138 1066 tae,
161 995 245 1054 nulla
260 992 298 1050 de
315 989 473 1051 virtutibus
493 986 553 1048 tuis
574 986 712 1062 plurimis
727 1005 784 1048 nec
798 987 1003 1049 admirabilior
1017 1004 1075 1048 nec

58 1078 157 1137 atior
176 1071 386 1135 misericordia
405 1079 461 1132 est.
503 1068 554 1131 38.
574 1069 720 1132 Homines
745 1069 825 1130 enim
842 1072 882 1130 ad
899 1071 975 1131 deos
993 1072 1075 1130 nula

91 1158 218 1234 propius
233 1155 383 1215 accedunt
403 1169 494 1229 quam
513 1154 643 1214 salutem
655 1153 828 1214 hominibus
842 1154 954 1214 dando.
995 1151 1075 1212 Nihil

58 1244 135 1302 abet
149 1256 205 1300 nee
222 1240 341 1300 fortuna
358 1244 409 1298 tua
422 1234 520 1296 maius
538 1252 628 1309 quam
645 1243 678 1295 ut
690 1236 803 1311 possis,
818 1253 875 1296 nec
891 1245 999 1296 natura
1011 1251 1074 1296 me-

58 1340 101 1385 ls
118 1341 208 1400 quam
223 1329 255 1382 ut
269 1320 346 1382 velis
362 1335 484 1380 servare
502 1335 591 1393 quam
609 1318 766 1394 plurimos.
808 1320 991 1394 Longioram
1006 1335 1073 1380 ora·

58 1422 153 1467 >nem
166 1421 261 1466 causa
278 1405 408 1464 loclesse
421 1402 603 1478 postulabat,
620 1410 672 1463 tua
682 1411 764 1464 certe
776 1411 882 1464 natura
891 1402 1072 1463 breviorem.

58 1508 107 1551 aa
127 1507 160 1549 re
182 1505 273 1565 quum
298 1486 400 1547 utilius
424 1501 496 1546 esse
516 1484 643 1546 arbitrer
669 1494 699 1546 te
720 1487 820 1562 ipsum
842 1504 932 1563 quam
953 1503 1001 1546 me
1021 1493 1074 1546 aut

58 1588 226 1649 :amquam
240 1570 324 1646 loqui
339 1579 453 1641 tecum,
479 1569 568 1627 finem
581 1568 640 1627 iam
654 1569 778 1630 faciam:
793 1578 908 1651 tantum
923 1580 953 1631 te
968 1571 1072 1630 admo·

58 1658 130 1726 ebo,
148 1656 174 1714 si
189 1655 231 1714 illi
245 1653 363 1714 absenti
379 1654 506 1714 salutem
526 1651 664 1721 dederis,
684 1653 899 1728 praesentibus
914 1652 961 1711 liis
977 1653 1071 1712 omui-

58 1753 100 1800 1s
117 1746 147 1796 te
164 1738 312 1796 daturum.

476 1845 633 1856 ...—.--—-

332 1939 374 2018 ll.
403 1939 538 2020 rullll
564 1935 781 2019 owlltlls

58 2066 166 2165 rito
196 2062 326 2160 ulau
354 2066 599 2163 ullorum
616 2069 681 2165 tlt
711 2068 754 2162 C.
778 2062 1046 2228 clusanull

456 2206 665 2311 'tillut

385 2442 752 2524 ancumunruus

91 2579 232 2637 Deiotarus,
252 2576 440 2643 Gallograeciae
458 2579 512 2628 aire
529 2578 642 2631 Galatiae
661 2576 807 2635 tetrarches,
822 2576 891 2641 quod
908 2591 1006 2627 summa
1023 2575 1074 2625 tlte

58 2646 73 2697 l
98 2647 221 2710 populum
239 2647 379 2696 Romanum
402 2658 459 2697 ecee
479 2646 663 2712 applicaverat,
688 2661 704 2695 a
726 2645 771 2699 Gn.
798 2646 919 2710 Pompeio
937 2645 1074 2694 Armeniae

64 2715 149 2765 inuria
171 2728 250 2779 regno
272 2715 379 2765 donatus
397 2720 422 2764 et
445 2729 461 2764 a
483 2723 571 2766 senatu
587 2731 633 2766 rex
651 2714 792 2780 appellatur
814 2723 876 2767 erat.
912 2711 964 2763 Sed
985 2727 1073 2776 quum,

58 2785 109 2837 silo
128 2781 197 2830 civili
218 2783 283 2832 iuter
299 2781 343 2833 (iu.
359 2784 508 2847 Pompeium
526 2791 552 2833 et
565 2782 592 2837 D.
611 2783 745 2835 mamea
764 2791 866 2846 acuo,
885 2782 999 2846 Pompeii
1013 2794 1075 2845 pac·

61 2869 78 2903 s
98 2857 201 2899 secutae
215 2854 294 2910 aaut,
323 2851 415 2901 Caesar
430 2850 496 2901 bello
513 2851 684 2903 Alexandrino
695 2852 834 2917 eampoeito
851 2851 880 2902 iu
902 2851 992 2902 aaran
1014 2863 1073 2913 pro-

58 2929 134 2979 etus,
153 2916 278 2969 Pharnace
294 2919 367 2970 Ponti
385 2934 445 2987 rege
468 2929 585 2984 superato
604 2918 749 2970 Deiotarum
763 2934 842 2987 reguo
857 2917 991 2971 Armeniae
1008 2916 1070 2967 mul·

58 2987 129 3045 :avit
149 2994 245 3051 partem
262 2989 450 3051 possessionum
463 2996 494 3039 et.
505 3003 595 3038 nomen
609 2987 708 3055 regium
724 2986 834 3051 reliquit.
871 2985 922 3037 Sed
935 2986 1010 3036 etiam
1027 2985 1072 3035 do-

58 3053 161 3106 =esticaae
184 3055 330 3105 inimicitiae
353 3055 454 3105 inerunt
473 3057 591 3106 Deiotaro
611 3070 668 3106 eam
692 3052 789 3120 genero
810 3071 869 3114 auo,
894 3053 1072 3116 simulante,

58 3136 147 3183 usque
168 3121 228 3187 illio,
250 3133 345 3188 nepote
363 3123 481 3184 Deiotari,
498 3123 617 3174 Castore:
632 3124 748 3187 quicum
764 3126 861 3174 Romae
877 3125 948 3188 apua
963 3123 990 3179 G.
1008 3121 1072 3175 eae-

58 3205 125 3244 trem
148 3191 295 3242 dictatorem
319 3204 385 3243 auno
403 3207 430 3256 p.
450 3207 477 3245 u.
496 3209 518 3246 o.
534 3193 596 3246 roa,
612 3192 642 3253 Q.
660 3192 739 3245 natta
757 3193 867 3252 Maximo
891 3191 919 3251 (i.
945 3192 1071 3247 Trebonio

58 3275 108 3313 m.
128 3258 242 3310 euiiectia
255 3274 324 3311 reum
339 3259 461 3316 iecerunt,
477 3261 567 3323 quodi
586 3263 609 3310 ei
620 3258 763 3319 &Caesari
778 3260 846 3325 apud
856 3274 894 3321 ee,
907 3276 989 3325 quum
1004 3266 1072 3311 esset

58 3345 65 3379 t
85 3329 150 3377 Asia
172 3329 271 3378 devicto
287 3327 424 3389 Pharnace,
443 3277 586 3378 deveremus
599 3327 704 3380 insidiae
714 3336 838 3393 paraenet,
850 3340 1071 3395 eamqueaccuea-

58 3409 137 3448 onem
155 3396 309 3457 quasiteetla
323 3394 428 3446 acetaria
438 3394 588 3462 Phidippus,
604 3395 720 3446 medicae
727 3394 850 3462 Deiotari,
866 3399 962 3448 abelus
978 3394 1070 3460 legatie
