2340 3788
788 40 803 74 Ι

366 206 577 266 cana-11.
597 211 623 270 s.
637 210 768 274 ao-n.
1019 212 1082 279 307

61 358 144 431 quod
167 355 194 415 is
216 357 254 416 ab
280 355 373 417 sociis
387 349 483 414 ‘unice
498 354 676 427 diligebatur
693 356 742 412 vel
758 355 839 427 quod
854 356 1083 430 diligentissime

57 440 193 513 rogabat,
208 442 257 498 vel
273 439 344 513 quia
356 454 412 513 pro
430 438 492 497 lilio
505 435 704 510 supplicabat,
719 439 767 495 vel
781 439 864 510 quod
881 439 969 499 buius
984 440 1082 515 ipsius

60 522 89 580 in
114 521 195 580 illum
217 522 353 581 ordinem
377 536 495 580 summa
521 519 622 579 olficia
648 527 826 591 quaesturae
852 519 1083 597 tribunatusque

60 603 239 664 constabant
252 607 301 664 vel
316 605 400 678 quad
416 603 459 662 illi
479 603 510 660 in
531 601 590 660 hoc
611 602 747 660 ornando
765 601 907 661 ordinem
924 619 957 662 se
976 616 1083 665 ornare
1130 665 1134 676 ,

58 696 88 745 et
106 687 264 746 consulere
277 685 382 746 liberis
396 687 462 745 suis
480 684 708 742 arbitrabantur.

139 770 174 828 X.
191 769 315 844 Aliquid
332 777 490 843 praeterea
503 803 545 814 -
558 765 662 826 timide
678 766 765 838 dico,
786 766 840 824 sed
863 774 963 826 tamen
981 767 1082 829 dicen·

57 853 128 911 dum
144 862 190 915 est
207 875 259 906 -ε
276 866 339 909 non
356 850 436 911 enim
451 849 571 925 opibus,
587 864 649 907 non
663 846 815 934 invidiosa
829 849 939 922 gratia,
954 866 1016 909 nan
1030 867 1084 925 po·

56 933 149 994 tentia
162 934 214 993 vix
229 935 369 1006 ferenda,
385 933 441 992 sed
457 929 740 991 commemoratione
756 931 911 1004 beneficii,
927 933 983 992 sed
993 932 1084 992 mise-

56 1016 196 1089 ricordia,
210 1018 267 1087 sed
282 1016 423 1091 precibus
437 1013 552 1088 aliquid
568 1015 720 1073 attulimus
736 1012 825 1073 etiam
839 1031 907 1074 nos.
922 1014 1084 1089 Appellavi

57 1100 203 1173 populum
221 1099 367 1171 tributim,
394 1095 520 1159 submisi
541 1112 589 1155 me
607 1104 636 1156 et
657 1095 841 1170 supplicavi=
871 1099 946 1157 ultro
968 1098 1084 1157 meher-

56 1187 125 1243 cule
148 1198 182 1240 se
196 1181 267 1241 mibi
286 1182 375 1241 eliam
390 1181 567 1250 offerenteS,
584 1180 662 1239 ultro
679 1177 856 1253 pollicentes
870 1181 984 1254 rogavi.
1024 1181 1085 1238 Va-

58 1266 112 1322 luit
127 1279 220 1323 causa
233 1264 371 1338 rogandi,
387 1281 448 1325 non
462 1262 565 1336 gratia.
607 1260 657 1322 25.
685 1262 747 1320 Nec
767 1261 794 1321 si
808 1263 855 1322 vir
868 1263 1083 1336 amplissimus

60 1345 109 1404 cui
129 1346 201 1405 nihil
218 1354 265 1407 est
282 1348 364 1420 quod
382 1347 501 1420 roganti
522 1346 648 1405 concedi
668 1361 729 1404 non
750 1346 814 1404 iure
834 1345 948 1420 possit,
972 1348 1010 1405 de
1030 1347 1084 1404 ali-

60 1445 135 1502 quo,
152 1436 186 1488 ut
201 1429 296 1502 dicis,
313 1446 373 1489 non
390 1429 573 1503 impetravit,
586 1442 652 1502 ¹ego
673 1423 740 1488 suria
753 1428 922 1504 adrogans,
937 1429 1021 1504 quod
1034 1444 1084 1488 ma

59 1510 193 1572 valuisse
210 1513 288 1572 dico.
336 1514 411 1572 Nam
427 1519 460 1571 ut
474 1510 606 1571 omittam
622 1511 712 1582 illud,
739 1512 822 1585 quod
837 1528 894 1586 ego
916 1529 971 1586 pro
988 1526 1026 1570 eo
1041 1511 1085 1570 lass

57 1594 217 1674 barabam,
238 1595 289 1670 qui
303 1597 423 1656 valebat
442 1595 509 1668 ipse
525 1609 580 1667 per
594 1609 681 1663 sese,
696 1595 812 1666 rogatio
831 1594 906 1654 haec
920 1595 988 1669 ipsa
1005 1611 1084 1654 sem-

57 1692 114 1750 per
129 1685 177 1737 est
190 1677 423 1751 gratiosissima,
440 1691 518 1751 quae
533 1684 579 1735 est
594 1673 695 1734 ollicio
713 1676 946 1735 necessitudinis
958 1676 1082 1737 coniun-

59 1766 107 1816 cta
123 1759 262 1817 maxime.
290 1759 395 1833 Neque
410 1759 489 1816 enim
504 1772 561 1829 ego
579 1756 624 1814 sic
643 1757 801 1829 rogabam,
825 1765 856 1816 ut
876 1765 979 1830 petere
1000 1757 1084 1817 vide·

56 1856 122 1911 rer,
139 1839 210 1913 quia
225 1839 378 1899 familiaris
393 1846 477 1898 esset
491 1853 591 1910 meus,
608 1839 677 1910 quia
693 1837 826 1909 vicinus,
841 1838 912 1912 quin
925 1838 1015 1897 huius
1030 1855 1083 1913 pa·

57 1929 143 1981 rente
159 1937 281 1995 semper
294 1921 454 1995 plurimum
471 1935 572 1979 essem
587 1935 677 1992 usus,
700 1920 756 1979 sed
771 1927 803 1979 ut
818 1921 906 1994 quasi
922 1919 1037 1993 parenti
1054 1927 1084 1979 et

60 2003 181 2063 custodi
196 2003 301 2062 salutis
318 2020 412 2062 meae.
455 2003 520 2063 Non
537 2001 670 2077 potentia
681 2017 757 2074 mea,
773 2002 829 2061 sed
844 2017 937 2062 causa
953 2003 1083 2076 rogatio·

58 2088 107 2147 nis
123 2087 176 2146 init
190 2087 332 2160 gratiosa.
376 2087 470 2146 Nemo
486 2101 553 2145 mea
566 2085 755 2145 restitutione
769 2086 896 2145 laetatus
912 2091 972 2157 est,
994 2100 1083 2145 nemo

59 2169 166 2229 iniuria
180 2167 289 2243 doluit,
311 2167 359 2228 cui
374 2186 435 2229 non
449 2168 539 2228 huius
552 2167 583 2227 in
599 2184 648 2228 me
662 2167 870 2228 misericordia
888 2175 972 2243 grata
985 2167 1085 2228 luerit.

58 2251 108 2314 26.
129 2252 244 2311 Etenim
267 2253 293 2313 si
314 2260 382 2331 ante
401 2251 528 2312 reditum
549 2268 649 2311 meum
665 2251 716 2310 Cn.
733 2251 853 2311 Plancio
872 2267 907 2311 se
922 2252 1012 2325 vulgo
1028 2250 1084 2313 viri

58 2335 145 2406 boni,
165 2352 257 2410 quum
273 2334 321 2394 hic
336 2335 518 2395 tribunatum
533 2342 661 2409 peteret,
681 2336 759 2394 ulmo
775 2333 950 2406 offerebant,
966 2336 1013 2394 cui
1028 2349 1083 2393 no·

59 2434 127 2476 men
143 2435 242 2478 meum
256 2419 391 2478 absentis
405 2417 514 2477 honori
529 2417 645 2488 luisset,
660 2416 688 2476 ei
699 2433 782 2476 meas
794 2416 961 2490 praesentis
974 2432 1082 2492 preces

58 2517 120 2560 non
136 2510 225 2575 putas
244 2500 418 2574 proruisset
437 2501 484 2558 An
504 2499 726 2560 Mintumenses
742 2500 858 2571 coloni,
875 2501 958 2574 quod
974 2500 1004 2558 C.
1019 2498 1083 2557 Ma·

57 2583 134 2642 rium
151 2600 168 2642 e
185 2582 265 2642 civili
281 2584 360 2643 lerro
375 2590 467 2656 atque
482 2598 521 2640 ex
535 2581 635 2657 impiis
650 2582 788 2642 manibus
801 2583 984 2656 eripuerunt,
999 2581 1083 2654 quod

59 2672 138 2726 tecto
149 2674 338 2740 receperunt,
354 2666 437 2740 quod
448 2667 563 2725 lessam
573 2665 674 2724 inedia
685 2665 887 2738 fluctibusque
898 2670 1081 2732 recrearunt,

60 2749 144 2822 quod
158 2748 299 2809 viaticum
313 2754 547 2822 congesserunt,
564 2748 648 2821 quod
659 2748 811 2821 navigium
826 2747 987 2819 dederunt,
1001 2745 1083 2819 quod
1099 2788 1106 2797 .

60 2847 128 2889 eum
143 2831 326 2905 linquentem
342 2839 451 2891 terram
464 2846 538 2903 earn,
556 2846 646 2904 quam
659 2839 803 2903 servarat,
819 2829 915 2902 votis,
932 2828 1082 2888 ominibus

58 2912 251 2987 lacrimisque
262 2912 416 2989 prosecuti
434 2921 512 2986 sunt,
527 2921 648 2973 aeterna
662 2913 692 2971 in
706 2915 797 2974 laude
808 2920 983 2973 versantur=
997 2910 1082 2971 Plan·

58 2995 123 3064 cib,
147 2995 229 3068 quod
249 3013 297 3056 me
311 2998 360 3056 vel
377 2995 407 3055 vi
423 2999 544 3071 pulsum
557 2997 606 3055 vel
620 2993 736 3056 ratione
753 2997 908 3057 cedentem
923 2993 1079 3068 receperit,

58 3077 183 3150 iuverit,
205 3078 399 3150 custodierit,
419 3079 467 3139 his
492 3087 522 3138 et
542 3078 658 3138 senatui
677 3079 854 3153 populoque
876 3078 1028 3150 Romano,
1048 3083 1082 3135 ut

57 3162 205 3221 haberent
224 3177 314 3236 quem
336 3163 529 3237 reducerent,
544 3161 744 3234 conservarit,
764 3159 872 3227 honori
886 3160 963 3221 banc
978 3159 1080 3229 iidem,

57 3243 310 3315 misericordiam,
327 3244 466 3304 virtutem
482 3244 577 3304 luisse
594 3244 731 3303 miraris?
982 3264 985 3268 ·

120 3327 169 3386 XI.
190 3325 240 3389 27.
262 3326 342 3386 Vitia
362 3328 532 3389 mehercule
553 3327 603 3386 Cn.
618 3326 729 3386 Plancii
749 3343 801 3387 res
821 3341 890 3400 eae,
910 3323 1079 3399 dequibus

58 3407 137 3481 dixi,
153 3416 255 3484 tegere
271 3417 448 3484 potuerunt:
469 3426 507 3470 ne
529 3417 561 3471 tu
576 3409 607 3468 in
623 3425 659 3470 ea
670 3410 745 3485 vita,
769 3402 884 3553 baffia
898 3408 957 3469 iarn
973 3407 1079 3479 dicam,
