2340 3788
49 124 52 128 ·
88 178 151 245 136
347 174 434 235 lNL.
452 172 663 249 CATILINAM
677 171 819 235 ORATIO
830 173 867 234 ll

88 328 226 406 periculo
246 323 450 389 sustulissem.
494 322 525 387 4.
547 324 612 386 Sed
631 341 724 400 quum
745 322 881 385 viderem
896 340 937 387 ne
951 327 1043 390 vobis
1057 329 1122 407 qui·

90 415 159 473 dem
171 408 313 472 omnibus
328 425 361 468 re
375 406 539 468 etiamtum
553 407 689 484 probata,
709 407 736 468 si
750 405 843 481 illum,
861 414 894 469 ut
907 419 973 472 erat
986 412 1123 489 meritus,

89 503 185 555 morte
204 494 416 565 mulctassem,
442 491 508 552 lore
532 500 566 552 ιιι
588 490 655 552 eius
681 488 785 552 socios
810 489 924 553 invidia
950 511 1123 570 oppressus

88 576 236 655 persequi
252 592 315 637 non
333 589 474 653 possem,
495 591 560 636 rem
580 575 640 635 huc
662 571 792 647 deduxi,
813 583 847 636 ut
863 583 925 637 tum
941 577 1045 665 palam
1066 597 1122 657 pn·

88 678 183 737 gnare
197 658 347 737 possetis,
370 675 464 734 quum
484 658 605 720 hostem
620 666 727 734 aperte
745 655 898 719 videretis.
943 655 1077 740 Quemq
1077 662 1122 726 ui·

89 747 159 804 dem
178 760 236 818 ego
252 744 372 804 hostem
390 758 480 818 quam
495 742 691 803 vehementer
708 739 783 801 foris
798 757 870 802 esse
885 682 1077 806 timendumq
1067 763 1123 823 pu·

89 837 164 900 tem,
189 824 560 900 licetbincintelligatis,
589 822 784 901 quodetiam
804 823 879 885 illud
898 826 1027 889 moleste
1045 829 1123 905 tero,

90 911 174 986 quod
194 927 234 971 ex
253 911 329 970 urbe
349 925 457 1004 parum
480 907 639 969 comitatus
661 906 777 968 exierit
814 906 936 969 Utinam
948 909 1000 970 ille
1014 927 1124 974 omnes

90 1011 195 1056 secum
208 1011 282 1055 suas
298 979 405 1068 copias
420 989 596 1053 eduxisset!
624 989 794 1065 Tongilium
808 989 883 1051 mihi
896 991 1052 1072 eduxitq
1053 1012 1124 1058 uem

89 1094 191 1138 amare
207 1077 238 1137 in
252 1083 411 1152 praetexte
429 1082 592 1154 coeperat,
608 1072 775 1134 Publicium
797 1079 827 1134 et
841 1013 1052 1155 Minucium,q
1046 1095 1123 1154 quo·

88 1178 155 1222 rum
171 1176 225 1220 aes
245 1157 377 1219 alienum
398 1165 586 1219 contractum
603 1157 634 1218 in
655 1157 771 1232 popina
791 1158 906 1219 nullum
918 1157 965 1219 rei
979 1161 1124 1234 publicae

88 1251 203 1304 motum
226 1241 347 1301 adlerre
371 1249 504 1317 poterat:
532 1239 654 1317 reliquit
677 1256 757 1315 qnos
783 1238 882 1301 viros!
909 1250 1024 1316 quanto
1050 1260 1124 1305 aere

88 1326 205 1387 alienet
231 1340 324 1399 quam
346 1325 498 1384 valentes!
522 1341 614 1399 quam
634 1322 768 1385 nobilest
812 1324 864 1383 111.
879 1321 909 1384 5.
934 1324 1042 1400 Itaque
1063 1344 1123 1402 ego

88 1409 172 1469 illum
187 1405 352 1466 exercitum
367 1413 398 1467 et
411 1406 574 1469 Gallicanis
589 1405 761 1483 legionibus
776 1413 806 1466 et
818 1406 879 1467 hoc
893 1405 1015 1482 dilectu,
1030 1426 1124 1485 quem

88 1491 119 1551 ιιι
140 1505 213 1565 agro
234 1488 345 1549 Piceno
368 1496 398 1549 et
414 1488 528 1550 Gallico
545 1489 578 1564 Q.
594 1489 734 1552 Metellus
752 1489 871 1565 habuit,
895 1490 992 1551 ethis
1011 1491 1124 1569 copiis,

39 1585 42 1589 “
90 1589 170 1649 quae
186 1590 205 1633 a
224 1571 313 1633 nobis
329 1569 440 1632 cotidie
457 1582 688 1649 comparantur,
711 1588 821 1647 magno
840 1587 934 1649 opere
949 1581 1122 1650 contemno,

89 1657 250 1719 collectum
264 1670 304 1714 ex
317 1654 443 1735 senibus
458 1655 648 1736 desperatis,
671 1672 711 1716 ex
732 1654 845 1730 agresti
860 1655 995 1732 luxuria,
1015 1673 1054 1719 ex
1070 1675 1123 1720 ru·

90 1738 174 1805 aticis
190 1737 420 1811 decoctoribus,
436 1737 542 1813 exiis,
562 1739 615 1815 qui
630 1737 804 1801 vadimonia
818 1739 962 1800 deserere
976 1756 1067 1814 quarn
1085 1739 1122 1800 il-

88 1825 151 1884 lum
170 1822 338 1884 exercitum
359 1824 544 1885 maluerunt:
568 1823 679 1899 quibus
701 1838 760 1898 ego
780 1837 842 1882 non
862 1822 955 1883 modo
976 1821 1004 1883 si
1024 1822 1123 1885 aciem

89 1907 241 1968 exercitus
255 1907 360 1981 nostri,
377 1923 483 1967 verum
498 1906 626 1968 etiamsi
640 1904 772 1967 edictum
784 1906 932 1981 praetoris
945 1906 1122 1981 ostendero,

89 1991 260 2051 concident.
288 1991 369 2065 Hos,
391 2007 471 2066 quos
486 1989 577 2051 video
593 1989 721 2050 volitare
741 1988 772 2048 in
788 1988 870 2062 loro,
891 2004 971 2063 quos
986 1997 1068 2050 stare
1082 1990 1123 2051 ad

90 2073 219 2147 curiam,
236 2088 315 2148 quos
331 2072 421 2134 etiam
436 2073 466 2132 in
482 2080 620 2134 senatum
635 2070 753 2142 venire,
772 2071 824 2147 qui
839 2071 934 2133 nitent
947 2073 1121 2148 unguentis,

90 2155 142 2230 qui
157 2157 273 2230 fulgent
286 2173 431 2231 purpura,
448 2157 568 2216 mallem
583 2172 688 2216 secum
705 2153 816 2227 milites
833 2155 1006 2216 eduxisset:
1025 2155 1124 2231 quisi

88 2239 138 2297 hic
153 2247 339 2312 permanent,
355 2246 538 2300 mementote
552 2255 614 2299 non
630 2246 690 2299 tam
704 2237 871 2315 exercitum
885 2237 969 2299 illum
982 2253 1054 2300 esse
1067 2256 1122 2299 uo

88 2320 137 2381 bis
153 2337 244 2395 quarn
260 2321 332 2393 hos,
356 2322 409 2397 qui
423 2321 589 2383 exercitum
609 2323 824 2393 deseruerunt,
847 2321 1120 2396 pertimescendos

89 2408 193 2479 Atque
206 2404 266 2464 hoc
282 2404 372 2465 etiam
383 2415 454 2467 sunt
465 2404 590 2466 timendi
603 2403 710 2480 magis,
728 2404 813 2479 quod
825 2402 976 2479 quidquid
987 2403 1123 2480 cogitant

88 2504 137 2548 me
152 2486 232 2548 scire
250 2487 391 2559 sentiunt,
408 2504 509 2564 neque
527 2498 626 2550 tamen
640 2495 865 2564 permoventur.
905 2488 935 2551 6.
956 2487 1057 2548 Video
1072 2487 1122 2548 cui

89 2569 130 2632 sit
142 2570 254 2647 Apulia
268 2569 423 2643 attributa,
442 2571 511 2647 quis
525 2573 637 2633 habeat
650 2570 815 2645 Etruriam,
833 2570 902 2646 quis
917 2587 1023 2646 agrum
1037 2570 1121 2631 Pice-

88 2671 174 2727 num,
197 2654 266 2729 quis
282 2653 442 2726 Gallicum,
467 2652 537 2729 quis
559 2654 616 2716 sibi
631 2655 693 2715 ‘has
713 2655 846 2715 urbanas
866 2652 995 2733 insidias
1016 2653 1122 2715 caedis

89 2745 181 2812 atque
206 2737 416 2798 incendiorum
444 2736 677 2813 depoposcerit:
704 2736 805 2798 omnia
829 2736 997 2812 superioris
1022 2737 1121 2797 noctis

90 2821 218 2881 consilia
235 2823 275 2882 ad
294 2837 343 2881 me
359 2822 474 2897 perlato
493 2816 566 2882 esse
583 2820 730 2883 sentiuntz
754 2820 885 2896 pateleci
898 2818 929 2880 in
946 2828 1055 2881 senatu
1068 2819 1121 2878 he-

89 2910 191 2964 sterno
207 2904 273 2965 diez
296 2904 422 2966 Catilina
436 2904 505 2980 ipse
520 2904 687 2981 pertimuit,
703 2903 852 2980 profugite
873 2902 905 2963 hi
920 2903 994 2977 quid
1010 2918 1121 2976 exspe-

89 2989 191 3043 ctantt
225 2989 269 3048 Ne
290 2988 333 3048 illi
348 2989 546 3050 'vehementer
561 2995 677 3060 errant,
700 2986 727 3048 si
747 2986 829 3048 illam
848 3002 947 3048 meam
963 2985 1124 3060 pristinam

88 3064 241 3126 lenitatem
256 3081 436 3146 perpetuam
451 3078 576 3148 sperant
591 3073 732 3132 futuram.

171 3150 223 3208 IV
246 3151 335 3223 Quod
349 3155 537 3231 exspectavi,
552 3154 612 3215 iam
624 3169 692 3215 sum
704 3154 879 3226 adsecutus,
895 3159 1001 3212 utros
1014 3165 1123 3210 omnes

89 3231 199 3292 iactam
221 3247 292 3293 esse
312 3244 418 3310 aperte
441 3237 681 3298 coniurationem
702 3245 808 3298 contra
822 3250 887 3295 rem
907 3232 1061 3310 publicam
1077 3233 1123 3291 vi·

89 3314 215 3376 deretis:
239 3314 299 3375 nisi
316 3334 390 3379 vero
407 3319 437 3380 si
453 3321 522 3396 quis
538 3328 586 3381 est
597 3318 656 3396 qui
671 3318 815 3380 Catilinae
830 3316 944 3378 similes
960 3332 1030 3377 cum
1045 3313 1124 3376 cati·

87 3394 148 3459 lina
159 3396 271 3460 sentire
282 3414 344 3461 non
356 3417 399 3474 pu
399 3409 450 3464 t.et
473 3404 540 3465 Non
553 3411 602 3465 est
613 3404 672 3464 iam
682 3401 798 3463 lenitati
809 3403 911 3471 locus:
927 3397 1123 3461 severitatem
