2340 3788
82 129 146 195 312
343 124 666 185 recompositus
688 123 837 185 oleario.

89 279 185 340 luisse
199 277 347 348 clamitas,
363 290 429 334 eam
444 273 552 334 tribum
566 274 719 348 prolecto,
741 273 1004 334 severissimorum
1022 291 1112 350 prac-

87 361 190 423 sertim
204 359 356 420 hominum
373 366 403 416 et
415 356 677 431 gravissimorum,
691 357 783 416 edere
797 355 938 417 debuisti.
980 360 1025 417 At
1038 360 1113 420 Vol-

87 444 204 506 dniamz
223 443 295 501 libet
307 442 386 500 enim
406 439 459 501 tibi
475 439 580 499 nescio
595 438 666 513 quid
687 439 775 500 stiam
792 440 832 498 de
845 438 897 498 illa
915 438 995 499 tribu
1013 441 1114 502 crimi-

87 526 162 588 nari.
205 527 290 585 Hanc
304 523 393 598 igitur
407 522 506 597 ipsam
521 538 575 582 cur
586 539 647 582 non
662 522 798 582 edidisti?
809 521 887 594 Quid
900 521 1027 582 Plancio
1043 541 1113 584 cum

85 608 249 671 semoniae
270 606 344 680 quid
364 622 432 665 cum
446 603 607 666 Ulentinal
635 605 707 678 quid
726 621 794 664 cum
816 605 1026 664 Clustumina?
1038 608 1115 667 Nam

85 691 245 762 Melon,
264 706 324 749 non
341 705 419 763 qnae
433 687 595 760 iudicaret,
615 689 671 748 sed
690 704 767 762 quae
781 687 956 747 reiiceretur
968 703 1044 748 esse
1060 707 1116 750 vo·

86 774 187 849 luisti,
221 773 270 834 39.
286 771 436 832 Dubitetis
451 770 556 845 igitur,
573 770 699 841 iudices,
721 771 794 844 quin
808 786 865 829 vos
879 770 920 828 Μ.
935 771 1117 833 Laterensis

88 875 144 919 suo
159 856 285 926 iudicio,
302 871 363 914 non
378 856 417 913 ad
432 853 609 914 sententiam
622 852 708 926 legis,
723 853 780 912 sed
794 853 834 912 ad
848 868 935 933 suam
950 870 1043 928 spem
1060 855 1114 914 ali-

88 956 177 1016 quam
192 936 364 998 decivitate
381 935 546 1012 delegerit?
560 935 702 996 dubitatIs
718 934 790 1009 quin
806 942 862 994 eas·
873 935 980 1009 tribus,
995 936 1027 995 in
1047 938 1116 1012 qui-

86 1024 145 1083 bus
168 1037 293 1095 magnas
322 1019 565 1079 necessitudines
586 1018 677 1077 habet
692 1018 846 1091 Plancius,
868 1035 960 1093 quum
981 1018 1034 1079 ille
1052 1037 1114 1079 non

88 1103 231 1175 ediderit,
253 1102 392 1163 iudicarit
413 1101 521 1162 olliciis
539 1102 577 1160 ab
593 1101 653 1160 lxoc
667 1100 859 1173 observatas,
874 1118 936 1161 non
949 1102 1117 1176 largitione

59 1200 63 1216 ’
86 1193 265 1260 corruptast
289 1184 367 1257 Quid
380 1184 459 1243 enirn
474 1192 574 1258 potest
588 1183 688 1242 dicere
703 1199 757 1242 cur
770 1185 828 1242 ista
840 1183 933 1243 editio
949 1196 1014 1245 non
1029 1202 1114 1246 sum-

85 1285 164 1329 murn
177 1269 287 1327 lrabeat
302 1266 502 1337 acerbitatem,
519 1274 634 1325 remota
646 1266 763 1325 ratione
777 1266 835 1336 illa,
851 1283 942 1340 quam
956 1267 989 1325 in
1005 1269 1116 1328 decer-

86 1352 186 1411 nendo
200 1349 296 1409 secuti
308 1355 437 1408 sumus?
448 1347 499 1408 40.
513 1349 556 1406 Tu
571 1348 685 1422 deligas
696 1364 734 1407 ex
750 1349 831 1408 omni
844 1350 958 1424 populo
969 1358 1024 1410 aut
1039 1352 1117 1410 arni-

86 1448 142 1493 eos
156 1441 225 1491 tuos
240 1439 292 1490 aut
305 1431 441 1490 inimicos
459 1447 544 1490 meos
556 1438 608 1489 aut
622 1430 753 1504 denique
764 1448 827 1502 eos,
845 1431 1117 1505 quosinexorabi-

86 1516 141 1587 les,
158 1530 236 1588 quos
251 1514 440 1585 inhumanos,
455 1528 534 1587 quos
546 1513 684 1571 crudeles
696 1513 867 1574 existimem
879 1520 910 1574 tu
921 1528 971 1572 me
984 1513 1119 1588 ignaro,

87 1596 295 1670 necopinante‚
314 1596 411 1657 inscio
421 1604 509 1657 notes
521 1605 550 1655 et
563 1605 632 1656 tuos
649 1601 679 1654 et
690 1603 809 1656 tuorum
822 1596 984 1657 amicorum
995 1613 1119 1657 neces-

87 1678 201 1751 sarios,
217 1679 401 1753 veliniquos
423 1680 469 1738 vel
483 1686 569 1738 meo's
587 1679 632 1736 vel
651 1677 739 1737 etiam
754 1680 948 1740 defensorum
960 1695 1116 1753 meorum,

86 1762 256 1836 eodemque
272 1762 429 1836 adiungas,
446 1778 523 1836 quos
537 1769 643 1820 natura
660 1770 748 1834 putes
765 1778 895 1837 asperos
904 1770 998 1837 etque
1014 1764 1117 1824 omni-

84 1844 143 1904 bus
168 1844 306 1920 iniquos:
327 1846 435 1904 deinde
456 1844 594 1903 effundas
616 1852 754 1917 repenle,
778 1853 811 1904 ut
833 1853 903 1905 ante
926 1860 1115 1907 consessum

84 1942 218 1986 meorum
239 1925 371 1986 iudicum
394 1928 510 1986 videam
535 1942 624 2000 quam
645 1925 793 1999 potuerim
818 1926 1000 2001 quiessent
1023 1929 1115 1999 loturi
1159 1970 1162 1977 -

86 2009 244 2082 suspicari,
256 2011 336 2082 apud
349 2026 466 2083 eosque
477 2025 533 2080 me,
550 2026 587 2068 ne
599 2009 733 2082 quinque
746 2009 866 2083 quidem
879 2010 1017 2084 reiectis,
1031 2013 1113 2086 quod
1159 2036 1161 2045 ·

86 2090 116 2149 in
132 2091 269 2164 proximo
287 2108 340 2151 reo
358 2093 397 2150 de
414 2092 532 2152 consilii
547 2091 694 2151 sententia
709 2093 900 2152 constitutum
918 2103 990 2167 est,
1019 2109 1113 2168 cogas

87 2189 209 2231 causam
234 2175 272 2232 de
293 2175 419 2234 fortunis
441 2174 579 2234 omnibus
601 2173 724 2232 dicerer
748 2173 798 2234 41.
812 2176 878 2234 Non
899 2175 1000 2249 enirn,
1016 2177 1046 2236 si
1065 2185 1112 2236 aut

85 2254 227 2314 Plancius
239 2255 279 2313 ito
293 2257 376 2327 vixit,
389 2266 421 2316 ul
434 2257 600 2316 offenderet
614 2255 715 2314 sciens
728 2257 884 2327 neminem,
901 2267 955 2318 aut
966 2266 1002 2318 tu
1015 2259 1056 2320 ita
1068 2275 1109 2318 er-

85 2335 167 2407 rasti,
185 2346 218 2396 ut
229 2353 283 2407 eos
298 2339 405 2398 ederes
421 2339 607 2413 imprudens,
623 2347 655 2397 ut
669 2355 727 2398 nos
737 2339 831 2400 invito
844 2347 875 2398 te
889 2347 995 2399 tamen
1014 2344 1054 2401 ad
1070 2342 1110 2401 io·

86 2417 181 2492 dices,
196 2436 254 2478 non
270 2421 308 2478 ad
324 2423 479 2482 carnifices
495 2421 680 2491 veniremus,
693 2420 805 2482 idcirco
822 2423 881 2482 ista
895 2423 996 2484 editio
1012 2441 1068 2500 per
1080 2440 1112 2482 se

85 2518 145 2561 non
158 2503 269 2561 acerba
284 2512 339 2562 est.

144 2585 236 2644 XVII.
263 2589 310 2644 An
334 2603 405 2645 vero
426 2603 523 2660 nuper
538 2588 695 2648 clarissimi
711 2589 794 2647 cives
812 2602 921 2647 nomen
936 2587 1058 2649 editicii
1071 2589 1110 2648 io·

83 2665 159 2727 dicis
171 2685 230 2727 non
245 2670 383 2739 tulerunu
396 2686 485 2742 quum
502 2687 541 2728 ex
555 2687 631 2729 cxxv
644 2670 802 2742 iudicibus,
815 2669 1013 2744 principibus
1024 2687 1111 2746 eque
1145 2694 1153 2781 p

84 2750 153 2809 stris
175 2750 305 2822 ordinis,
326 2751 460 2825 quinque
480 2760 509 2811 et
524 2769 584 2812 nxx
598 2770 669 2813 reus
684 2754 835 2824 reliceret,
856 2754 1036 2825 proterret,
1052 2769 1111 2812 orn·

83 2831 192 2906 niaque
209 2833 311 2907 potius
325 2834 573 2907 permiscuerunt,
592 2853 680 2910 quam
692 2837 720 2895 ei
736 2835 794 2909 legi
807 2834 1051 2912 condicionique
1062 2852 1111 2911 pa·

82 2924 194 2975 renent:
209 2933 266 2975 nos
286 2933 386 2990 neque
399 2934 437 2975 ex
452 2918 577 2979 delectis
589 2919 748 2990 iudicibus
765 2919 821 2978 sed
832 2934 872 2977 ex
885 2918 972 2978 omni
988 2919 1111 2994 populo,

83 3010 182 3068 noque
197 2998 294 3059 editos
310 3000 349 3058 ad
366 2999 577 3073 reiiciendum,
599 3003 653 3061 sed
678 3003 716 3060 ab
731 3009 910 3061 accusatore
924 3002 1110 3062 constitutos

82 3076 197 3136 iudices
211 3080 251 3139 ita
268 3085 415 3154 feremus,
433 3092 466 3142 ul
481 3084 630 3143 nerninem
644 3084 839 3143 reiiciamust
855 3083 907 3144 la.
924 3084 1042 3160 Neque
1058 3097 1109 3157 ego
1145 3090 1148 3097 '

83 3174 163 3219 nnnc
178 3160 253 3232 legis
267 3163 452 3239 iniquitatem
470 3184 594 3240 queror,
619 3169 673 3226 sed
695 3168 805 3227 lactum
827 3175 910 3227 tuum
923 3183 946 3226 a
962 3164 1111 3228 sententis
1141 3176 1145 3227 .'

81 3242 156 3316 legis
172 3243 269 3302 docco
288 3246 476 3322 discrepare:
498 3259 528 3308 et
548 3249 621 3308 illud
639 3251 780 3309 acerbum
794 3249 940 3308 iudicium
958 3250 1003 3324 si,
1024 3263 1110 3325 qoem

77 3325 255 3386 admodum
271 3338 392 3389 senatus
409 3333 524 3391 censuit
538 3333 734 3407 populusque
751 3332 846 3405 iussit,
863 3331 904 3392 ita
920 3333 1069 3408 fecisses,
1082 3336 1110 3388 ut
