2340 3788
104 157 167 224 ωε
384 150 460 211 rao
474 151 507 209 ι.
522 148 687 210 Muenna
702 149 853 210 enarro.

103 318 226 378 semper
240 300 289 376 egi
302 299 439 374 libenter,
459 300 539 361 illam
552 315 627 360 vero
642 297 798 375 ςιιιιιιιιιιε
812 297 1050 377 severitatisque
1063 318 1129 377 per·

103 402 213 449 sonam
227 400 287 443 non
302 384 453 459 appetivi,
478 384 534 443 sed
549 383 587 442 ab
601 398 636 443 re
650 381 859 457 publicamini
873 381 1051 457 impositum
1065 400 1127 445 sus

103 468 195 540 linui,
218 466 297 528 sicut
310 467 400 528 huius
414 465 533 562 imperii
547 464 679 541 dignitas
693 466 724 524 in
735 480 853 526 smnmo
865 464 1004 541 periculo
1020 465 1129 528 civium

103 550 285 628 postulabat.
315 550 403 624 Quod
423 549 450 610 si
470 556 547 623 tum,
566 565 660 624 quum
679 563 731 608 res
751 548 886 625 publiea
893 546 958 607 virn
971 556 1004 610 et
1017 551 1130 612 severi·

103 644 194 696 tatem
214 633 422 707 desiderabat,
444 631 503 697 vici
523 640 661 693 naturam
676 639 707 692 et
721 638 782 691 tam
797 631 962 692 vehemens
979 631 1022 692 lui
1040 650 1132 708 qnam

102 716 244 792 cogebar,
259 732 320 778 non
339 733 430 792 quam
447 704 596 787 volebam,
612 731 702 788 nnnc,
719 730 813 789 quum
828 729 936 775 omncs
952 730 1003 775 me
1017 730 1132 778 musae

102 801 143 860 ad
168 798 407 861 misericordiam
434 806 526 872 atque
554 799 594 857 ad
619 796 833 857 humanitatem
862 806 989 870 vocent,
1018 808 1130 874 quanto

88 884 224 944 tandem
249 883 350 946 studio
375 882 473 942 debeo
498 889 624 941 naturae
650 896 737 940 meae
764 879 1043 956 consuetudinique
1066 898 1129 943 ser

102 966 190 1026 viret
223 968 270 1026 Ac
295 968 334 1025 de
359 963 461 1024 ollicio
486 963 675 1024 detensionis
702 978 789 1022 meae
812 978 851 1023 ac
873 962 913 1022 de
936 962 1056 1027 ratione
1080 982 1129 1025 ac-

10 1054 16 1067 ·
101 1047 270 1109 eusationis
293 1056 362 1108 tuae
383 1040 513 1107 fortasse
529 1047 618 1107 etiarn
635 1046 694 1106 alia
712 1045 743 1106 in
760 1054 846 1120 parte
863 1044 1012 1107 emtionis
1029 1048 1143 1108 dicen·-

12 1162 15 1167 ·
101 1133 175 1192 dum
192 1129 281 1190 nobis
297 1129 362 1191 erit.

185 1210 214 1271 7.
239 1211 302 1271 Sed
322 1229 384 1285 me,
407 1211 539 1286 iudices,
562 1227 622 1273 non
641 1209 743 1272 minus
764 1208 896 1271 hominis
911 1209 1129 1288 sapientissimi

101 1305 194 1370 atque
209 1293 392 1355 ornatissimi
408 1294 472 1355 Ser.
487 1295 614 1371 Sulpicii
630 1294 811 1370 conquestio
833 1310 925 1370 qoam
943 1294 1129 1357 Catonisac-

101 1376 220 1438 cusatio
236 1378 460 1451 commovebat,
478 1376 531 1453 qui
547 1376 727 1452 gravissime
740 1385 771 1439 et
787 1370 986 1439 acerbissime
1000 1381 1129 1440 temese

102 1458 179 1520 dixit
198 1475 247 1520 me
267 1424 473 1521 familiaritatis
493 1459 791 1535 necessitudinisque
811 1452 937 1522 oblitum
956 1462 1127 1522 musamL.

101 1542 246 1603 Murenae
261 1550 366 1603 contra
377 1559 412 1602 se
423 1543 596 1603 defendere.
623 1544 700 1605 lluic
711 1559 779 1619 ego,
793 1541 920 1617 iudices,
937 1542 1128 1605 satisfacere

101 1623 193 1699 cupio
209 1641 329 1721 rosque
347 1608 492 1687 adbibere
508 1624 648 1687 arbitros
678 1626 753 1686 Nam
771 1643 866 1701 quum
880 1626 972 1721 grave
988 1635 1038 1687 est
1055 1643 1128 1688 vere

101 1708 241 1767 accusari
261 1708 291 1767 in
309 1708 440 1769 amicitia
461 1718 537 1780 tum,
560 1709 650 1770 etiam
668 1711 694 1770 si
715 1710 794 1770 laiso
809 1696 978 1782 accuseris,
998 1717 1128 1770 nonest

102 1791 324 1866 negligendum.
364 1792 445 1867 Ego,
471 1791 535 1853 Ser.
556 1791 686 1868 Sulpici,
714 1808 763 1853 mc
783 1792 978 1867 inpetitione
999 1802 1052 1854 tua
1072 1788 1127 1852 tibi

102 1874 203 1934 omnia
224 1875 326 1936 studia
346 1883 440 1951 atque
459 1874 561 1937 officia
579 1891 636 1951 pro
658 1884 763 1938 nostra
782 1876 1055 1938 necessitudinem
1071 1876 1127 1936 de·

101 1956 206 2018 buisse
221 1959 370 2020 confiteor
383 1968 413 2020 et
425 1957 614 2034 praestitisse
624 1957 761 2021 arbitror.
782 1958 861 2018 llibil
872 1957 925 2020 tibi
936 1961 1127 2021 consulatum

99 2041 214 2115 petenti
228 2058 247 2100 a
260 2058 308 2102 me
328 2041 424 2102 deluit
443 2043 526 2116 quod
546 2049 629 2102 esset
644 2051 696 2101 aut
712 2043 751 2101 ab
770 2041 869 2102 amico
885 2049 938 2102 aut
952 2058 973 2102 a
992 2040 1127 2118 gratioso

99 2131 152 2182 aut
166 2140 185 2182 a
199 2127 325 2185 consule
339 2125 565 2199 postulandum.
594 2123 677 2184 Abiit
687 2124 761 2184 illud
776 2131 910 2199 tempus=
926 2133 1040 2188 mutata
1048 2123 1128 2184 ratio

100 2211 156 2263 est.
187 2204 237 2264 Sic
258 2206 412 2281 existimo,
434 2208 480 2268 sic
499 2205 572 2265 mibi
593 2207 781 2281 persuadeo,
802 2224 851 2269 me
873 2207 925 2269 tibi
947 2214 1052 2271 εὀιιιιιι
1071 2207 1127 2267 ho-

100 2301 206 2345 norem
217 2287 250 2345 L.
262 2289 415 2363 Morenae,
430 2297 574 2366 quantum
585 2298 616 2351 tu
627 2305 646 2348 a
657 2305 705 2349 me
717 2291 872 2365 postulare
886 2307 983 2352 ausus
994 2289 1047 2362 sis,
1062 2298 1126 2349 tan·

98 2377 162 2428 tum
178 2369 336 2443 debuisse,
355 2382 460 2434 contra
473 2373 601 2433 salutem
618 2372 690 2432 nihil
705 2372 826 2433 debere.
864 2371 894 2434 8.
914 2374 1020 2449 Neque
1034 2372 1124 2443 enim,

100 2450 127 2512 si
142 2449 195 2512 tibi
211 2461 280 2525 tum,
297 2472 388 2528 quum
404 2458 593 2517 consulatum
609 2464 739 2530 peteres,
757 2455 826 2529 invi,
844 2472 935 2528 nunc,
953 2470 1044 2532 quum
1057 2454 1125 2514 blu-

99 2551 204 2595 renam
219 2535 320 2611 ipsum
331 2538 564 2612 petas-adiutor
578 2540 686 2598 eodem
698 2545 787 2614 pacto
804 2554 874 2599 esse
886 2539 994 2601 debeo.
1021 2539 1126 2618 Atque

99 2618 158 2680 hoe
172 2635 232 2679 non
253 2621 344 2679 modo
360 2621 565 2693 conlaudari,
591 2623 647 2681 sed
667 2637 707 2681 ne
727 2620 855 2682 concedi
873 2620 996 2696 quidem
1013 2629 1125 2698 potest,

98 2710 140 2774 ut,
155 2701 262 2763 amieis
277 2704 390 2763 nostris
407 2704 621 2765 accusantibus
632 2720 692 2764 non
704 2705 792 2766 etiam
804 2704 1009 2767 alienissimos
1020 2704 1125 2764 delen-

98 2784 217 2850 damus.
249 2787 302 2846 lV.
323 2785 395 2845 Mihi
410 2797 510 2848 autem
526 2803 594 2848 cum
608 2787 749 2859 Murena,
770 2786 903 2860 iudices,
925 2796 956 2849 et
972 2802 1083 2861 magna
1096 2793 1127 2846 et

99 2876 187 2928 vetus
207 2868 337 2930 amicitia
357 2877 419 2944 est,
442 2886 521 2944 quae
541 2869 571 2930 in
592 2869 702 2945 capitis
721 2868 915 2931 dimicatione
936 2886 955 2929 a
975 2869 1042 2930 Ser.
1057 2869 1125 2929 Sul·

100 2947 179 3021 picio
195 2968 256 3012 non
271 2953 385 3014 idcirco
403 2952 560 3027 obruetur,
584 2954 668 3028 quod
687 2953 849 3013 abeodem
866 2952 896 3013 in
911 2950 1039 3013 honoris
1053 2967 1125 3012 eon·

99 3029 232 3091 tentione
247 3046 389 3110 superata
403 3046 458 3099 est.
496 3035 579 3109 Quae
599 3034 626 3096 si
642 3051 737 3096 eausa
755 3053 823 3097 non
838 3042 935 3107 esset,
959 3043 1062 3096 temen
1075 3034 1127 3094 vel

99 3110 230 3185 dignitas
243 3117 375 3180 hominis
390 3120 438 3180 vel
453 3119 579 3180 honoris
594 3118 675 3191 eius,
693 3135 784 3193 quem
798 3119 928 3193 adeptus
944 3125 992 3179 est
997 3116 1128 3212 ,ampli-

98 3195 172 3255 tudo
196 3211 341 3260 summam
364 3203 434 3263 mihi
459 3201 621 3276 superbiae
642 3201 890 3276 crudelitatisque
912 3199 1050 3281 lamam'
1041 3214 1127 3277 nnus·

99 3276 200 3349 sisset,
216 3293 242 3336 ει
253 3280 382 3343 ιιοιιιιιιιε
394 3295 423 3345 ει
435 3301 500 3344 suis
511 3293 542 3346 et
552 3284 794 3360 popueromam
805 3282 991 3344 ornamentis
1001 3279 1127 3358 amplis

97 3360 166 3422 simi
188 3376 312 3423 causam
329 3367 402 3427 tanti
423 3367 548 3442 periculi
570 3366 792 3442 repudiassem.
834 3367 942 3442 Neque
965 3364 1045 3426 enim
1066 3365 1127 3425 iam
