2340 3788
354 197 434 257 CAP.
448 205 580 260 26—28·
601 202 626 264 S·
642 204 771 260 ἸΙ-78.
874 236 878 244 ·
1031 200 1071 267 21
1154 258 1157 267 .

63 347 259 408 nnocentiam
274 355 391 421 poterat
402 363 488 420 esse,
505 346 535 407 in
546 346 668 414 rusticis
679 348 828 422 moribus,
843 349 874 408 in
886 348 967 409 victu
977 349 1071 424 arido,

62 449 83 490 n
97 431 156 489 hac
171 429 294 490 horrida
304 429 477 504 incultaque
492 429 552 490 vita
562 427 651 490 istius
662 430 743 488 modi
753 431 902 514 maleficia
915 431 997 507 gigni
1011 449 1071 493 non

62 515 163 573 solere.
196 513 236 573 Ut
249 529 310 572 non
327 528 444 572 omnem
460 513 575 586 frugem
589 527 689 587 neque
704 513 840 573 arborem
856 514 886 573 in
903 516 983 574 omni
998 530 1071 590 agro

62 594 189 673 repepire
204 594 323 669 possis,
344 593 389 654 sic
403 611 464 655 non
483 611 571 655 omne
586 593 703 655 lacinus
717 594 747 652 in
763 597 842 654 omni
855 597 915 656 vita
928 596 1071 658 nascitur.

62 679 88 736 ln
99 678 176 737 urbe
190 677 324 737 luxuries
340 687 473 749 creatum
489 693 528 736 ex
540 676 659 737 luxuria
670 677 799 737 exsistat
809 678 933 751 avaritia
943 696 1071 741 necesse

62 769 164 834 estex
179 759 304 819 avaritia
319 769 455 834 erumpat
470 760 611 830 audacia;
626 761 697 820 inde
712 758 812 819 omnia
828 761 944 820 scelera
960 770 998 825 ac
1008 778 1073 823 ma-

62 842 153 903 leficia
173 843 344 917 gignuntur.
377 843 448 903 Vita
467 851 567 903 autem
586 843 661 902 haec
677 842 806 913 rustica,
827 858 923 916 quam·
940 851 973 903 lu
986 860 1071 919 agre-

63 933 132 985 stem
147 941 255 999 vocas,
274 924 491 1000 parcimoniae,
514 925 698 1000 diligentiae,
714 924 845 985 iustitiae
860 924 1002 998 magistra
1015 934 1071 987 est.

63 1005 248 1068 inuitato.
268 1010 382 1068 Verum
394 1007 469 1066 haec
483 1007 577 1068 missa
591 1007 678 1068 lacio.
699 1009 776 1067 lllud
788 1023 918 1083 quaero,
931 1007 958 1068 is
970 1008 1071 1080 homo,

68 1090 122 1164 qui,
135 1099 168 1151 ut
181 1100 244 1151 tute
259 1090 350 1163 dicis,
369 1108 531 1166 numquam
545 1091 622 1151 inter
635 1090 773 1151 homines
792 1089 895 1162 luerit,
918 1106 974 1166 per
992 1107 1071 1166 quos

68 1171 195 1232 homines
210 1173 269 1233 hoc
283 1181 397 1233 tantum
411 1174 538 1248 lacinus,
552 1183 613 1235 tam
628 1175 787 1245 occultum,
803 1174 916 1234 absens
930 1189 1070 1248 praeser-

69 1253 123 1328 tim,
140 1256 291 1315 conficere
308 1255 447 1331 potuerit.
476 1258 570 1317 lllulta
584 1266 655 1318 sunt
668 1257 758 1326 laisa,
781 1256 913 1331 iudices,
932 1273 1011 1330 quae
1029 1265 1070 1316 la-

69 1352 124 1396 nen
145 1338 230 1412 argui
249 1339 423 1414 suspiciose
443 1350 587 1414 possunt;
610 1339 641 1398 in
661 1339 709 1398 his
723 1340 815 1399 rebus
830 1339 857 1399 si
873 1339 1011 1421 suspicio
1023 1354 1070 1398 re·

69 1421 222 1493 numeru,
248 1423 364 1497 culpam
381 1423 483 1484 inesse
503 1422 679 1483 concedam.
713 1423 828 1482 Romae
849 1421 920 1481 Sex.
936 1421 1069 1483 Roscius

69 1502 208 1576 occiditur,
226 1522 317 1580 quum
331 1506 361 1564 in
373 1522 446 1580 agro
457 1507 600 1566 Amerino
612 1514 694 1566 esset
705 1505 794 1565 lilius.
814 1505 952 1582 Litteras,
967 1506 1070 1581 credo,

68 1582 135 1645 misit
148 1586 236 1646 alicui
248 1587 373 1648 sicario:
396 1587 573 1662 quiRomae
585 1587 880 1648 noveratneminem.
900 1586 1070 1649 Arcessivit

68 1665 199 1742 aliquem=
224 1686 314 1744 quem
330 1679 382 1729 aut
402 1673 545 1745 quando?
571 1670 719 1730 Nuncium
737 1669 831 1731 misit:
854 1686 943 1744 quem
960 1679 1011 1730 aut
1030 1671 1069 1730 ad

67 1759 165 1823 queml
176 1753 288 1823 Precio,
302 1753 404 1824 gnatia,
415 1768 479 1824 spe,
492 1752 651 1825 promissis
659 1752 775 1811 induxit
781 1753 919 1826 aliquem.
930 1752 1009 1810 Nihil
1015 1752 1069 1812 ho-

65 1846 117 1893 tum
134 1851 174 1893 ne
186 1832 319 1906 confingi
336 1833 457 1904 quidem
469 1841 584 1906 potest,
599 1841 629 1892 et
642 1842 742 1892 tamen
755 1849 847 1893 causa
859 1834 897 1891 de
908 1833 1069 1905 parricidio

65 1914 172 1975 dicitur.
204 1917 365 1988 Reliquum
383 1923 430 1973 est
444 1923 476 1974 ut
490 1930 546 1988 per
562 1930 670 1976 servos
688 1913 720 1972 id
736 1913 899 1973 admiserit.
927 1910 977 1974 77.
999 1913 1070 1973 Odi

64 1994 255 2057 inmortales!
279 2012 343 2056 rem
359 1997 499 2057 miseram
518 2008 547 2058 et
562 1996 781 2068 calamitosam,
801 1995 885 2070 quod
901 1994 930 2054 in
947 1995 998 2056 teli
1015 1995 1070 2054 cri-

63 2081 133 2141 mine
158 2080 242 2154 quod
262 2079 415 2139 innocenti
437 2080 526 2142 saluti
546 2082 625 2143 solet
646 2096 718 2141 esse
739 2088 772 2140 ut
795 2093 902 2140 servos
925 2077 955 2138 in
978 2087 1071 2154 quae-
1158 2121 1160 2127 -

62 2162 182 2224 ctionem
200 2161 393 2237 polliceatur,
413 2163 444 2222 id
460 2163 531 2226 Sex.
548 2162 662 2225 Roscio
679 2164 779 2224 lacere
797 2177 857 2222 non
877 2160 955 2222 licet.
991 2165 1067 2237 Vos,

62 2247 103 2320 qui
119 2247 201 2308 hunc
215 2247 381 2319 accusatiS,
400 2261 505 2307 omues
521 2250 586 2308 eius
603 2263 712 2308 servos
729 2245 959 2328 habetisqunus
975 2262 1067 2321 puer,

62 2328 149 2391 nctus
166 2327 309 2389 cotidiani
324 2329 514 2403 administer,
529 2346 568 2390 ex
584 2338 666 2391 tante
682 2328 793 2389 familia
806 2328 877 2390 Sex.
890 2329 1004 2390 Roscio
1021 2346 1068 2389 re·

63 2413 139 2474 ictus
162 2429 223 2473 non
244 2421 299 2471 est.
337 2412 378 2471 Te
400 2429 480 2471 nunc
501 2414 637 2488 appello,
658 2412 689 2472 P.
721 2411 838 2488 Scipio,
859 2421 903 2484 te,
932 2413 1067 2473 Metelle=

62 2495 141 2557 nobis
155 2494 337 2581 advocatis,
365 2494 454 2554 vobis
477 2496 635 2569 agentibus
657 2494 839 2570 aliquotiens
859 2496 939 2556 duos
961 2505 1069 2553 servos

62 2585 197 2640 aeternos
213 2576 244 2636 in
259 2576 467 2652 quaestionem
484 2579 521 2636 ab
535 2579 717 2640 adversariis
729 2578 801 2640 Sex.
818 2577 951 2639 Roscius
963 2582 1068 2650 postu-

62 2660 132 2721 avit.
174 2659 392 2721 Meministisne
409 2661 441 2719 T.
464 2659 609 2721 Roscium
630 2669 796 2723 recusaret
826 2659 935 2733 Quid‘l·
951 2658 972 2716 ii
989 2654 1070 2716 servi

62 2744 100 2804 tbi
124 2750 217 2803 sunta
260 2743 504 2819 Chrysogonum,
537 2743 666 2815 iudices,
697 2752 864 2804 sectantur:
893 2740 976 2813 apud
1001 2754 1069 2798 eum

62 2835 123 2887 unt
137 2828 168 2886 in
184 2826 299 2886 honore
316 2834 345 2885 et
361 2827 391 2883 in
406 2827 518 2900 precio.
550 2825 646 2885 Etiam
662 2842 741 2885 nunc
758 2834 791 2885 ut
809 2839 848 2883 ex
859 2820 896 2880 iis
909 2830 1068 2895 quaeratur

62 2925 108 2986 go
126 2911 266 2984 postulo,
284 2908 332 2967 hic
349 2918 414 2968 orat
430 2916 521 2983 atque
537 2909 686 2968 obsecrat.
719 2905 768 2968 le.
793 2904 871 2979 Quid
881 2903 1000 2967 tacitis?
1015 2921 1068 2965 cur

62 2991 223 3065 pensatis?
248 2991 387 3051 Dubitate
404 2992 602 3062 etiamnunc,
620 2989 752 3061 iudices,
769 2988 797 3048 si
813 2987 955 3064 potestis,
972 3006 1066 3065 aquo

62 3074 90 3136 nt
104 3073 178 3135 Sex.
192 3072 323 3135 Roscius
340 3074 470 3146 occisus,
489 3076 527 3134 ab
543 3089 630 3145 eone,
647 3071 700 3148 qui
717 3079 842 3146 propter
852 3070 931 3151 illius
941 3081 1067 3134 mortem

62 3175 81 3216 n
98 3164 234 3232 egestate
251 3164 280 3217 et
296 3156 414 3217 insidiis
432 3166 581 3229 versatur,
600 3155 647 3217 cui
662 3171 701 3214 ne
717 3154 881 3230 quaerendi
896 3155 1017 3232 quidem
1029 3156 1067 3213 de

62 3249 147 3301 norte
164 3239 259 3314 patris
276 3247 414 3314 potestas
437 3239 630 3314 permittitur,
652 3255 692 3298 an
713 3239 751 3298 ab
768 3237 821 3311 iis,
844 3237 895 3313 qui
915 3237 1067 3315 quaestio·

62 3339 120 3383 nem
138 3322 278 3396 fugitant,
296 3324 377 3382 bona
390 3324 565 3398 possident,
582 3322 612 3381 in
629 3322 724 3382 caede
741 3330 831 3396 atque
853 3339 892 3382 ex
914 3321 1009 3380 caede
1024 3317 1068 3375 vi-

62 3415 135 3467 runt.
169 3404 289 3479 Omnia,
304 3405 436 3479 iudices,
456 3405 486 3465 in
502 3407 559 3465 hac
575 3421 669 3466 causa
691 3414 761 3466 sunt
782 3404 893 3466 misera
911 3411 1004 3479 atque
1022 3399 1069 3461 in—
