2340 3788
296 212 299 217 ·
413 180 495 245 utu.
516 189 613 245 t-e
636 187 807 251 nrt-m
1064 183 1125 257 ιιι

97 333 275 406 descriptos
289 331 428 395 babebat
472 332 578 408 Neque
591 349 682 405 voro.
704 350 797 409 quum
820 333 936 413 dique
956 338 1121 415 mundaret,

98 415 274 477 eouieetum
289 415 431 489 puuuon
452 413 527 475 nihil
549 424 613 477 eret
634 417 719 491 quod
739 434 802 481 uon
820 416 889 493 ipse
904 419 1002 491 obiret
1015 439 1121 489 oenus·

97 507 190 570 reret,
206 496 345 572 vigilaret
360 498 520 561 laboraret
541 498 660 574 Frigus,
675 498 764 573 sitim,
779 501 887 565 iomem
900 505 979 567 ieme
992 514 1121 582 poteret

97 579 149 643 17.
166 582 255 643 Hune
269 597 327 656 ego
343 580 495 645 hominem
511 589 572 644 tom
586 598 696 657 eorem,
714 591 774 647 tom
787 584 945 660 audoeno,
959 594 1021 651 tum
1032 607 1120 664 pure·

96 672 177 736 tnui,
192 672 254 726 lom
270 663 429 738 calidum,
441 673 502 727 tero
516 663 548 725 in
563 667 680 748 scelere
698 664 884 741 vigilantem,
901 674 962 735 um
974 669 1005 735 in
1020 673 1120 745 pordi-

95 748 138 809 lis
151 747 246 809 rebus
258 747 449 822 diligentem,
464 747 577 812 elsim
594 749 770 815 domesticis
784 747 904 815 insidiis
918 748 950 815 ln
965 761 1120 823 bostrense

95 830 288 907 latrocinium
301 830 535 907 compulissem,
556 833 654 897 dicem
673 832 721 907 id,
745 834 829 908 quod
844 830 958 905 sentio,
982 832 1121 915 Quirites,

94 930 158 991 non
181 912 270 977 leeile
284 914 364 975 haue
376 922 490 977 tentem
510 916 621 979 molem
634 917 705 982 noti
719 933 738 977 a
751 915 922 978 cervicibus
944 914 1053 985 vestris
1068 918 1121 979 de

93 997 256 1072 putissem.
273 997 340 1057 Non
355 996 407 1057 ille
421 997 510 1059 nobis
522 997 698 1063 Saturnalia
707 997 927 1072 eonstituieeet
942 1014 1044 1073 neoto
1056 1007 1121 1065 tan-

93 1089 125 1141 to
140 1087 212 1143 unte
227 1078 311 1143 exitii
325 1096 361 1141 eo
378 1079 432 1142 ieri
444 1080 526 1147 diem
538 1081 582 1145 rei
596 1084 738 1157 publicae
753 1079 1004 1145 denuneinvisuet
1021 1097 1122 1155 noque

93 1160 310 1235 oommisisset
329 1171 363 1225 ut
373 1164 503 1238 signum,
518 1172 552 1226 ut
563 1164 680 1229 litterae
694 1182 769 1231 sune
782 1173 876 1233 testes
889 1163 1040 1231 manifesti
1054 1179 1121 1233 seo·

92 1244 166 1307 loris
183 1245 490 1320 deprehenderentur.
534 1248 618 1321 Quae
644 1265 724 1311 nuuc
746 1249 798 1313 illo
821 1248 948 1313 absente
969 1247 1015 1315 sie
1035 1252 1122 1323 ueste

92 1336 181 1400 sunt,
210 1337 243 1390 ut
268 1331 381 1391 nullum
401 1332 432 1391 in
453 1329 572 1406 private
590 1332 681 1397 domo
702 1333 814 1398 lurtum
834 1346 981 1406 umquem
999 1329 1040 1399 sil
1061 1338 1121 1393 idm

92 1413 196 1487 patum
218 1411 388 1488 inventum,
415 1431 507 1490 quem
526 1415 602 1475 heoo
620 1423 704 1477 tonte
719 1417 750 1479 iu
766 1414 937 1491 republica
952 1412 1119 1481 commotio

91 1495 254 1557 manifesto
275 1495 399 1559 invente
420 1506 513 1573 atque
527 1499 720 1573 deprehensa
741 1507 797 1559 est.
846 1497 978 1572 Quodsi
995 1495 1121 1561 cautim

90 1576 122 1639 iu
137 1578 217 1641 urbe
232 1579 272 1641 ud
286 1580 364 1643 hono
379 1579 459 1645 diem
473 1580 686 1655 remansisset,
711 1599 910 1656 quemquem,
932 1579 1035 1657 quoad
1055 1575 1120 1651 tuit,

91 1659 236 1725 omuibus
252 1663 318 1725 eius
333 1663 470 1727 consiliis
485 1663 604 1727 occurri
620 1672 712 1739 utque
727 1664 838 1737 obstiti,
855 1673 965 1736 umen,
978 1671 1013 1725 ut
1028 1659 1119 1727 levis·

90 1743 170 1807 sime
185 1743 300 1815 dicem,
329 1745 535 1809 dimicandum
554 1745 645 1807 nobis
660 1763 729 1807 oum
746 1746 797 1808 illo
815 1746 926 1813 suisset
944 1761 1047 1819 neque
1060 1760 1118 1813 uos

88 1841 251 1901 umquem,
271 1827 344 1889 dum
359 1827 409 1887 ille
426 1827 458 1887 in
472 1822 548 1889 u'rbe
561 1827 660 1891 hostis
674 1837 771 1901 esset,
787 1828 878 1891 tentis
894 1827 1038 1903 perieulis
1053 1842 1118 1891 rem

88 1909 248 1985 publicem
260 1914 343 1971 lento
358 1925 445 1984 paee,
461 1916 545 1979 lento
560 1908 640 1983 ocio,
657 1919 741 1977 tento
756 1910 875 1973 silentio
890 1910 1117 1979 liberorumne

176 1989 254 2051 vlll.
272 1988 321 2057 le.
348 1992 536 2067 Quanquam
549 1993 627 2055 haee
641 1995 757 2065 omnio,
782 1993 927 2067 Quirites,
948 1992 990 2057 ite
1008 2000 1080 2058 suut
1099 2008 1118 2053 u
1154 2010 1158 2017 ¹

87 2091 137 2137 me
151 2071 379 2149 administrem,
398 2083 432 2137 ut
445 2076 574 2140 deorum
593 2076 805 2143 immortalium
819 2085 894 2143 nutu
909 2083 1002 2151 stoue
1016 2075 1116 2145 eenei-

85 2157 129 2219 llo
148 2164 181 2221 et
200 2164 288 2231 geste
311 2167 341 2219 et
364 2158 491 2233 provise
519 2176 591 2225 esse
612 2160 786 2227 videanturr
811 2159 904 2235 idque
928 2177 1021 2235 quum
1043 2175 1115 2229 ouu-

87 2240 205 2305 ieoturo
219 2241 370 2316 consequi
383 2258 566 2318 possumus,
592 2244 676 2319 quod
695 2245 747 2309 vin
763 2244 883 2309 videtur
904 2241 1028 2313 humaui
1041 2259 1115 2309 ooo·

87 2322 149 2389 silii
163 2331 313 2386 tentorum
325 2340 426 2389 rerum
441 2325 619 2400 gubernatio
637 2344 709 2390 esse
725 2326 880 2402 potuisse,
906 2334 967 2395 tum
981 2342 1057 2395 voro
1073 2327 1115 2389 ite

86 2415 267 2481 praesentes
281 2406 330 2471 his
346 2408 532 2482 temporibus
547 2426 636 2484 opem
653 2419 684 2473 et
699 2411 843 2475 auxilium
862 2409 951 2475 uobis
973 2411 1114 2481 tulerunt,
1160 2410 1162 2415 ’

86 2496 120 2551 ut
133 2506 191 2555 eos
209 2506 309 2565 paene
324 2490 422 2553 oculis
436 2490 541 2553 videre
558 2509 731 2566 possemus.
761 2494 837 2557 Nutu
850 2501 884 2556 ut
899 2494 950 2557 ille
970 2492 1112 2559 omitum,

85 2572 173 2637 vises
187 2581 337 2637 oportuno
347 2582 485 2648 tempore
495 2575 534 2637 eb
545 2576 704 2641 oeoidente
715 2577 800 2643 ineos
809 2576 1012 2650 ardoremque
1027 2570 1113 2642 oreti,

85 2664 119 2719 ut
133 2655 291 2721 fulminum
306 2657 418 2729 iaetus,
441 2665 474 2719 ut
493 2665 591 2719 terrae
614 2667 714 2723 molus
734 2658 918 2743 relinquero,
935 2666 969 2721 ut
981 2656 1114 2715 omitum

86 2746 218 2812 caetere,
232 2757 313 2815 quoe
327 2748 389 2803 tem
402 2741 496 2803 multo
509 2739 598 2802 nobis
605 2743 784 2809 oonsulibus
795 2744 875 2807 leole
890 2748 970 2811 sunt,
983 2737 1112 2807 11th,

86 2837 168 2895 quoe
180 2839 262 2885 nuno
276 2824 363 2898 liunt,
377 2839 488 2887 uouere
502 2823 535 2887 di
549 2823 732 2889 immortales
743 2826 928 2894 videremur,
946 2821 1006 2883 hoe
1020 2827 1111 2893 nerle,

85 2904 227 2978 Quirites,
241 2907 325 2981 quod
339 2923 407 2973 sum
424 2908 570 2979 dietruus,
586 2924 687 2982 neque
701 2905 998 2982 praetermittendum
1012 2918 1112 2977 neutro

82 2987 320 3063 relinquendum
331 2999 390 3053 est.
424 2989 473 3053 19.
495 2991 569 3051 Nem
584 2992 723 3066 protento
738 2989 885 3051 memorio
900 2987 1008 3053 tenetis
1026 2986 1112 3061 cotra

81 3080 114 3133 et
131 3070 288 3146 Torquato
310 3072 489 3138 oonsulibus
510 3075 683 3149 oomptmes
699 3073 731 3133 in
747 3070 894 3146 Capitolio
908 3087 959 3137 res
972 3072 1011 3141 de
1023 3071 1110 3141 eaelo

80 3171 156 3217 esse
170 3171 354 3231 pereussos,
368 3173 463 3233 quurn
479 3165 511 3219 et
525 3157 686 3220 simuluere
701 3157 830 3219 deorrun
850 3154 979 3230 depulso
993 3162 1065 3221 sunt
1080 3161 1111 3213 et

81 3245 204 3301 statuae
219 3245 356 3305 veterum
369 3238 524 3305 bominum
539 3239 676 3303 deieotee
690 3247 722 3301 et
731 3241 832 3313 legum
846 3254 918 3303 uere
930 3237 1109 3313 liqueluotaz

79 3328 181 3387 laetus
197 3329 246 3383 ost
266 3321 357 3387 etiem
372 3321 437 3395 ille,
468 3323 520 3397 qui
542 3323 621 3385 hene
644 3323 750 3385 urbem
776 3320 927 3396 uendidit,
951 3319 1109 3391 Romulus,

80 3420 175 3479 quem
188 3402 360 3471 manarum
373 3404 405 3467 in
418 3405 583 3480 capitolio,
601 3421 730 3481 pervum
745 3412 837 3480 utque
850 3404 1020 3476 lactentem,
1035 3400 1108 3461 ube-
