2340 3788
95 215 134 279 12
250 217 324 278 PRO
347 217 430 278 SEX.
450 215 588 277 ROSCIO
608 214 782 283 ansaldo
804 214 959 278 ORATIO.

95 371 177 431 idam
191 367 264 429 mihi
283 385 343 429 usu
362 366 446 427 venit
464 368 494 426 in
510 382 603 427 causa
616 366 739 442 optima.
766 366 820 427 lile
834 367 995 442 quomodo
1010 367 1065 430 criu

96 451 339 514 commenticium
361 450 552 511 confirmaret
565 460 627 510 non
644 449 833 510 inveniebam
859 466 918 525 ago
934 466 989 513 res
1003 460 1063 513 tarn

96 551 152 596 ves
174 552 235 611 qua
256 536 374 596 ratione
395 533 542 593 infirmem
562 549 598 593 ac
618 532 730 593 diluam
749 533 885 608 reperire
900 548 963 594 non
982 549 1065 611 ponat

95 617 146 680 43.
159 617 237 701 Quid
250 619 311 690 ais,
325 617 438 677 Erucif
458 617 514 677 'fot
526 615 666 691 praedia,
681 625 742 676 tam
758 617 877 690 pulcra,
891 625 954 678 tam
964 617 1065 679 fructu

97 701 168 762 Sex.
175 701 306 762 Roscius
321 701 383 762 filio
399 716 455 760 suo
469 699 662 773 relegationis
675 715 711 758 ac
726 697 868 774 supplicii
880 699 978 774 gratie
993 702 1065 762 colat

96 801 133 845 ac
153 785 266 845 tuenda
281 783 468 845 tradideratt
498 780 576 855 Quid
589 781 671 841 hocf
697 781 802 842 Patres
818 782 962 856 familias,
979 782 1065 859 quill

96 883 148 930 roa
164 867 291 943 habent,
314 863 492 942 praesertim
511 862 649 923 homines
669 863 749 924 illius
764 863 880 925 ordinis
894 882 934 925 ex
947 866 1065 941 muniuit

95 949 272 1024 rusticanis,
294 964 394 1009 nonne
414 946 636 1021 optatissimum
656 946 714 1007 sibi
733 954 839 1022 putant
861 949 1032 1010 esseillius

95 1035 143 1095 rei
162 1033 300 1093 familiari
321 1029 451 1089 maxime
474 1027 589 1088 servire
612 1037 642 1089 et
655 1029 685 1088 in
702 1028 836 1105 praediis
851 1030 991 1092 colendis
1006 1046 1065 1108 opat

96 1116 257 1192 plurimum
281 1112 435 1187 studiique
457 1119 658 1172 consumeret
697 1110 748 1173 44.
769 1115 819 1173 Αιι
839 1114 1065 1176 amandaratht

97 1201 157 1270 sic,
179 1206 213 1258 ut
226 1205 311 1257 esset
324 1197 354 1254 in
368 1211 442 1270 agro
457 1211 493 1256 ac
507 1201 621 1256 tantun
635 1198 727 1256 modo
741 1197 872 1255 aleretur
886 1197 927 1257 ad
940 1196 1061 1258 villam

97 1280 264 1340 commodis
290 1277 430 1340 omnibus
455 1285 591 1338 careret?
630 1277 728 1350 Quina
755 1277 783 1338 si
807 1288 928 1340 constat
951 1278 1033 1342 hunc
1054 1294 1065 1339 ι

97 1363 188 1422 modo
209 1362 346 1422 colandis
370 1362 504 1437 praediis
518 1361 706 1437 praefuisse,
728 1362 891 1422 sed-certis
914 1363 1018 1424 fundis
1031 1380 1065 1439 pa

97 1444 167 1505 vivo
184 1445 242 1520 frui
263 1445 384 1506 solitum
404 1450 496 1506 esset
521 1453 662 1505 tamenne
682 1447 759 1504 haec
778 1452 891 1506 attenta
910 1445 971 1507 vita
985 1454 1017 1506 et
1029 1462 1065 1507 ru

96 1544 174 1588 cana
189 1527 333 1602 relegatio
346 1536 438 1602 atqua
458 1528 628 1589 amandatio
644 1528 866 1603 appellabitur?
893 1528 1004 1601 Vides,
1016 1528 1065 1588 En

96 1619 241 1687 quantum
260 1610 352 1672 distet
363 1611 579 1685 argumentatio
597 1619 649 1671 tua
661 1613 699 1670 ab
713 1628 747 1671 ra
761 1610 830 1686 ipsa
846 1619 939 1687 atque
953 1611 1065 1673 averit

97 1694 185 1768 Quod
207 1695 428 1755 consuetudine
451 1702 554 1770 patres
575 1694 701 1767 faciunt,
720 1694 751 1753 id
772 1694 861 1769 quasi
880 1707 993 1756 navum
1015 1710 1065 1771 rep

95 1777 220 1837 luendis:
247 1778 331 1852 quod
349 1774 562 1839 benevolentia
580 1777 629 1851 fit,
655 1776 687 1837 id
709 1776 779 1837 odio
801 1778 913 1838 factum
933 1776 1065 1838 crimina

97 1862 181 1937 quod
196 1861 322 1922 honoris
337 1877 432 1922 causa
445 1870 532 1938 pater
542 1861 604 1921 filio
622 1877 678 1922 suo
694 1861 861 1934 concessit,
873 1861 906 1921 id
919 1876 988 1947 eum
1002 1876 1065 1937 sup}

96 1945 247 2006 cfircausa
260 1943 372 2005 fecisse
386 1945 473 2005 dicis.
493 1943 543 2006 45.
557 1945 664 2018 Neque
675 1943 751 2002 haec
764 1952 797 2004 tu
811 1960 872 2005 non
889 1944 1047 2020 intelligis,
1061 1963 1065 2003 ι

95 2045 195 2103 usque
215 2045 252 2088 eo
276 2026 350 2102 quid
364 2045 475 2102 arguas
489 2044 550 2087 non
565 2029 676 2100 habeS,
696 2034 731 2086 ut
750 2043 811 2088 non
824 2029 926 2088 *modo
942 2028 997 2089 tibi
1015 2042 1065 2089 cor

95 2126 154 2169 nos
176 2110 338 2169 dicendum
359 2119 465 2185 putes,
494 2127 601 2170 verum
627 2110 717 2169 etiam
738 2118 844 2177 contra
859 2126 962 2170 rerum
982 2119 1065 2173 nunu

97 2199 263 2265 contraque
294 2193 544 2254 consuetudinem
576 2193 732 2253 hominum
759 2202 927 2268 contraque
957 2193 1065 2271 opinio

97 2272 239 2333 omnium.
281 2274 360 2333 XVI.
377 2277 419 2336 At
433 2275 512 2334 enim
534 2292 626 2349 quum
646 2277 725 2336 duos
739 2276 820 2337 filios
837 2276 979 2351 haberet,
993 2276 1065 2337 alt'er

96 2371 163 2415 ase
177 2372 239 2415 non
257 2355 437 2430 dimittebat,
459 2359 585 2418 alterum
605 2359 668 2420 ruri
688 2374 759 2419 esse
777 2359 956 2435 patiebatur.
989 2360 1065 2435 Quae

67 2454 69 2458 ⁴
96 2438 203 2513 Eruci,
223 2446 257 2498 ut
276 2438 335 2498 hoc
356 2439 388 2499 in
408 2443 519 2500 bonam
531 2451 647 2516 partem
660 2441 810 2517 accipias:
832 2459 893 2502 non
910 2442 991 2503 enim
1008 2458 1065 2519 exp

96 2521 205 2582 brandi
225 2537 333 2593 causa,
357 2524 414 2583 sed
435 2525 647 2584 commonendi
673 2526 769 2600 gratia
790 2525 897 2586 dicam.
936 2524 988 2588 46.
1012 2526 1047 2588 Si

94 2608 216 2668 fortuna
236 2622 297 2665 non
319 2605 403 2666 dedit
418 2615 453 2666 ut
472 2616 559 2682 patre
573 2618 656 2670 certo
669 2624 846 2682 nascerere,
868 2625 907 2668 ex
929 2626 991 2685 quo
1012 2611 1065 2671 ina

95 2706 167 2766 gere
183 2705 299 2765 posses
319 2690 371 2764 qui
391 2689 509 2749 animus
530 2692 646 2766 patrius
666 2691 697 2751 in
715 2691 828 2752 liberos
845 2700 943 2764 esset,
963 2702 995 2753 at
1014 2700 1065 2753 nat

95 2781 176 2833 certe
189 2772 275 2833 dedit
295 2780 328 2832 ut
342 2772 536 2833 humanitatis
557 2790 617 2836 non
637 2791 744 2850 parum
764 2774 910 2835 haberes:
931 2790 969 2834 eo
987 2790 1064 2837 acce

96 2855 227 2916 studium
255 2855 427 2929 doctrinae,
454 2865 549 2917 utne
574 2859 717 2919 alitteris
739 2857 861 2933 quidem
885 2859 1003 2919 alienus
1020 2874 1065 2920 est

91 2936 214 3009 Ecquid
234 2940 353 2999 tandem
374 2938 428 2999 tibi
441 2940 574 3013 videtur,
597 2949 631 3002 ut
644 2941 685 3001 ad
698 2942 817 3002 fabulas
827 2942 1003 3015 veniamus,
1024 2957 1065 3003 set

93 3017 145 3078 ille
170 3019 358 3096 Caecilianus
382 3022 506 3083 minoris
531 3025 632 3085 facere
659 3024 830 3101 Eutychum
854 3024 949 3085 fllium
973 3025 1065 3085 rustic

95 3117 186 3176 qnam
199 3101 282 3162 illurn
302 3107 428 3165 alterum
442 3106 706 3167 Chaerestratumt
725 3124 859 3181 -nam,
872 3117 906 3170 nt
919 3105 1047 3183 opinor,
1061 3106 1065 3167 i

93 3182 217 3245 nomine
228 3193 276 3246 est
287 3210 344 3242 -ι
360 3190 487 3248 alterurn
501 3189 532 3248 fn
545 3190 621 3249 urbe
636 3205 739 3250 secum
753 3189 879 3251 honoris
890 3206 987 3251 causa
998 3190 1065 3251 hafn

93 3267 221 3328 alterum
240 3283 294 3328 rus
315 3269 457 3345 supplicii
478 3287 572 3331 causa
597 3274 775 3346 relegasset
806 3272 857 3336 47.
882 3273 960 3348 Quid
982 3274 1023 3334 ad
1045 3273 1065 3334 it

92 3349 223 3425 ineptias
238 3351 326 3412 abist
345 3351 476 3426 inquies.
503 3354 595 3427 Quasi
611 3369 684 3414 vero
698 3355 771 3415 mihi
786 3356 910 3417 difficile
925 3356 964 3417 sit
980 3372 1065 3433 quan

93 3435 204 3497 mdtos
225 3433 399 3494 nominatim
414 3437 567 3510 proferre,
587 3452 627 3497 ne
645 3437 766 3513 longius
783 3440 907 3513 abeam,
927 3441 978 3500 vel
993 3439 1065 3501 triba
