2340 3788
129 183 195 250 llll
234 246 238 251 ,
410 179 487 242 PRO
500 181 535 239 L.
549 180 714 240 MURENA
727 176 881 241 banuo.

129 348 262 412 qnorum
278 328 364 391 alteri
378 344 440 389 uno
454 329 589 392 adventu
597 331 695 391 nostri
708 333 861 392 exercitas
874 330 966 392 deleti
978 339 1061 404 sunt,
1076 333 1164 394 alteri

93 471 98 478 .
128 415 228 478 nostri
244 411 363 489 imperii
384 411 539 487 pracsidio
554 413 747 488 disciplinam
761 430 849 474 auam
867 416 1018 490 legesque
1036 412 1161 478 c'onser-

129 508 212 560 vant.
237 496 369 557 xxxvl.
381 493 432 558 75.
451 495 517 569 Qua
528 513 564 557 re
576 496 649 570 noli,
662 496 745 570 Cato,
760 497 907 558 maiorum
917 497 1066 572 instituta,
1082 516 1161 574 quae

48 648 53 655 ,
128 599 182 643 res
195 583 272 656 ipsa,
288 595 368 656 quae
383 578 563 640 diuturnitas
577 579 696 654 imperii
710 581 898 656 comprobat,
912 580 1040 641 nimium
1052 598 1161 643 severa

129 664 268 728 oratione
288 662 524 739 reprehendere.
558 661 627 722 mut
644 662 753 724 eodem
772 679 814 722 ex
833 663 935 725 studio
955 662 1004 722 vir
1024 665 1160 726 eruditus

129 748 213 824 apud
226 755 331 824 patres
347 754 471 807 nostros
485 754 515 806 et
528 745 678 806 honestus
691 745 784 806 homo
799 754 830 806 et
843 745 965 820 nobilis,
979 746 1015 820 Q.
1030 747 1158 808 Tubero.

128 834 168 905 is,
187 848 280 907 quum
293 831 418 906 epulum
428 828 462 902 Q.
475 827 628 888 Maximus
640 828 776 889 Africani
791 828 890 903 patrui
904 827 953 888 sui
966 829 1093 891 nomine
1106 848 1159 907 po·

128 917 201 992 pulo
212 916 350 976 Romano
363 913 459 985 daret,
473 920 600 987 rogatus
614 919 662 971 est
674 911 846 985 aMaximo,
861 920 897 972 ut
907 911 1072 974 triclinium
1086 923 1158 974 ster·

128 1006 229 1073 neret,
256 1013 351 1073 quum
373 1003 457 1057 esset
475 995 595 1055 Tubero
616 993 754 1055 eiusdem
771 994 907 1054 Africani
930 996 1049 1056 sororis
1068 997 1158 1057 filius.

126 1085 231 1158 Atque
245 1079 311 1152 ille,
329 1080 422 1140 bomo
436 1076 658 1139 emditissimus
675 1092 712 1136 ac
728 1077 866 1151 Stoicus,
884 1078 992 1138 stravit
1008 1078 1158 1155 pelliculis

127 1162 269 1224 haedinis
287 1163 416 1223 lectulos
432 1162 603 1222 Punicanos
622 1169 653 1221 et
672 1159 817 1237 exposuit
834 1177 912 1221 vasa
928 1159 1049 1222 Samiaz
1070 1163 1159 1238 quasi

128 1262 203 1308 vero
223 1252 308 1306 esset
320 1245 474 1319 Diogenes
489 1243 623 1323 Cynicus
636 1252 775 1305 mortuus
792 1252 823 1304 et
839 1260 901 1305 non
920 1243 1015 1305 divini
1028 1246 1157 1307 hominis

128 1329 263 1390 Atricani
282 1344 366 1388 mors
383 1327 609 1389 honestaretur=
639 1344 730 1403 quem
751 1343 846 1402 quum
862 1344 1007 1403 supremo
1022 1329 1088 1389 eius
1110 1328 1158 1388 die

127 1411 279 1472 Maximus
299 1409 451 1483 laudaret,
472 1410 584 1486 gratias
605 1411 667 1486 egit
686 1411 735 1471 dis
753 1410 989 1485 immortalibus,
1010 1409 1158 1487 quoditle

127 1494 176 1554 vir
189 1494 221 1554 in
234 1494 294 1554 bac
306 1509 342 1553 re
355 1493 478 1568 publica
495 1493 688 1569 potissimum
706 1502 795 1555 natus
813 1503 911 1555 esset:
935 1510 1065 1556 necesse
1078 1493 1159 1555 enim

127 1577 225 1638 luisse
242 1575 286 1637 ibi
305 1592 376 1637 esse
391 1585 538 1638 terrarum
549 1576 723 1654 imperium,
741 1578 795 1638 ubi
810 1576 862 1637 ille
882 1586 976 1639 esset
1015 1577 1115 1639 Huius
1128 1575 1158 1636 in

127 1667 224 1722 morte
238 1659 423 1721 celebranda
437 1659 569 1735 graviter
587 1661 654 1722 tulit
671 1662 806 1737 populus
820 1661 977 1721 Romanus
992 1660 1073 1720 hanc
1090 1676 1157 1736 pcr-

126 1760 249 1806 versam
260 1742 441 1819 sapientiam
450 1743 630 1805 Tuberonis.
654 1742 705 1806 76.
716 1745 823 1820 ltaque
831 1743 925 1804 bomo
936 1743 1157 1819 integerrimus,

40 1860 44 1867 ·
128 1826 205 1889 civis
224 1826 374 1903 optimus,
394 1844 488 1903 quum
509 1836 594 1888 esset
606 1829 640 1891 L.
653 1826 748 1888 Paulli
770 1843 885 1903 nepos,
906 1827 939 1887 P.
953 1826 1106 1900 Africani,
1125 1833 1158 1887 ut

126 1910 206 1986 dixi,
217 1912 346 1984 ,sororis
360 1910 457 1985 filius,
478 1910 527 1970 his
543 1909 684 1973 haedinis
699 1909 851 1986 pelliculis
865 1918 1007 1986 praetura
1020 1899 1158 1971 deiectus

126 2002 184 2056 est
224 1994 293 2056 Odit
312 1995 447 2069 populus
466 1994 623 2054 Romanus
643 1993 793 2069 privatam
816 1992 981 2068 luxuriam,
1005 1993 1159 2068 publicam

125 2076 380 2151 magnificentiam
395 2075 506 2151 diligite
531 2091 593 2136 non
607 2085 688 2136 amat
703 2078 847 2152 profusas
863 2076 986 2151 epulas,
1004 2076 1114 2137 sordes
1130 2084 1159 2136 et

126 2159 373 2220 inhumanitatem
387 2157 606 2220 multominus.
641 2159 803 2234 Distinguit
822 2158 971 2249 rationem
988 2159 1159 2221 officiorum

127 2257 165 2301 ac
175 2249 353 2316 temporum,
365 2239 606 2302 vicissitudinem
617 2242 731 2302 laboris
742 2258 778 2302 ac
791 2241 965 2317 voluptatis.
988 2242 1063 2302 Nam
1075 2243 1159 2317 quod

127 2322 174 2383 ais
188 2325 319 2384 nullane
333 2323 424 2384 adlici
437 2323 592 2384 hominurn
604 2333 722 2385 mantes
737 2333 878 2400 oportere
894 2325 934 2384 ad
951 2323 1159 2401 magistratum

126 2406 332 2467 mandandum
351 2407 412 2468 nisi
432 2407 590 2483 dignitate,
611 2406 671 2466 hoc
688 2416 722 2468 tu
741 2409 823 2483 ipse,
843 2407 874 2467 in
892 2425 955 2483 quo
979 2425 1097 2469 summa
1112 2416 1158 2469 est

127 2487 275 2566 dignitas,
296 2505 357 2550 non
375 2506 491 2552 servas.
513 2490 586 2557 ,Gur
600 2489 679 2552 enim
695 2507 893 2566 quemquam,
911 2500 944 2551 ut
957 2492 1081 2552 studeat
1095 2491 1158 2566 tibi,

126 2582 161 2634 ut
174 2580 204 2633 te
218 2572 350 2646 adiuvet,
372 2581 485 2649 rogast
512 2575 615 2649 Rogas
630 2582 661 2634 tu
676 2590 734 2646 me,
750 2581 783 2633 ut
796 2573 869 2633 mihi
883 2573 1012 2649 praesis,
1029 2582 1064 2636 ut
1078 2591 1157 2635 com-

126 2656 240 2717 mittam
255 2672 313 2733 ego
334 2672 382 2716 me
401 2656 465 2716 tibi.
500 2656 577 2731 Quid
593 2657 737 2717 tandemt
763 2657 845 2717 Istuc
859 2673 907 2717 me
920 2656 1023 2731 rogari
1039 2664 1158 2734 oportet

95 2746 98 2751 '
127 2740 184 2800 abs
206 2748 236 2800 te
250 2756 289 2800 an
306 2747 335 2800 te
352 2739 455 2816 potius
471 2759 488 2801 a
508 2756 571 2812 me,
596 2749 629 2801 ut
646 2757 701 2816 pro
724 2756 792 2799 mea
806 2741 903 2800 salute
923 2741 1060 2801 laborem
1080 2739 1157 2817 peri-

128 2824 291 2899 culumque
306 2822 480 2897 suscipias?
507 2821 557 2884 77.
574 2823 673 2896 Quina
688 2824 771 2898 quod
782 2823 877 2884 habes
889 2825 1158 2897 nomenclatorem,

128 2903 159 2963 in
174 2920 211 2967 eo
228 2905 351 2980 quidem
367 2905 445 2966 fallis
462 2913 493 2966 et
506 2906 633 2982 decipis.
669 2904 788 2967 Nam'si
802 2905 924 2968 nomine
938 2908 1088 2983 appellari
1101 2907 1159 2967 abs

128 2994 159 3047 te
173 2987 256 3050 cives
272 2997 342 3052 tuos
356 2989 519 3050 honestum
531 2998 586 3063 est,
602 2998 690 3065 turpe
702 2998 749 3050 est
759 3005 815 3049 eos
828 2990 963 3052 notiores
979 3005 1052 3050 esse
1067 3006 1158 3052 servo

129 3072 349 3151 tuopquamtibi.
372 3072 434 3147 Sin,
447 3072 535 3133 etiam
543 3073 670 3146 sinonis,
680 3081 779 3134 amen
793 3088 849 3148 per
859 3073 1039 3134 monitorem
1051 3075 1157 3150 appel-

129 3151 212 3209 landi
227 3163 311 3228 sunt,
335 3171 389 3216 cur
405 3164 475 3216 ante
488 3157 568 3233 petis
591 3172 681 3231 quam
695 3155 917 3217 insusurravit?
955 3156 1054 3230 Quidt
1075 3157 1157 3233 quod

132 3246 225 3308 quum
239 3237 419 3310 admoneris,
435 3247 544 3311 tamen,
562 3237 651 3314 quasi
664 3248 726 3300 tute
741 3239 833 3312 noris,
851 3239 893 3300 ita
908 3240 1045 3300 salutas?
1070 3239 1155 3314 Quid,

131 3322 240 3388 postea
252 3335 342 3392 quam
352 3336 387 3380 es
399 3321 585 3397 designatus,
598 3324 690 3383 multo
703 3324 816 3383 salutas
829 3323 1053 3398 negligentius?
1073 3324 1156 3382 ilaec

119 3400 233 3461 omnia
249 3401 289 3461 ad
304 3401 451 3465 rationem
466 3403 595 3466 civitatis
616 3403 642 3466 si
659 3403 786 3481 dirigas,
809 3413 892 3466 recta
913 3414 997 3466 sunt:
1022 3405 1070 3466 siu
1087 3421 1154 3481 per·
