2340 3788
110 195 176 263 ³76
357 192 431 253 PRO
444 192 486 251 Μ.
500 190 708 253 masconta
724 190 883 253 ORATIO.
1101 39 1136 405 J

192 346 215 405 1.
231 339 412 405 autumni
434 336 558 415 silentii,
580 349 683 416 patres
707 339 895 417 conscripti,
919 360 989 419 quo
1013 361 1091 405 eram

107 426 298 503 temporibus
312 441 404 496 usus,
419 440 480 483 non
493 422 601 484 timore
616 421 729 497 aliquo,
743 424 801 483 sed
815 425 936 498 partim
953 427 1076 501 dolore,
1089 442 1122 505 pat

106 510 163 571 tim
176 507 361 569 verecundia
375 506 466 566 finem
480 506 646 567 hodiernus
661 505 727 565 dics
743 507 849 579 attulit,
866 506 1031 585 idemque
1043 508 1120 591 initia¹

110 608 192 668 quae
216 593 324 652 vellem
345 603 485 663 quaeque
507 589 650 648 sentirem
670 603 739 649 meo
761 588 895 662 pristino
911 588 1010 655 ruore
1028 592 1121 655 dcent

107 675 233 735 Tantam
248 672 327 734 enim
343 670 630 744 mansuetudinem·
640 678 700 730 tarn
723 669 901 732 inusitatam
918 673 1092 737 inauditam

109 756 314 829 clementiam,
336 761 450 814 tantum
467 753 497 812 in
512 769 629 813 summa
642 760 794 827 potestate
808 753 952 816 omnium
974 774 1080 819 rerum

3 870 6 874 ·
109 841 192 913 dum,
207 847 267 899 tam
282 836 414 910 denique
425 835 631 897 incredibilem
645 835 825 909 sapientiam
842 853 879 896 ac
897 855 1012 913 paene
1025 841 1083 901 divi

107 921 219 983 tacitus
235 919 400 996 praeterire
416 920 497 978 nullo
516 918 606 977 modo
623 933 759 992 possum.
796 917 826 977 2.
842 918 884 978 Μ.
902 920 994 981 enim
1011 923 1046 983 M

108 1002 214 1078 vobis,
230 1011 333 1079 patres
351 1000 531 1077 conscripti,
552 1000 659 1074 reique
674 1000 814 1074 publicae
829 1002 979 1079 reddito,
997 1006 1103 1067 non''

109 1088 219 1161 solum,
234 1086 291 1147 sed
306 1084 395 1145 etiam
409 1100 507 1144 meam
523 1098 629 1143 vocem
643 1090 673 1142 et
687 1083 1059 1149 auctoritatemetvobis
1070 1084 1122 1171 cttt't

109 1169 251 1245 publicae
273 1174 484 1236 conservatam
504 1182 541 1226 ao
561 1166 729 1226 restitutam
748 1174 832 1240 puto.
880 1166 1048 1231 Dolebam
1066 1170 1123 1235 cunr

108 1260 214 1329 patres
229 1248 409 1323 conscripti,
423 1257 453 1309 et
469 1249 662 1309 vehementer
675 1248 816 1322 angebar,
834 1265 935 1322 quum
949 1250 1117 1315 videremri

107 1334 298 1404 rumtalem,
318 1330 421 1406 quiin
442 1332 549 1390 eadem
569 1346 664 1391 causa
686 1337 783 1404 esset,
804 1329 917 1406 inqua
934 1350 1002 1409 ego
1053 1336 1060 1350 ‘

109 1413 212 1475 nonin
227 1413 335 1473 eadam
350 1428 421 1472 esse
435 1414 561 1484 fortuna,
579 1428 637 1472 nec
651 1412 723 1471 milri
733 1414 926 1495 persuadere
937 1427 1117 1491 poteramus

108 1498 157 1555 las
172 1511 243 1556 essa
260 1494 409 1556 ducebam
422 1494 536 1554 versari
547 1502 595 1554 me
608 1494 640 1554 in
663 1504 768 1556 nostro
786 1502 892 1556 vetere
919 1500 1079 1563 curriculo

108 1578 228 1637 aemulo
245 1584 337 1653 atque
351 1577 499 1639 imitatore
514 1577 682 1638 studiorum
695 1593 732 1637 ac
747 1578 883 1639 laborum
899 1597 1053 1645 meorum
1066 1578 1117 1661 qna

110 1660 246 1735 quodam
262 1658 347 1720 socio
364 1676 382 1720 a
396 1675 445 1720 ma
462 1666 492 1720 et
506 1659 615 1720 comite
629 1661 783 1722 distracto.
825 1662 909 1736 Ergo
926 1666 1056 1729 etmihi
1067 1678 1117 1727 mat

110 1741 258 1818 pristinae
272 1742 353 1802 vitae
368 1742 632 1816 consuetudinem,
655 1743 686 1803 c.
707 1743 833 1817 Caesar,
855 1743 1117 1823 interclusamtpt

108 1824 196 1886 ruisti
212 1824 304 1887 ethis
321 1825 461 1885 omnibus
476 1826 516 1885 ad
529 1826 607 1885 bene
621 1826 659 1885 de
675 1824 756 1885 omni
772 1827 947 1900 republica
959 1832 1117 1907 speranda

110 1908 198 1983 quasi
226 1907 345 1983 signum
368 1907 492 1983 aliquod
522 1907 679 1969 sustulisti.
730 1907 760 1969 3.
782 1908 988 1974 Intellectum·
1004 1922 1054 1977 est
1072 1912 1117 1976 enit

109 1989 183 2050 mihi
198 1990 320 2065 quidem
333 1989 365 2050 in
380 1991 480 2051 multis
496 1998 526 2051 et
541 1989 671 2073 maxime
685 1990 715 2050 iu
726 2007 774 2051 me
788 1990 867 2065 ipso,
882 1996 952 2055 scd·
962 1999 1118 2071 paulloart

107 2070 139 2133 in
152 2072 300 2146 omnibus,
320 2090 412 2146 quum
423 2073 464 2132 Μ.
475 2074 650 2133 Marcellum
662 2074 779 2134 senatui
790 2073 896 2147 reique
912 2078 1120 2151 publicaecor

109 2153 248 2229 cessisti,
272 2156 513 2215 commemoratis
531 2157 707 2229 praesertim
725 2155 969 2233 offensionibus,
995 2170 1031 2224 te
1050 2171 1121 2225 aucto

107 2236 226 2297 ritatem
247 2237 337 2296 huius
354 2237 468 2297 ordinis
481 2237 715 2313 dignitatemque
729 2239 774 2298 rei
791 2238 936 2313 publicae
949 2244 1017 2306 tuis
1034 2248 1081 2306 vel
1091 2246 1121 2303 dc

110 2317 225 2378 loribus
254 2319 301 2377 vel
321 2319 547 2393 suspicionibus
576 2321 733 2381 anteferre.
783 2322 840 2379 llle
860 2314 994 2394 quidem
1021 2330 1132 2391 frudun

110 2398 208 2460 omnis
224 2408 393 2462 anteactae
411 2401 489 2462 vitae
503 2402 651 2463 hodierno
677 2403 726 2462 die
740 2403 902 2463 maximum
930 2412 1037 2485 cepit,
1060 2386 1134 2493 quuu'i

110 2498 228 2543 summo
254 2498 408 2545 consensu
423 2492 547 2544 senatus
562 2494 623 2545 turn
642 2496 800 2559 praeterea
817 2485 934 2548 iudicio
963 2500 1021 2555 tuo
1037 2493 1134 2571 gravia*

109 2564 186 2626 simo
202 2573 232 2626 et
249 2566 389 2627 maximo.
432 2568 478 2626 Ex
500 2583 560 2641 quo
582 2569 718 2642 prolecto
734 2568 873 2643 intelligis
890 2582 1018 2643 quanta
1036 2579 1068 2638 in
1080 2579 1134 2645 dubi

108 2647 258 2708 benelioio
274 2648 313 2710 sit
329 2651 405 2722 laus,
419 2666 511 2724 quum
528 2649 557 2708 in
570 2658 696 2724 accepto
712 2651 750 2711 sit
767 2660 848 2712 tanta
861 2653 974 2726 gloria.
1006 2659 1066 2721 Est
1078 2648 1134 2718 reru!

108 2730 358 2804 fortunatusille,
382 2733 469 2792 cuius
484 2735 633 2793 exsoluta
650 2750 709 2803 non
724 2733 822 2794 minor
846 2751 948 2808 paene
975 2742 1023 2800 ad
1045 2742 1135 2805 omno'

111 2815 256 2890 quomod
271 2812 371 2886 ipsum
387 2825 512 2875 ventura
527 2815 565 2875 sit
581 2815 691 2875 laetitia
705 2816 891 2891 pervenerim
916 2817 950 2880 4.
979 2828 1072 2899 quod
1085 2821 1126 2899 qni
1143 2866 1148 2879 .

109 2896 179 2955 dem
194 2894 222 2954 ei
233 2895 338 2956 merito
355 2904 446 2970 atque
461 2897 573 2971 optimo
589 2900 652 2958 iure
671 2899 802 2973 contigit.
839 2899 912 2972 Quis
928 2906 1019 2965 enim
1036 2918 1085 2970 est
1097 2908 1128 2967 illo
1146 2974 1155 2987 ι

108 2985 161 3037 aut
179 2978 333 3038 nobilitate
349 2988 400 3038 aut
414 2980 563 3053 probitate
578 2989 629 3040 aut
644 2982 823 3055 optimorum
843 2982 954 3044 artium
975 2991 1084 3053 studio
1097 2992 1128 3049 Μ

106 3054 281 3120 innocentia
296 3072 347 3122 aut
364 3063 425 3122 ullo
441 3061 539 3122 laudis
556 3079 666 3137 genere
685 3061 906 3138 praestantiort
1135 3030 1139 3099 ¹

79 3216 83 3225 Ι
169 3141 206 3199 Π.
226 3144 341 3205 Nullius
353 3153 466 3205 tantum
482 3144 594 3206 llumen
611 3155 657 3206 est
671 3147 790 3222 ingenii,
816 3147 926 3207 nullius
947 3150 1080 3215 dicendi
1097 3162 1130 3213 aut

107 3220 263 3284 scribendi
276 3235 358 3286 tanta
373 3227 438 3301 vis,
461 3237 542 3288 tanta
557 3229 659 3304 copia,
684 3246 762 3304 quae
783 3247 843 3290 non
865 3232 968 3293 dicam
984 3250 1129 3301 exornant

106 3306 164 3365 sed
180 3321 336 3382 enarrare,
352 3309 382 3368 C.
399 3311 525 3384 Caesar,
539 3329 589 3371 res
604 3320 670 3371 tuas
686 3322 788 3386 gestas
801 3314 909 3388 possit.
957 3317 1078 3382 Tamen
1093 3317 1129 3379 Μ

103 3384 194 3447 firmo
210 3398 239 3448 et
255 3389 314 3449 hoc
328 3407 405 3464 paca
420 3394 518 3453 dicam
531 3402 598 3465 tua,
621 3396 731 3454 nullam
748 3395 778 3455 in
794 3395 841 3456 his
858 3397 985 3461 laudem
996 3418 1074 3466 esse
1085 3416 1127 3463 arr
