2340 3788
1039 147 1054 173 d·

354 181 435 240 cnr.
451 188 581 244 ιιι-ιι.
603 187 629 247 s.
648 187 812 244 ιιι-ιιι.
1023 182 1079 255 est

63 330 204 394 auxerint
217 339 268 392 aut
283 330 472 391 defenderint
485 337 535 390 aut
550 328 707 404 servarint,
724 345 795 390 esse
808 331 1004 394 immortalem
1019 304 1096 415 gli-¹

63 417 140 478 riam
155 421 349 474 consecutos.
1089 455 1095 461 -

147 497 247 556 LXIX.
262 493 333 557 144.
355 497 416 556 Sed
432 513 479 556 rne
493 505 634 570 repente,
651 495 782 567 iudices,
800 497 838 556 de
853 497 1084 559 fortissimorum

64 591 95 643 et
108 579 345 649 clarissimorum
362 579 471 640 civium
485 577 628 652 dignitate
643 588 674 639 et
686 578 782 652 gioria
796 577 946 639 dicentem
957 589 988 640 et
997 583 1084 655 plura

63 664 154 725 etiarn
172 663 273 722 dicere
287 669 443 738 parantem
457 662 564 722 horum
579 669 722 736 aspectus
735 662 765 720 in
781 662 849 737 ipso
866 678 957 722 cursu
974 664 1083 724 oratio·

63 747 113 807 nis
130 745 285 820 repressit
318 745 462 805 VideoP.
485 745 631 816 Sestium,
653 760 739 804 meae
754 743 875 817 salutis,
897 753 1016 805 vestrae
1030 732 1083 806 au·

63 829 219 902 ctoritatis,
233 827 372 903 publicae
383 844 493 888 causae
506 828 706 900 defensorem,
721 835 986 903 propugnatorem,
1002 837 1084 889 acto·

61 929 142 985 rem,
163 927 264 970 reum:
292 910 379 970 video
404 911 484 970 hunc
504 918 723 985 praetextatum
740 910 805 971 eius
820 888 918 971 filiuni
929 911 1027 970 oculis
1041 912 1082 970 la·

64 995 258 1056 erimantibus
273 1010 321 1052 me
335 993 512 1055 intuentem=
528 993 619 1053 video
630 993 782 1066 Milonem,
797 992 948 1053 vindicem
964 1002 1083 1054 vestrae

61 1076 225 1149 libertatis,
255 1077 412 1137 custodem
434 1074 540 1136 salutis
561 1092 662 1147 meae,
688 1076 856 1137 subsidium
876 1075 1017 1137 adflictae
1037 1076 1084 1137 rei

61 1161 211 1236 publicae,
226 1160 438 1220 exstinctorem
451 1158 608 1221 domestici
618 1159 775 1232 latrocinii,
790 1174 999 1234 repressorem
1014 1175 1082 1218 cae-

63 1243 111 1304 dis
128 1242 305 1338 cotidianae,
321 1243 513 1304 defensorem
527 1243 707 1316 templorum
722 1252 812 1316 atque
824 1250 979 1314 tectorum,
994 1258 1082 1338 prae·

64 1327 173 1386 sidium
189 1325 299 1399 curiae,
314 1325 500 1386 sordidatum
515 1334 653 1385 atreum:
668 1325 802 1388 videor>
813 1325 981 1399 Lentulum,
996 1324 1083 1385 cuius

63 1425 121 1483 ego
141 1417 256 1484 patrem
277 1410 367 1470 deum
389 1425 426 1469 ac
445 1417 601 1485 parentem
622 1416 721 1491 statuo
743 1410 882 1470 fortunae
896 1424 933 1467 ac
952 1407 1083 1469 nominis

61 1491 122 1551 mei
137 1499 166 1552 et
180 1491 279 1552 fratris
292 1509 455 1567 rerumque
470 1486 670 1563 nostrorum}
677 1492 707 1551 in
729 1490 788 1551 hoc
811 1491 923 1554 misero
938 1493 1083 1566 squalore

63 1584 94 1635 et
115 1564 272 1635 sordibus·
295 1575 343 1636 cui
365 1576 505 1652 superior
524 1591 621 1634 annus
642 1538 723 1634 idem
747 1581 777 1634 et
799 1574 917 1637 virilem
937 1573 1032 1649 patris
1053 1581 1083 1635 ct

58 1666 248 1741 praetextam
268 1657 374 1732 populi
393 1657 504 1718 iudicio
520 1664 640 1730 togam
637 1655 768 1737 dederit,
776 1655 868 1721 hunc
883 1659 942 1717 hoc
956 1673 1036 1717 anno
1050 1657 1083 1716 in

58 1741 118 1798 hac
140 1742 222 1811 toga
227 1740 400 1811 rogationis
420 1738 636 1801 iniustissimae
659 1700 799 1798 subitam·
812 1739 1004 1798 acerbitatem
1025 1755 1082 1814 pro

51 1828 149 1896 ‘patre
166 1818 330 1880 fortissimo
347 1829 377 1881 et
391 1816 558 1879 clarissimo
571 1819 637 1878 cive
650 1821 870 1895 deprecantem.
893 1817 964 1883 145.
981 1824 1082 1895 Atque

57 1905 110 1962 hic
125 1909 169 1961 tot
186 1900 333 1960 attaliam
350 1901 462 1961 civium
479 1901 613 1975 squalor,
627 1900 676 1960 hic
690 1903 799 1972 luctus,
817 1901 874 1961 bae
890 1902 998 1961 sordes
1013 1919 1082 1960 sus-

59 1993 168 2058 ceptae
188 1991 259 2042 sunt
279 1991 403 2058 propter
422 2001 515 2044 unum
535 1999 599 2057 me,
621 1983 691 2058 quia
712 2000 759 2043 me
774 1984 988 2057 defenderunt,
1011 1982 1083 2057 quia

59 2083 162 2128 meum
178 2082 281 2125 casum
296 2066 471 2142 luctumque
488 2067 662 2139 doluerunt,
682 2066 753 2142 quia
767 2083 814 2126 me
829 2065 943 2139 lugenti
957 2067 1080 2139 patriae,

59 2148 208 2223 flagitanti
223 2149 357 2222 senatui,
380 2149 520 2225 poscenti
535 2148 652 2223 Italiae,
669 2149 756 2210 vobis
772 2150 911 2223 omnibus
927 2149 1080 2210 orantibus

57 2231 265 2292 reddiderunt.
287 2231 374 2304 Quod
387 2241 501 2294 tantum
516 2233 603 2294 estin
615 2250 662 2293 rna
674 2235 795 2294 scelus?
810 2231 883 2307 quid
895 2241 975 2293 tanto
988 2248 1082 2308 opere

60 2313 175 2388 deliqui
191 2313 241 2373 illo
259 2313 322 2384 die,
340 2332 431 2388 quum
446 2316 485 2375 ad
500 2332 557 2376 vos
570 2314 696 2390 indicia,
717 2315 845 2390 litterae,
868 2317 1079 2377 confessiones

59 2398 229 2457 communis
244 2394 327 2457 exitii
342 2398 449 2471 detuli,
466 2417 558 2474 quum
572 2397 659 2472 parui
674 2397 786 2459 vobis?
807 2401 853 2460 Ac
869 2399 896 2459 si
917 2400 1080 2460 scelestum

59 2488 108 2540 est
130 2496 231 2539 amare
250 2479 390 2555 patriam,
411 2484 520 2555 pertuli
540 2498 707 2556 poenarum
728 2479 816 2541 salis:
843 2498 951 2542 eversa
973 2483 1081 2541 domus

59 2570 122 2635 est,
138 2563 277 2622 fortunae
290 2571 432 2636 vexatae,
449 2564 587 2640 dissipati
601 2565 702 2639 liberi,
716 2573 834 2639 raptam
851 2561 976 2636 coniux,
991 2565 1082 2624 frater

59 2645 208 2719 optimus,
236 2643 405 2705 incredibili
430 2647 558 2721 pietate,
583 2663 686 2721 amore
711 2645 862 2719 inaudito,
889 2645 1021 2706 maximo
1049 2644 1080 2703 in

60 2729 203 2802 squalore
219 2729 370 2788 volutatus
392 2737 440 2788 est
459 2730 499 2789 ad
518 2731 614 2805 pedes
627 2729 915 2790 inimicissimorum:
939 2744 996 2802 ego
1015 2729 1080 2802 pni-

44 2827 114 2870 sus
129 2811 204 2882 aris,
229 2811 322 2884 focis,
344 2810 391 2870 dis
409 2812 585 2885 penatibus,
608 2812 770 2874 distractus
784 2830 803 2873 a
817 2812 908 2884 meis,
930 2810 1013 2871 carni
1027 2826 1080 2885 pa·

57 2892 129 2966 tria,
146 2909 252 2969 quarn,
267 2893 310 2954 uti
326 2893 481 2955 levissime
497 2894 610 2968 dicam,
627 2904 708 2957 certe
722 2904 872 2956 texeram=
889 2893 997 2969 pertuli
1013 2908 1080 2953 cru·

57 2974 210 3036 delitatem
224 2975 422 3051 inimicorum,
437 2979 538 3038 scelus
553 2978 733 3050 infidelium,
750 2980 886 3039 fraudem
900 2977 1080 3036 invidorum.

143 3055 213 3119 146.
246 3057 278 3118 Si
295 3059 354 3120 boc
369 3075 431 3120 non
448 3069 495 3121 est
509 3061 599 3135 satis,
621 3063 704 3134 quod
716 3062 793 3120 haee
809 3060 909 3123 omnia
924 3061 1023 3120 deleta
1037 3059 1079 3118 vi-

57 3141 167 3201 dentur
191 3139 311 3202 reditu
311 3157 396 3215 meo,
424 3145 517 3208 multo
539 3144 624 3215 mihi,
652 3145 761 3217 multo,
786 3145 924 3219 inquam,
951 3141 1080 3214 iudices,

58 3231 194 3298 praestat
216 3221 247 3284 in
271 3225 407 3285 eamdem
428 3225 509 3286 iilam
523 3226 660 3286 recidere
674 3228 840 3299 fortunam,
864 3243 954 3302 quarn
968 3231 1080 3286 tantam

56 3305 221 3381 importare
234 3305 315 3368 meis
326 3307 538 3369 defensoribus
555 3318 584 3369 et
595 3272 861 3370 conservatoribus
873 3309 1080 3369 calamitatem.

55 3390 104 3448 An
127 3404 184 3464 ego
205 3389 236 3449 in
256 3388 314 3467 hac
335 3389 410 3451 urbe
430 3406 501 3452 esse
523 3391 640 3466 possim
662 3392 709 3453 his
723 3391 838 3471 pulsis,
860 3392 911 3468 qui
926 3407 974 3450 me
989 3388 1081 3448 buius
