2340 3788
364 134 367 139 .
451 96 624 139 .‹›r·.·.=.··.·=;
684 90 779 127 'rw
954 104 958 113 ·
998 70 1106 135 Ul.

11 136 21 163 ''
125 146 189 249 aas
422 135 544 265 rno'r.
560 176 692 239 sasrro
708 178 859 241 annno.
961 70 1104 217 ψ·-

123 335 290 399 exercitum
308 329 470 392 maximum
488 329 519 389 in
532 327 641 399 ltaliar¹
653 328 735 407 dno,
757 328 810 404 qai
828 328 938 404 privati
956 340 1023 395 turn
1037 349 1150 415 esseut,

124 428 312 493 etpraeesse
327 423 358 474 et
374 428 495 488 parare,
516 411 544 472 si
557 408 686 485 velleri&
706 411 870 472 exercitum
886 430 983 488 posse
998 418 1096 494 idque
1110 423 1149 483 la·

49 520 59 541 ·
124 510 228 563 claras
247 513 317 559 esse
332 495 459 556 dicebat.
488 495 551 554 llec
570 493 642 554 milii
656 493 864 579 illeiudiclpm
881 512 923 593 pq
946 497 990 560 uli
1006 518 1065 562 nec
1078 505 1148 580 legi·

124 585 195 647 dma
266 580 370 678 ¹inplicam
387 577 608 639 contentionem
629 574 924 659 nec'dis'ceptaticlre
971 592 1024 644 aut
1038 601 1148 648 causac

13 660 37 751 Ἰ
124 665 196 728 dicti
257 650 301 737 lli,
327 654 384 722 sb'd
402 660 478 734 vim,
497 660 784 756 erpua„,auercitus,
810 662 1027 741 imperatores,
1049 678 1148 731 castra

20 744 57 767 “
109 746 333 829 ;(1611666161)61.
374 744 480 804 XVlll.
499 743 600 825 Quidl
621 758 694 817 ergo
709 740 821 803 inimici
837 746 952 821 oratio,
968 764 1047 809 vana
1060 768 1147 824 prae-

8 824 19 889 .''
49 824 57 843 ¹
77 832 80 837 '
107 830 243 907 'serum
257 838 317 891 tam
331 820 513 902 improbe'in
524 824 709 886 clarissimas
724 825 806 886 viros
818 818 959 891 coniecta
972 847 1019 890 mc
1032 834 1149 894 mavitt

21 958 41 973 ,.
121 912 172 975 llo
186 930 263 974 vcro
280 927 341 971 uon
357 910 438 971 illias
454 911 563 983 orado,
586 909 642 968 scd
663 926 776 1028 eontraK
789 911 992 995 taciturnitas,
1011 912 1042 972 in
1064 933 1147 988 quos

121 998 174 1059 illa
189 997 284 1057 aratia
298 1003 358 1055 tam
377 992 516 1067 improba
534 992 759 1052 aonlerebatur.
787 992 844 1066 qul
855 984 922 1055 tulit
929 986 965 1069 Γ
962 1012 1146 1072 quamquam

123 1081 165 1142 ab
176 1078 252 1143 alias
265 1092 375 1137 causas
385 1076 539 1149 tacebant,
555 1083 655 1136 umen
670 1074 842 1136 hominibus
858 1079 959 1140 omnia
972 1078 1150 1141 timentibus

62 1166 67 1179 ¹
121 1163 252 1224 tacendo
263 1159 362 1235 loqui,
378 1174 438 1218 non
453 1156 757 1218 infitiandaconnteri
769 1158 958 1222 videbantur.
987 1162 1032 1221 Illi
1044 1170 1146 1227 autern

1 1265 3 1302 ε
19 1292 32 1305 .,
72 1262 101 1325 1,
122 1246 226 1319 aliquo
242 1240 600 1315 trudonopolitanum,
625 1241 708 1315 quod
722 1250 790 1301 acta
802 1241 853 1302 illa
866 1253 959 1320 atque
975 1234 1081 1306 omnei'
1093 1246 1145 1307 'r‘es

1 1339 6 1395 j
70 1354 73 1359 ·
109 1327 194 1389 ltitini
209 1323 375 1401 superioris
390 1325 563 1384 labefactari·
577 1323 814 1398 opinatoribus,
836 1325 981 1388 infirmari
1002 1345 1021 1388 a
1038 1337 1145 1389 senatu

17 1454 88 1495 m„
117 1420 214 1491 ¹utque
235 1407 421 1484 principibus
436 1407 563 1467 civitatis
584 1407 1146 1489 putabant„tribtmmn,popularema

1 1480 23 1559 5}
66 1492 69 1497 ’
101 1478 162 1555 ''de‘
168 1486 300 1573 alienare
314 1491 456 1553 nolebant
466 1505 583 1563 suaque
597 1489 655 1550 sibi
667 1484 892 1565 propior-astte
904 1490 1042 1568 pericula
1055 1482 1146 1569 titiam

50 1606 56 1615 ,
78 1602 82 1609 ·
101 1592 191 1638 --mea
211 1560 434 1651 loquebantur:
461 1570 512 1633 ll.
534 1571 596 1632 Sed
618 1581 717 1633 tanim
739 1582 770 1634 et
785 1575 913 1636 Crassus
930 1591 949 1635 a
965 1590 1023 1635 con
1040 1577 1145 1659 olibas

1 1683 7 1707 ¹-
45 1686 50 1695 ·
122 1675 220 1720 meam
240 1673 363 1719 causam
385 1654 611 1731 suscipiendam
636 1671 707 1716 esse
730 1656 851 1719 dicebat
873 1666 903 1733 et
925 1656 1000 1729 eain
1025 1652 1145 1729 ⁴„iide‘ni

121 1741 284 1817 Pompeius
303 1740 482 1815 implorabat
502 1755 601 1814 neque
621 1754 656 1798 se
677 1738 825 1813 privatum
843 1712 1145 1819 placitab'sas'd'epae

123 1841 235 1888 causae
250 1825 420 1885 delaturam
436 1838 506 1882 esse
523 1822 656 1883 dicebat:
676 1838 766 1897 quem
781 1823 879 1884 vuum
891 1822 1063 1885 studiosam
1074 1825 1145 1899 mei,

123 1909 353 1986 cupidissimum
367 1905 411 1966 rei
430 1905 570 1981 publicae
587 1907 834 1981 conservandae,
861 1907 942 1968 domi
964 1924 1050 1968 meae
1070 1909 1146 1967 certi

121 1990 260 2055 homines
272 1991 311 2050 ud
323 2005 390 2049 eam
399 2005 463 2048 rein
477 1987 567 2063 positi
580 1998 767 2061 monuerunt,
783 1996 815 2049 at
830 1997 913 2049 esset
922 1991 1047 2062 cautior,
1063 1989 1145 2049 eius·

124 2092 183 2150 que
197 2074 277 2135 vitae
291 2091 309 2132 a
323 2089 371 2132 rna
384 2072 510 2132 insidias
525 2073 606 2145 apud
621 2088 668 2132 me
681 2072 764 2132 domi
778 2071 895 2145 positas
909 2088 981 2134 esse
994 2073 1144 2145 dixerunt,

123 2167 214 2231 atque
225 2157 302 2215 lianc
314 2154 380 2215 ciu's
392 2154 595 2230 suspicionem
608 2156 657 2214 alil
669 2155 773 2215 litteris
782 2154 942 2228 mittendis,
955 2156 1005 2215 alii
1015 2156 1145 2228 nunciis,

123 2239 173 2298 alii
188 2255 289 2299 coram
304 2239 363 2313 ipsi
384 2238 604 2311 excitaverunt,
625 2237 740 2312 atille,
761 2254 853 2313 quum
872 2255 890 2296 a
909 2254 957 2299 me
976 2247 1057 2298 certe
1071 2238 1145 2297 nihil

121 2322 253 2392 timeret,
274 2321 312 2380 ab
332 2321 390 2381 illis
406 2338 444 2381 ne
465 2320 537 2395 quid
553 2336 621 2381 meo
636 2320 757 2381 nomine
773 2320 946 2380 molirentur
962 2321 1019 2381 sibi
1034 2337 1144 2381 caven-

123 2406 194 2465 dum
212 2410 339 2479 putaret.
383 2405 575 2485 lpselaatem
595 2402 721 2477 Caesar,
747 2418 836 2478 quem
856 2402 986 2462 maxime
1005 2403 1145 2463 homines

28 2554 43 2561 ,,
121 2486 218 2564 ignari
237 2486 371 2546 veritalis
392 2484 464 2547 mihi
485 2503 556 2546 esse
574 2485 681 2546 iratum
702 2487 860 2562 putabant,
886 2496 953 2547 erat
970 2487 1009 2545 ad
1029 2495 1145 2561 portas,

121 2579 187 2635 arat
200 2588 266 2631 cum
281 2570 423 2644 imperio,
444 2577 508 2629 erat
519 2569 550 2630 in
565 2568 649 2629 ltalia
666 2564 732 2631 ¹eius
755 2571 905 2629 exercitus
927 2571 1018 2643 inque
1038 2586 1076 2629 eo
1091 2584 1146 2627 ex-

120 2655 217 2716 ercitu
230 2653 328 2728 ipsius
343 2651 453 2713 tribuni
467 2653 580 2727 plebis,
596 2653 707 2713 inimici
720 2653 793 2724 mei,
809 2654 930 2712 fratrem
945 2653 1145 2726 praefecerat.

204 2738 280 2798 XIX.
294 2734 344 2796 lu.
362 2737 445 2796 Haec
460 2751 532 2810 ergo
549 2753 639 2810 quum
655 2736 788 2797 viderem
797 2770 840 2781 —
851 2750 953 2811 neque
967 2734 1045 2794 eninr
1059 2743 1147 2794 erant

122 2822 240 2882 occulta
246 2853 295 2894 -,
309 2827 453 2888 senatum,
467 2820 601 2894 sinequo
613 2818 719 2881 civitas
731 2827 812 2880 sture
822 2836 881 2878 non
895 2825 1007 2894 posset,
1020 2816 1146 2899 omnino

122 2904 161 2962 de
174 2904 294 2964 civitate
304 2918 376 2962 esse
386 2902 551 2976 sublatum,
564 2904 719 2971 consules,
733 2902 785 2976 qui
797 2903 891 2962 duces
902 2899 1013 2975 publici
1020 2896 1147 2957 consilii

33 3050 37 3057 ,
123 3001 194 3045 esse
214 2987 372 3058 deberent,
398 2985 564 3060 perlecisse
582 2993 616 3045 ut
636 3001 690 3059 per
708 2984 796 3060 ipsos
814 2984 969 3060 publicum
984 2980 1146 3061 consilium

125 3066 256 3127 tunditus
268 3071 435 3141 tolleretur,
450 3085 520 3139 eos,
534 3068 585 3142 qui
597 3067 755 3142 plurimum
766 3076 907 3142 possent,
921 3060 1038 3142 oppiani
1049 3064 1146 3124 omni·

125 3149 181 3207 bus
196 3151 401 3225 contionibus,
418 3152 510 3223 falso,
532 3148 588 3210 se'd
602 3151 797 3211 lonnidalose
813 3159 927 3223 tamen,
947 3158 1088 3210 auctores
1105 3147 1146 3206 ad

123 3229 286 3307 perniciem
297 3251 410 3307 meam,
429 3234 586 3294 contiones
597 3233 701 3292 haberi
712 3233 821 3293 cotidie
836 3243 1020 3313 nontramc,
1036 3247 1147 3290 vocem

124 3314 179 3391 pro
195 3329 241 3372 me
255 3331 291 3373 ac
306 3333 361 3389 pro
375 3334 408 3376 re
425 3317 545 3391 publica
561 3315 710 3376 neminem
722 3315 854 3389 mittere,
870 3312 985 3377 intenta
999 3316 1088 3389 signa
1104 3316 1146 3372 le

124 3397 246 3473 gionurn
269 3399 432 3460 existimari
452 3399 621 3460 cervicibus
641 3413 678 3459 ac
700 3398 789 3460 bonis
812 3401 938 3475 vestris,
968 3398 1060 3470 lalso,
1089 3398 1147 3456 sed
