2340 3788
116 190 181 257 m
260 181 298 241 tu
310 178 350 242 lt
366 174 565 238 allodtum
579 171 718 235 ORATIO
732 172 958 235 PHILIPPICA
970 174 1006 233 tt

120 335 231 406 disset,
249 329 279 390 in
301 323 488 388 metrImonio
506 323 649 386 stabiliet
668 330 749 384 certo
765 323 951 386 collocavit
995 322 1044 389 te.
1055 325 1116 385 liene

119 430 264 490 umquam
284 426 360 488 puer
373 416 492 485 emptus
506 406 638 468 libidinIs
659 420 753 467 causa
766 412 831 465 tam
846 406 909 468 luit
924 408 958 469 in
972 406 1119 485 dominius

118 505 228 561 testate
248 511 339 572 quam
359 502 391 553 tu
412 491 443 551 in
465 490 613 552 Curionis.
656 486 801 562 Quotiens
822 496 854 549 te
868 499 966 565 poter
982 491 1050 553 eius
1062 492 1122 553 dou

118 597 176 643 sua
185 577 294 641 eiecitt
307 574 448 655 quotiens
458 573 603 636 custodes
614 571 726 648 posuit,
741 587 779 632 ne
790 568 886 632 ilonea
896 572 1055 637 intrarest
1064 590 1124 651 quun

119 674 152 727 tu
163 673 278 736 tamen,
296 667 385 721 nocte
399 656 498 731 socia,
517 656 655 718 hortante
675 652 815 729 libidine,
843 666 988 731 cogente
1010 656 1126 729 mercede

92 761 96 777 ·
119 762 176 824 per
192 746 309 820 tegulas
321 742 519 805 demitterere.
535 739 618 813 Quae
625 735 739 813 flagitia
749 738 861 799 domus
876 737 936 800 illa
952 742 1066 803 diutius
1078 742 1127 801 iarn
1155 792 1168 836 m

120 847 182 890 non
205 826 310 903 potuit.
359 823 468 885 Soisne
489 838 537 883 me
560 821 710 883 derebus
730 818 804 881 mihi
826 820 1010 885 nolIssimis
1036 824 1128 886 dicuat
1156 859 1168 916 l

118 912 293 973 Recordare
312 916 431 983 temous
445 905 538 978 illud,
556 922 649 982 quum
666 911 752 980 pater
766 902 858 965 Curio
873 920 1029 969 maerens
1042 906 1128 969 iarebd
1158 956 1168 999 ,¹

119 994 151 1056 iu
165 996 258 1055 lector
278 992 359 1053 tilius
377 1006 413 1050 se
431 989 471 1049 ad
492 989 587 1065 pedes
602 1003 687 1051 meos
703 993 924 1063 prosternens,
936 990 1129 1061 lacrimaret
1159 1023 1168 1081 ᾖ

120 1076 192 1139 mihi
206 1073 448 1137 commendabat:
465 1072 579 1146 orabat,
596 1079 628 1132 ut
642 1078 672 1132 te
685 1077 791 1130 contra
805 1086 901 1130 suum
918 1080 1054 1147 patrem,
1070 1071 1129 1133 slat·
1160 1119 1168 1178 ἕ

121 1157 256 1222 stertium
273 1155 436 1233 sexagiens
448 1163 572 1231 peteret,
589 1151 798 1214 detenderem=
813 1158 938 1215 tantum
955 1155 1040 1216 enim
1054 1166 1128 1231 salit
1161 1188 1168 1246 ,2

120 1252 149 1304 to
168 1241 381 1302 intercessisse
401 1239 530 1299 dicebat.
572 1238 644 1313 lpse
662 1244 763 1296 autem
782 1250 887 1297 amore
911 1238 1035 1301 ardens
1050 1236 1130 1301 contr
1165 1285 1168 1299 ,

76 1356 79 1361 -
119 1325 234 1397 mabal,
258 1322 341 1398 quod
356 1318 540 1381 desiderium
561 1319 604 1380 tui
626 1316 747 1380 discidii
757 1318 835 1381 terre
849 1334 918 1380 oon
934 1314 1131 1399 possetne
1166 1335 1168 1344 ·

118 1405 260 1467 exsilium
280 1405 397 1464 iturum.
439 1401 490 1463 46.
506 1401 572 1475 Quo
586 1410 723 1476 tempore
737 1416 794 1477 ogo
809 1410 931 1476 quanta
948 1403 1131 1467 malatloren
1166 1436 1168 1447 ι

120 1486 253 1549 tissimae
271 1483 400 1547 familiae
413 1482 520 1544 sedavi
533 1485 584 1543 vel
599 1483 701 1561 pollue
714 1481 838 1546 sustulit
854 1483 939 1547 Patri
957 1485 1132 1565 persuasiut

120 1586 175 1630 aes
189 1568 320 1630 alienum
331 1564 385 1627 tilii
395 1565 591 1628 dissolverct=
607 1566 768 1628 redimeret
777 1566 1028 1643 adolescentem,
1041 1580 1131 1631 sunm

121 1669 178 1728 spe
195 1660 224 1713 et
238 1649 330 1713 animi
345 1657 375 1711 et
388 1648 500 1725 ingenii
515 1649 694 1726 praeditum,
712 1647 757 1709 rei
773 1647 935 1712 familiaris
953 1651 1129 1716 tardatio

120 1752 251 1811 eumque
263 1744 315 1797 tua
328 1749 388 1795 non
403 1733 493 1794 modo
509 1732 722 1806 familiaritate,
743 1732 800 1793 sed
820 1732 913 1792 etiam
930 1734 1131 1813 congressione

120 1818 217 1894 patrio
239 1820 303 1880 iure
323 1825 354 1879 ct
373 1823 522 1893 potestate
544 1816 724 1892 prohiberet.
768 1815 851 1875 Haec
872 1823 905 1876 tu
923 1835 1025 1893 quum
1040 1828 1131 1894 perus

119 1910 187 1963 acta
202 1900 408 1972 meminisses,
425 1899 484 1961 nisi
497 1898 565 1971 illis,
582 1915 661 1974 quos
676 1898 824 1972 videmus,
838 1898 955 1971 gladiis
973 1902 1132 1965 confideret

121 1984 288 2045 maledictis
314 2000 362 2043 me
390 1998 559 2058 provocare
579 1998 673 2043 ausus
694 1987 804 2043 essesi
831 1980 909 2041 XIX.
934 1981 992 2046 47.
1014 1979 1132 2045 Sediau

122 2077 224 2143 stupra
241 2076 271 2128 et
281 2065 395 2140 flagitia
407 2064 587 2140 omittamus,
604 2074 673 2126 sunt
684 2064 841 2140 quaedam,
856 2080 940 2138 quae
952 2067 1133 2129 honestenon

121 2167 247 2225 possum
262 2149 377 2210 dicere:
394 2156 426 2210 tu
441 2156 541 2208 autem
555 2165 593 2209 eo
608 2146 737 2219 liberior,
754 2147 837 2222 quod
848 2162 886 2206 ea
900 2148 932 2206 in
951 2158 984 2210 te
995 2144 1132 2211 sumsisti

121 2249 200 2306 quae
214 2249 232 2291 a
248 2229 554 2293 verecundo'inimico
566 2230 671 2291 audire
684 2246 745 2290 non
761 2245 882 2305 posses.
917 2229 988 2293 Sed
1006 2233 1133 2308 reliqum

121 2315 199 2372 vitae
214 2330 334 2374 cursum
353 2313 466 2375 videte:
483 2331 572 2391 quem
584 2313 705 2390 quidem
718 2310 855 2373 celeriter
869 2317 1087 2393 perstrIngam.
1100 2309 1135 2371 tl

119 2395 196 2455 haec
214 2395 307 2468 enim,
330 2396 452 2471 quaein
469 2397 549 2459 civili
563 2398 657 2469 bello,
680 2395 711 2456 in
726 2395 864 2456 maximis
877 2396 924 2457 rei
939 2399 1086 2473 publicae
1096 2393 1135 2456 mi·

120 2477 208 2539 seriis
222 2479 300 2551 lecit,
317 2479 395 2539 etad
407 2496 452 2552 ee,
469 2497 547 2555 quae
557 2479 667 2541 cotidie
684 2478 763 2551 lacit,
777 2480 897 2540 festinat
911 2480 1051 2544 ananus.
1073 2481 1135 2555 Quae

120 2571 200 2636 peto,
220 2571 259 2635 ut,
275 2579 458 2637 quamquam
474 2565 565 2624 multo
582 2562 700 2624 notiora
713 2560 798 2623 vobIs
817 2579 909 2638 quam
924 2563 1006 2626 mibi
1021 2573 1095 2637 sunt,
1106 2570 1136 2622 ta·

120 2660 197 2718 men,
210 2654 242 2705 ut
258 2645 364 2718 tacitis,
379 2652 491 2706 attente
505 2645 643 2708 audiatis.
671 2646 766 2706 Debet
781 2644 861 2706 enim
877 2645 997 2707 talibus
1018 2649 1050 2709 in
1064 2647 1136 2707 rebus

119 2729 251 2788 excitare
266 2727 384 2787 animos
400 2745 461 2789 non
477 2727 608 2804 cognitio
623 2730 721 2790 solum
734 2745 849 2802 rerum,
870 2729 930 2788 sed
944 2732 1044 2792 etiam
1057 2743 1137 2791 recor·

120 2810 210 2870 datio.
254 2809 385 2871 Tametsi
404 2810 573 2872 incidamus
588 2819 708 2894 oportet
723 2811 838 2884 media,
862 2827 901 2870 ne
920 2811 1019 2874 nimis
1035 2806 1136 2875 seroal

120 2901 253 2953 extrema
268 2893 435 2954 veniamus.

175 2975 227 3038 48.
244 2976 368 3037 intimus
385 2986 449 3037 erat
465 2974 496 3036 in
512 2975 662 3038 tribunatu
676 2976 791 3051 clodIo,
805 2975 857 3052 qui
873 2993 932 3037 sua
950 2995 1031 3055 erga
1045 2995 1090 3040 me
1097 2978 1136 3037 be·

119 3056 229 3117 nelicia
253 3067 481 3120 commemoratr
499 3057 565 3121 eius
586 3058 718 3121 omnium
740 3057 952 3120 incendiorum
973 3063 1048 3136 iax,
1069 3061 1137 3123 cuim

119 3136 208 3198 etiam
228 3141 309 3201 domi
323 3143 381 3201 iam
395 3151 457 3203 tum
473 3141 617 3218 quiddam
630 3141 750 3204 molitus
767 3150 823 3202 est.
867 3141 948 3215 Quid
964 3145 1069 3207 dicam
1085 3144 1137 3219 ipse
1165 3200 1168 3213 ,

120 3221 234 3296 optime
251 3225 398 3301 intelllgit.
433 3224 508 3285 lnde
523 3224 579 3286 iter
589 3226 812 3286 Alexandream
827 3233 936 3285 contra
953 3238 1083 3290 senatus
1099 3239 1137 3285 au-

119 3304 301 3376 ctoritatem,
324 3316 429 3367 contm
450 3324 514 3368 rem
537 3307 688 3383 publicam
702 3316 731 3367 et
745 3307 922 3381 religiones:
947 3310 1007 3370 sed
1022 3309 1137 3370 habebat

118 3387 228 3448 ducem
243 3386 416 3465 Gabinium,
438 3390 560 3466 quicum
582 3391 702 3465 quidvis
723 3389 891 3451 rectissime
906 3391 1011 3453 iacere
1034 3395 1135 3469 posset
