2332 3772
110 182 175 251 ata
336 186 411 247 nno
427 188 459 246 r.
475 186 751 265 nnmonrrnorm
767 189 920 251 caurio.

108 335 354 408 occursationes,
371 335 486 409 studia,
502 352 677 411 sermones,
700 354 925 413 quemcumque
941 354 1076 400 cursum
1091 342 1138 401 lor·

62 423 65 429 ’
107 429 183 482 tuna
203 418 336 491 dederit,
358 434 463 478 secum
483 432 519 477 se
540 419 709 480 ablatarum
729 422 802 480 esse
817 419 898 481 dicit.
944 420 989 482 96
1015 421 1139 483 Meminit

110 502 201 564 etiam
211 516 319 560 vocem
334 499 392 559 sibi
404 502 568 575 praeconis
579 502 672 560 modo
687 502 833 573 defuisse,
852 518 946 575 quam
958 502 1091 565 minime
1100 505 1139 565 de

110 582 258 656 siderarit,
279 582 387 657 populi
397 599 472 644 vero
488 582 606 643 cunctis
625 583 792 658 suffragiis,
806 585 890 659 quod
900 601 1002 645 unum
1014 586 1140 661 cupierit

111 682 146 729 se
157 667 315 727 consulem
326 665 526 725 declaratum=
543 681 625 726 nunc
635 665 777 741 denique,
792 666 819 725 si
830 666 907 727 haec
919 674 1037 728 contra
1048 684 1085 730 se
1095 668 1140 729 ainl

110 751 224 821 lutura,
243 748 301 808 sibi
316 747 461 808 facinoris
476 747 700 823 suspicionem,
715 765 777 808 non
793 749 864 809 laeti
880 748 1000 810 crimen
1020 751 1140 813 obstare

109 831 204 893 Addit
217 831 309 904 haec,
332 846 411 904 quae
427 830 509 891 certe
522 846 597 890 vera
608 838 694 902 sant,
715 832 811 891 fortes
832 839 863 891 et
881 832 1051 906 sapientes
1072 836 1140 895 viros

109 922 245 975 nontam
260 913 395 988 praemia
410 913 500 987 sequi
511 915 611 973 solere
620 920 703 973 recte
714 913 861 973 laetorum
879 930 972 987 quom
984 916 1139 990 ipsarecu

110 999 204 1058 lacta:
227 1012 261 1056 se
279 995 353 1055 nihil
369 996 400 1055 in
414 994 478 1056 vita
491 994 552 1056 nisi
567 994 811 1070 praeclarissime
824 995 953 1070 iecisse,
979 997 1012 1058 si
1029 999 1140 1073 quiden

110 1078 185 1140 nihil
199 1077 239 1139 sit
252 1077 467 1152 praestabilius
486 1077 553 1138 viro
575 1094 666 1152 quam
686 1077 830 1152 periculis
850 1077 981 1153 patriam
1005 1074 1139 1141 liberare:
1158 1140 1161 1147 ,

109 1164 218 1223 beatos
232 1177 318 1237 esse,
343 1160 454 1235 quibas
475 1177 513 1221 ea
533 1177 584 1220 res
602 1159 710 1220 honori
729 1161 925 1221 lueritasuis
942 1163 1088 1238 civibuS,
1099 1158 1165 1239 etl

111 1261 169 1306 nec
189 1252 290 1304 tamen
311 1258 366 1303 eos
387 1241 532 1315 miseros,
555 1242 607 1318 qui
623 1243 774 1303 beneficio
796 1243 881 1303 cives
901 1259 982 1305 suos
1008 1245 1161 1327 vicariae,

112 1328 170 1389 sed
187 1333 289 1385 tamen
307 1341 348 1385 ex
372 1324 513 1385 omnibus
526 1325 677 1399 ‘praemiis
703 1325 837 1399 virtutis,
859 1324 885 1385 si
905 1334 996 1388 esset
1011 1328 1160 1390 habenda·

111 1407 188 1470 ratio
201 1406 413 1482 praemiorum,
424 1407 642 1482 amplissimum
656 1424 728 1468 esse
741 1409 906 1483 praemium
918 1409 1071 1483 gloriam=
1082 1424 1140 1472 esre

111 1492 190 1550 hanc
205 1506 311 1563 unam,
329 1505 407 1563 quae
422 1488 599 1550 brevitatem
614 1489 695 1550 vitae
709 1490 893 1565 posteritatIs
908 1494 1066 1554 memoria
1081 1508 1139 1555 con·

15 1618 19 1625 ,
113 1573 278 1645 solaretur,
306 1588 386 1647 quae
403 1572 539 1634 elllceret
553 1580 585 1633 ut
601 1573 745 1635 absentes
759 1574 960 1645 adessemus,
977 1576 1095 1638 mortui
1105 1574 1138 1633 vi·

114 1670 269 1716 veremus=
286 1656 364 1715 hanc
379 1654 513 1730 denique
527 1671 598 1716 esse
610 1655 697 1715 cuius
712 1655 856 1731 gradibus
873 1655 966 1716 etiam
983 1657 1019 1717 in
1036 1660 1138 1719 coelun

112 1736 251 1801 homines
265 1737 440 1799 viderentur
454 1739 631 1798 ascendere.
674 1737 724 1800 98.
746 1739 867 1811 Deme,
888 1738 1009 1814 inquit,
1032 1753 1137 1815 sempe

112 1823 247 1899 populus
266 1823 439 1894 Romanus,
467 1838 591 1897 semper
610 1838 717 1881 omnes
737 1830 842 1894 gentes
863 1822 1051 1898 loquentur,
1072 1824 1137 1883 nula

112 1922 256 1980 umquam
271 1905 460 1965 obmutescet
475 1912 621 1965 vetustas.
650 1903 797 1997 Quinlroc
808 1912 947 1979 tempore
960 1906 1046 1981 ipso,
1062 1920 1136 1981 quun
1154 1900 1159 1959 l

115 2005 220 2050 omnes
243 2004 263 2046 a
284 1989 360 2047 meis
378 1987 507 2047 inimicis
522 1989 605 2047 laces
620 1987 752 2047 invidiae
767 2003 852 2046 meac
869 1987 1091 2060 subiicientur,
1109 1996 1137 2046 ta·

112 2088 182 2132 men
198 2071 280 2131 omni
294 2070 323 2128 in
338 2068 493 2130 hominum
514 2077 604 2129 coetu
626 2069 730 2144 gratiis
751 2070 876 2144 agendis
893 2080 924 2129 ct
940 2061 1136 2152 gratulationi·

112 2155 171 2213 bus
187 2152 337 2212 habendis
355 2159 385 2212 et
400 2152 482 2212 omni
497 2167 638 2212 sermone
653 2153 849 2211 celebramur.
885 2151 1001 2213 Omitto
1016 2155 1137 2216 Etruriae

114 2236 212 2294 lestos
228 2243 257 2292 et
275 2242 361 2293 actos
373 2243 403 2294 et
416 2233 568 2294 institutos
584 2234 666 2294 dies:
692 2235 857 2294 centesima
879 2235 934 2293 lux
957 2244 1009 2296 est
1026 2233 1137 2297 haecab

114 2314 236 2375 interitu
252 2316 283 2373 Ρ.
302 2315 396 2376 Clodii
413 2325 458 2389 et,
473 2317 597 2390 opinor,
611 2317 720 2377 altera:
738 2333 799 2391 qua
814 2317 891 2376 fines
907 2316 1035 2392 imperii
1051 2312 1138 2395 populi

114 2397 244 2459 Romani
259 2407 344 2470 sunt,
360 2415 397 2459 ea
408 2416 469 2459 non
485 2401 583 2459 solum
596 2399 675 2459 lama
689 2398 749 2458 iam
764 2401 802 2458 de
816 2398 885 2472 illo,
907 2402 967 2459 sed
984 2404 1080 2463 etiam
1093 2405 1137 2461 lae

114 2481 179 2543 titia
193 2480 373 2556 peragravit.
397 2483 491 2555 Quam
508 2481 623 2540 obrem
636 2482 687 2541 ubi
700 2498 813 2556 corpus
828 2481 887 2540 hoc
903 2481 1034 2561 sitnon,
1051 2481 1138 2560 inquit

115 2567 231 2636 laboro,
248 2564 391 2638 quoniam
408 2565 548 2624 omnibus
563 2563 593 2623 in
609 2565 696 2625 terris
712 2572 741 2625 et
755 2565 814 2624 iam
831 2573 972 2626 versatur
988 2577 1021 2629 et
1037 2578 1137 2642 semper

114 2646 261 2709 habitabit
272 2646 402 2707 nominis
418 2647 478 2706 mei
492 2646 596 2721 gloria.

175 2730 307 2790 XXXVI.
326 2728 376 2789 99.
398 2730 483 2788 Hanc
506 2738 539 2790 tu
559 2746 677 2791 mecum
697 2746 790 2804 saepe
812 2730 860 2789 his
875 2731 1079 2806 absentibus,
1100 2728 1138 2791 sel

116 2814 226 2875 iisdem
241 2811 434 2872 audientibus
446 2812 522 2871 haec
537 2829 594 2886 ego
608 2822 715 2884 tecum,
733 2812 820 2872 Milo:
841 2814 883 2871 Te
903 2812 1047 2890 quidem,
1066 2829 1138 2892 quun

117 2898 176 2957 isto
193 2896 292 2957 animo
309 2911 358 2969 cs,
379 2893 453 2955 satis
474 2896 598 2956 laudare
618 2914 679 2957 non
699 2912 842 2970 possum,
855 2895 926 2966 sed,
952 2915 1019 2971 quo
1036 2909 1085 2961 est
1098 2899 1139 2959 isa

116 2979 214 3053 magis
237 2977 340 3039 divina
358 2978 469 3053 virluS,
492 2994 529 3039 eo
551 2980 664 3039 maiore
686 2996 704 3038 a
724 2987 753 3038 te
775 2979 880 3038 dolore
906 2979 1055 3043 divellor.
1096 2982 1139 3042 lter

117 3077 202 3133 vero,
218 3062 244 3122 si
258 3060 331 3121 mihi
346 3061 484 3136 eriperis,
498 3061 616 3136 reliqua
629 3070 675 3122 est
686 3060 736 3120 illa
758 3071 856 3120 tamen
872 3057 913 3120 ad
926 3067 1157 3131 consolandumt

120 3145 258 3216 querela,
281 3145 375 3205 uthis
389 3144 480 3204 irasci
495 3144 628 3218 possim,
649 3143 791 3217 aquibus
806 3152 920 3204 tantum
937 3149 1059 3212 vulnus
1073 3140 1157 3211 acce?

118 3239 204 3299 pero.
247 3227 314 3285 Non
329 3226 408 3287 enim
423 3226 533 3287 inimici
544 3227 603 3287 mei
618 3235 646 3287 te
657 3226 728 3286 milri
741 3227 879 3300 eripient,
896 3229 955 3287 sed
968 3198 1161 3301 amicissimi

118 3322 181 3366 non
198 3309 275 3366 male
289 3308 453 3383 aliquando
470 3311 508 3368 de
524 3326 571 3369 me
587 3309 691 3379 meriti,
710 3310 765 3368 sed
780 3325 902 3384 semper
918 3314 1053 3385 optime.
1090 3312 1140 3375 lid

119 3389 181 3449 lum
192 3388 263 3449 mihi
277 3406 434 3464 umquam,
455 3392 587 3466 iudices,
608 3398 721 3454 tantum
736 3392 871 3452 dolorem
887 3392 1023 3459 inurctis
1042 3433 1084 3445 -
1102 3390 1141 3457 etsi
