2340 3788
84 181 150 265 aaa
233 226 241 233 -
351 178 428 257 raa
443 122 685 286 enssaunacia
698 178 852 241 annua.

86 329 306 407 minoritatis,
320 324 600 407 vieiuitatin'pauis
613 326 784 391 amieitiaet
797 343 878 405 quae
892 324 921 389 si
936 345 1003 399 aaa
1019 340 1128 395 essem

84 431 225 488 amarer,
240 413 349 487 meda,
362 429 403 473 ne
412 410 541 488 turpiter
554 413 700 485 remrein.
716 410 747 473 si
757 411 819 473 hae
833 411 1006 486 splendore
1022 423 1058 477 et
1073 414 1128 477 bae

85 498 232 577 dignitate
247 494 400 557 homiaem
413 495 620 557 deiendemm.
652 494 809 571 diagenda
821 491 895 555 mibi
907 494 967 557 iuit
981 495 1130 561 videlieet

86 587 360 656 musaamaeuta,
371 585 414 645 ,ut
430 578 475 653 ei,
494 594 587 655 quam
599 576 795 659 minitabas
810 584 985 653 apanmet,
997 594 1066 657 ega
1083 598 1130 652 ma

86 664 191 729 amnia
202 663 318 724 debere
332 660 475 725 dieereut
517 661 558 724 At
570 659 613 724 id
629 659 721 723 etiam
733 657 865 737 gregarii
877 658 991 725 utilitas
1011 662 1131 731 iaeiaat

84 746 182 823 iuviti
196 753 230 809 at
243 760 390 809 aaronem
402 744 477 805 dent
490 743 618 807 eivieam
632 751 664 805 et
676 758 713 806 se
725 743 766 805 ab
777 743 881 819 dique
895 751 1047 807 servatas
1058 763 1131 811 essa

86 830 252 904 iamaatur,
274 843 337 889 aaa
359 842 422 903 qua
445 834 535 903 turpe
554 825 596 888 sit
614 833 785 902 pratariam
798 825 831 886 ia
845 826 912 891 aeia
924 843 968 887 ex
987 826 1130 893 baedam

85 911 228 983 amnibus
248 910 384 987 eripi-
403 925 476 971 uam
489 908 522 971 id
534 907 675 971 accidere
689 908 749 971 nisi
762 910 832 970 iarti
845 907 910 969 vira
925 916 959 970 et
972 913 1130 987 pugnanti

30 1008 34 1014 ·
51 1048 54 1052 .
86 992 495 1070 οοιιιιιιίιιιιειιοιιροιοιιῑη
505 992 564 1057 sed
574 1008 654 1053 amm
662 989 1030 1066 benefieiireiarmidant,
1045 997 1129 1071 quad

85 1092 287 1157 permagnum
306 1084 354 1140 est
367 1074 468 1138 atiena
483 1075 601 1137 debere
613 1073 695 1136 idem
712 1075 803 1150 quod.
811 1073 940 1150 parenti.
956 1100 960 1107 ·
974 1072 1044 1141 ⁴7³.
1053 1079 1127 1156 liga,

87 1178 182 1241 auum
197 1157 310 1223 eaeteri
324 1174 400 1221 vera
410 1158 578 1233 banebria,
598 1156 689 1219 etiam
702 1158 836 1233 minare,
851 1156 1072 1236 dissimulent,
1085 1178 1128 1225 ne
1163 1176 1167 1205 ¹

51 1308 55 1323 ,
86 1243 211 1323 obligati
222 1257 295 1303 esse
304 1239 584 1316 videantur,ea.me
593 1239 745 1303 benefieio
752 1239 928 1319 obstrictum
938 1257 1127 1307 esseemeu-

86 1326 162 1399 tier,
175 1323 226 1389 eui
236 1338 280 1385 ne
289 1324 396 1403 reterri
411 1323 537 1400 quidem
548 1322 645 1398 gratia
658 1339 754 1399 passe
767 1322 927 1385 videatmt
939 1325 992 1385 Aa
1007 1325 1075 1388 hae
1088 1336 1127 1402 ta,

84 1405 270 1477 betereasis,
284 1404 602 1482 ignorastquiauum
612 1404 684 1467 mibi
694 1422 784 1468 esses
797 1405 1016 1482 aniensium,
1031 1426 1127 1487 quum

70 1492 137 1571 ‚uei
150 1488 318 1566 perieulum
336 1487 416 1550 vitae
430 1496 501 1551 tuae
510 1504 631 1551 meeum
645 1486 765 1551 saeiare
778 1488 948 1563 voluisses,
965 1506 1068 1566 quum
1080 1510 1127 1563 ma

85 1570 187 1644 initia
204 1569 328 1633 tristiet
342 1570 456 1635 aeerba
477 1572 562 1643 laetu
576 1572 670 1648 atque
683 1573 828 1635 disaessu
842 1588 905 1633 uau
918 1573 1061 1637 lacrimis
1078 1593 1126 1639 se

85 1653 150 1723 iam
165 1652 236 1730 tais,
250 1652 432 1729 sedanima,
445 1670 586 1732 carpere,
596 1654 695 1734 sapis
711 1662 895 1731 prosecutas
909 1671 1016 1732 esses„
1031 1676 1127 1735 qaum

85 1752 174 1803 meas
192 1735 308 1819 liberas
329 1745 362 1801 et
380 1753 509 1800 uxerem
529 1754 579 1799 me
600 1738 727 1801 absente
739 1737 802 1801 tuis
816 1739 928 1815 opibus
943 1739 1127 1819 auxiliaque

85 1817 297 1894 deiaudisses,
319 1820 365 1882 sie
379 1837 499 1883 meeum
510 1836 634 1897 semper
647 1820 753 1897 egisti,
772 1829 803 1883 te
824 1820 897 1883 mihi
910 1823 1071 1885 remittere
1084 1832 1126 1886 at·

73 1919 147 1981 ,que
161 1904 342 1977 aaaeedere,
357 1910 490 1965 utamue
501 1921 602 1967 meam
614 1902 990 1967 studiumincn.21>1aneu
1004 1906 1127 1979 honere

85 2002 307 2061 eausamemm
322 1986 408 2062 quad
422 1986 532 2049 sinsin
546 2003 595 2050 me
609 1986 749 2048 meritum
763 1987 823 2048 tibi
832 1986 921 2048 etiam
932 1987 995 2063 ipsi
1004 1999 1126 2064 metum

84 2086 157 2133 esse
170 2070 306 2131 dicebas.
334 2065 385 2130 74.
399 2068 479 2131 Nihil
492 2079 593 2132 autem
608 2085 657 2131 me
673 2070 756 2143 navi,
774 2068 848 2139 nihil
863 2071 1013 2146 temporis
1029 2089 1127 2134 eausa

85 2153 204 2225 diuers,
217 2168 319 2214 noane
330 2151 420 2213 etiam
433 2161 481 2214 est
490 2152 542 2213 iiia
552 2153 639 2215 testis
655 2152 761 2226 aratio,
776 2169 856 2228 qaae
870 2159 917 2213 est
930 2168 949 2213 a
963 2169 1014 2215 ma
1024 2155 1126 2230 prima

85 2233 189 2295 habita
198 2233 231 2293 in
241 2241 371 2295 senatui
381 2235 420 2298 in
437 2252 499 2311 qua
514 2253 611 2317 quum
622 2233 787 2312 perpaucis
798 2235 975 2298 nominatim
987 2237 1125 2313 egissem

85 2314 214 2393 gratias,
237 2317 323 2391 quad
337 2333 444 2379 omnes
459 2319 629 2379 enumerari
643 2320 725 2381 nulla
741 2320 835 2381 modo
849 2328 995 2394 possent,
1019 2323 1125 2382 saeius

86 2405 188 2465 tutem
202 2408 287 2461 esset
303 2415 489 2477 quemquam
505 2400 683 2477 praeteriri,
697 2400 935 2477 statuissemque
948 2405 1124 2466 eossaium

84 2479 259 2555 nominare,
277 2481 331 2558 qui
352 2492 476 2545 nostrae
496 2500 609 2546 causae
628 2485 724 2546 duees
745 2492 775 2546 et
791 2484 880 2561 quasi
892 2484 1033 2560 signiferi
1048 2486 1123 2550 iuis·

85 2571 162 2638 sent,
177 2564 209 2626 in
223 2562 272 2628 his
282 2563 405 2627 Piaueia
415 2566 528 2641 gratias
540 2565 598 2642 egi.
613 2566 769 2630 Recitetur
780 2569 886 2643 aratio,
902 2585 983 2644 qaae
995 2579 1125 2647 propter

83 2648 130 2709 rei
143 2647 381 2724 magnitudinem
398 2649 480 2711 dieta
489 2651 529 2711 de
540 2649 654 2726 scripto
670 2659 731 2713 est=
746 2649 777 2711 in
791 2669 853 2728 que
863 2668 920 2726 ego
933 2648 1027 2713 hama
1039 2662 1124 2715 astu-

84 2738 135 2793 tus
152 2733 180 2792 ei
196 2748 245 2792 me
261 2733 420 2804 dedebam,
436 2731 486 2793 eui
500 2732 573 2792 nihii
589 2750 699 2809 magua
715 2750 808 2810 apere
823 2735 975 2806 deberem,
986 2743 1020 2797 et
1029 2735 1124 2798 huius

86 2812 182 2875 uincti
201 2813 276 2877 mati
297 2816 474 2881 servitutem
493 2814 699 2891 astringebam
726 2817 899 2879 testimonia
923 2817 1124 2893 sempiterno.

84 2894 163 2958 tiolo
175 2905 304 2971 eastern,
321 2912 401 2974 quae
411 2914 431 2958 a
441 2914 490 2959 me
504 2900 646 2961 mandata
656 2908 728 2961 sunt
742 2899 859 2975 litteris,
871 2899 1017 2962 recitare:
1032 2917 1125 2976 prae·

84 2976 226 3056 termino,
240 2998 280 3042 ne
294 2990 347 3045 aut
361 2981 500 3058 proferre
514 2981 621 3043 videar
635 2983 676 3044 ad
692 2991 812 3058 tempus
827 2992 880 3045 aut
893 3000 930 3044 ea
949 3001 1066 3059 genere
1081 2985 1124 3047 uti

22 3114 26 3119 .
84 3055 260 3154 litterarum,
277 3066 362 3142 quad
373 3062 449 3126 meis
460 3064 571 3127 studiis
585 3064 687 3141 aptius
703 3083 795 3141 quam
813 3066 1030 3129 consuetudini
1043 3067 1123 3130 iudi·

84 3154 288 3208 eterumesse
302 3149 450 3211 videatur.

59 3268 62 3273 -
94 3286 98 3291 .
136 3224 665 3308 XXX1.76.Aaqueatiarneiamitas,
679 3231 868 3295 Laterensis=
884 3234 1053 3310 Quomque
1067 3239 1125 3298 t'sta

50 3344 55 3359 ·
83 3306 183 3372 aba?
194 3309 279 3372 nata
289 3315 322 3373 tn
332 3316 428 3391 vepro
437 3315 597 3391 profecisti
601 3337 611 3378 .·
623 3315 766 3377 absalem
775 3318 836 3376 iam
846 3322 1031 3394 samareae
1041 3325 1123 3380 tuae

34 3416 37 3421 ·
82 3388 248 3469 Decimio
267 3393 341 3457 mihi
361 3396 453 3473 igitar
465 3396 617 3473 abicies,
631 3412 724 3474 quem
736 3414 798 3474 ega
821 3399 861 3465 de
878 3416 928 3465 me
947 3400 1028 3462 bene
1057 3418 1125 3464 me·
