2340 3788
108 114 174 240 aaa
249 171 257 177 ·
384 125 472 232 'ruo
487 171 522 247 o.
535 168 693 231 arcuato
707 166 860 231 omno.
966 120 972 129 ⁸

110 324 163 405 qui
177 338 237 384 vos
251 326 354 383 mnne
367 316 469 383 laudis
484 316 649 383 occasione
662 316 832 394 privaverit
852 316 906 377 tx.
921 316 979 381 id.
996 314 1065 380 Sed
1076 318 1132 393 vite

110 422 243 485 quaeso,
257 403 288 464 C.
301 404 429 476 caesar,
441 401 643 477 causantium
655 398 843 484 ornatissimi
851 398 951 459 virili.
970 400 1133 475 Tuberoni,

111 504 203 566 quum
220 502 294 562 ego,
316 484 456 562 quamvis
480 484 550 561 ipse
570 484 746 561 probarem,
770 491 804 544 ut
825 482 943 559 probo,
967 490 1077 547 tamen
1095 502 1133 546 nu

110 584 393 643 commemorarem,
416 566 510 627 nisio
523 575 553 627 te
568 564 784 640 cognovissem
799 563 830 624 in
846 565 957 640 primis
976 583 1053 652 eam
1068 570 1132 630 virts

108 661 169 715 tem
183 652 283 712 solere
302 648 428 715 laudari.
473 650 557 723 Quae
571 648 627 710 tuit
639 649 731 723 igitur
742 660 886 722 umquam
900 646 933 707 in
949 650 1024 710 ulio
1038 651 1133 712 borda

109 742 192 797 tauta
205 731 399 794 constantiae
411 731 612 794 constantiam
626 732 719 791 dicet
730 731 840 795 nescio,
850 745 890 789 an
906 730 1032 794 melius
1043 734 1132 811 patior

108 817 180 880 tiam
193 815 311 892 possim
326 815 438 875 didere.
477 814 593 889 Quotus
608 814 688 875 enim
706 812 838 889 quisque
851 811 936 875 istud
953 814 1132 890 iecissett

109 898 250 975 aquibus
265 898 296 957 in
307 895 504 958 dissensione
517 895 600 957 civiti
611 912 673 957 non
688 903 772 957 esset
784 901 942 971 receptus,
959 907 1055 961 esset
1070 898 1132 961 ctist
1156 928 1160 935 ·

110 998 179 1044 eum
194 979 371 1041 crudelitate
385 979 528 1052 reiectus,
545 979 585 1039 ad
600 994 656 1041 eos
674 979 761 1054 ipsos
776 976 913 1038 redirett
925 978 1043 1056 Magni
1059 983 1132 1045 cuim

15 1138 18 1143 ⁸
109 1066 179 1126 dem
193 1062 283 1124 animi
298 1071 390 1138 atque
403 1063 471 1123 eius
486 1061 543 1121 viri
556 1070 618 1134 est,
641 1076 731 1135 quem
752 1061 956 1137 desuscepta
972 1078 1075 1126 eausa
1086 1080 1131 1141 pro

109 1145 273 1225 positaque
288 1145 437 1207 sententia
451 1146 534 1205 trulla
547 1142 743 1216 contumatia,
757 1143 840 1204 nulla
855 1142 917 1218 vis,
936 1147 1066 1209 nuttam
1079 1146 1130 1223 peri

22 1256 29 1301 ;
111 1231 212 1291 culum
234 1227 334 1305 possit
349 1228 513 1302 depellere.
538 1223 589 1288 27.
603 1227 643 1288 Ut
657 1226 737 1287 enim
754 1232 875 1287 caetera
891 1227 991 1303 paria
1004 1228 1130 1293 'summ

112 1327 180 1374 cum
198 1312 282 1370 Varo
302 1308 445 1382 fuissent,
471 1309 585 1383 hunos,
612 1308 770 1384 nobilitas,
792 1308 963 1385 splendor,
992 1312 1129 1391 ingenium
1153 1320 1157 1331 '

74 1391 78 1396 ’
112 1408 191 1471 qnae
211 1392 406 1467 nequaquem
423 1392 558 1475 buerunt,
578 1390 638 1451 hoc
660 1398 742 1452 certe
762 1389 971 1466 praecipuum
986 1394 1129 1457 Tuberos't

43 1502 49 1511 ·
111 1478 178 1551 tuit,
196 1475 281 1549 quod
294 1472 376 1535 iusto
392 1490 460 1533 eum
475 1472 602 1548 imperio
617 1488 657 1534 ex
673 1480 798 1535 senatus
810 1476 964 1537 consulto
986 1479 1020 1538 in
1035 1478 1122 1555 proris

113 1559 189 1618 ciam
210 1572 297 1618 suam
318 1564 455 1620 venerat.
498 1556 575 1616 Hinc
589 1556 759 1632 prohibitus
773 1572 834 1617 non
847 1556 889 1616 ad
902 1556 1127 1637 Gaesarem!

111 1639 221 1715 iratus,
236 1654 298 1701 non
309 1639 447 1714 domurn,
461 1653 501 1699 nc
516 1638 614 1713 iners,
640 1655 700 1701 uon
721 1639 752 1699 in
768 1637 901 1714 aliquam
914 1643 1127 1718 regionem!

88 1724 92 1729 '
113 1722 317 1783 condemnare
337 1738 460 1783 causam
480 1722 576 1795 iilam,
593 1738 683 1797 quem
695 1730 819 1784 secutus
832 1729 908 1797 erat
930 1722 1125 1789 videretur=i

113 1804 324 1867 Macedoniam
339 1805 378 1866 ad
393 1804 596 1883 cn.·Pompeii
611 1812 710 1866 castre
724 1804 813 1878 venit,
827 1803 857 1864 in
873 1820 948 1867 eam
965 1806 1069 1885 ips'am
1081 1824 1125 1870 cvr

113 1904 193 1962 sem,
213 1904 305 1964 aqua
321 1895 385 1948 erat
400 1887 531 1949 reiectus
549 1904 616 1950 cum
631 1886 747 1948 iniuria.
790 1885 967 1961 28:¹Quidt
989 1891 1125 1968 quumist

112 1986 164 2032 res
177 1970 249 2031 nihil
264 1972 480 2032 commovisset
494 1971 560 2032 eius
577 1970 725 2043 animum,
740 1970 886 2045 adquam
900 1978 1075 2049 veneratis,
1087 1975 1125 2034 lar

113 2053 258 2129 guidiore,
271 2054 372 2126 eredo,
388 2053 487 2114 studio
499 2054 529 2112 in
547 2069 641 2113 eausa
654 2052 768 2113 inistis:
779 2060 893 2113 tantum
904 2058 1009 2119 modo
1025 2058 1058 2119 in
1069 2070 1125 2133 pue

114 2135 200 2196 sidiis
218 2135 317 2207 eratis,
333 2134 423 2196 animi
438 2152 511 2196 vero
524 2152 648 2195 accusa
662 2136 877 2196 abhorrebant:
893 2153 947 2212 an,
966 2149 1002 2202 ut
1020 2142 1056 2203 tit
1068 2136 1125 2201 inei

114 2218 224 2278 vilibus
237 2217 324 2277 bellis
340 2261 450 2279 ......
469 2219 574 2279 necin
597 2217 684 2278 vobis
701 2216 796 2294 magis
824 2234 914 2294 quam
945 2221 980 2281 in
1007 2222 1126 2300 reliquit

115 2315 220 2360 omnes
237 2299 315 2360 enim
328 2298 469 2361 vincendi
482 2302 581 2362 studia
592 2302 777 2365 tenebamur.
803 2301 891 2362 Pacis
906 2304 1065 2378 equidem
1078 2318 1126 2367 scd

114 2397 171 2464 per
185 2389 290 2443 auctor
305 2381 356 2455 tui,
374 2385 430 2445 sed
441 2393 503 2445 tum
514 2400 600 2445 sero=
617 2394 680 2444 erat
695 2384 774 2445 eninr
789 2382 930 2458 amentia,
945 2405 1048 2462 quum
1061 2388 1128 2450 acic!

116 2463 250 2539 videres,
271 2480 379 2541 pacem
402 2467 544 2542 cogitare.
589 2466 715 2539 Omnes,
731 2468 864 2542 iuquam,
879 2465 1015 2532 vincere
1033 2470 1127 2535 vorens

115 2563 199 2608 musa
216 2557 249 2609 tu
267 2557 348 2609 certe
363 2549 541 2624 praecipue,
557 2551 606 2623 qut
624 2549 654 2609 in
669 2567 738 2610 eum
754 2552 854 2610 locum
869 2565 1022 2627 veneras,
1037 2544 1127 2616 uuicti

115 2638 200 2692 esset
213 2633 410 2706 pereundum,
425 2631 485 2692 nisi
502 2632 639 2691 vicisses.
683 2632 883 2708 Quamquam.
905 2643 943 2694 ut
955 2652 1046 2698 nunc
1057 2646 1127 2699 seret

114 2713 213 2786 habet,
231 2731 291 2775 non
306 2714 409 2775 dubito
425 2713 497 2788 quin
511 2714 589 2774 hano
605 2716 730 2775 satutem
745 2719 915 2791 anteponas
932 2715 979 2778 itti
995 2717 1127 2783 victoria

47 2826 53 2868 ς
115 2796 152 2856 Χ.
167 2796 217 2857 29.
230 2798 314 2858 Haec
330 2813 387 2872 ego
402 2812 463 2857 non
476 2797 617 2868 dicerem,
633 2799 762 2872 Tubero,
778 2798 805 2858 si
821 2804 872 2858 aut
882 2814 945 2860 vos
959 2800 1127 2865 construit

37 2884 41 2893 '
116 2887 235 2941 vestrae
250 2887 302 2941 aut
317 2880 476 2940 Caesarem
491 2880 631 2940 beneficii
643 2882 690 2941 sui
707 2882 882 2955 poeniteret
927 2880 1027 2946 Nunc
1043 2894 1127 2962 qutttt

116 2968 216 3021 utrum
229 2969 348 3024 vestras
364 2960 488 3022 iniurias
509 2979 548 3022 an
568 2961 612 3022 rei
635 2962 774 3038 publicae
795 2966 1053 3038 persequaminiz
1072 2956 1127 3029 sirt‘

13 3048 32 3069 ·
116 3043 273 3118 publicae,
291 3043 418 3120 quidde
434 3053 535 3105 vestra
552 3046 582 3104 in
597 3044 647 3104 ilia
662 3062 756 3105 eausa
772 3048 1016 3120 perseverantia
1029 3062 1127 3126 respor

117 3123 247 3185 debitist
268 3127 295 3187 si
317 3134 448 3201 vestras,
472 3128 574 3188 videte
596 3144 634 3187 ne
649 3128 769 3200 erretis,
791 3128 841 3202 qui
856 3127 1033 3194 caesarem
1047 3124 1127 3195 vcstt'!

116 3205 245 3268 inimicis
260 3208 365 3268 iratum
382 3211 448 3271 fore
464 3209 584 3284 putetis,
600 3227 691 3285 quum
706 3209 855 3284 ignoverit
869 3210 949 3270 suis.

175 3291 280 3366 Itaque
305 3307 376 3350 num
391 3292 443 3352 tibi
458 3292 565 3352 videor
584 3293 615 3351 in
633 3309 726 3352 eausa
743 3291 853 3366 Ligarii
868 3308 945 3355 esse
962 3292 1128 3375 occupatu!

116 3385 187 3430 num
199 3371 238 3431 de
251 3371 319 3432 eius
334 3373 413 3433 iacto
430 3375 553 3433 diceret
573 3374 725 3450 Quidquid
742 3374 819 3447 dixi,
833 3374 874 3434 ad
890 3391 990 3440 uuam
1008 3384 1127 3444 summ!
