2340 3788
331 162 412 223 ctu.
426 170 557 225 11-1a
579 168 605 228 ι.
619 171 752 228 ιι-ιιι
986 126 1067 264 ἰιι

29 315 79 375 dio
92 309 250 374 umbrati
260 316 400 391 tempore
412 319 458 375 tot
471 313 540 373 loca
553 313 645 386 adire,
660 322 760 375 tantos
774 332 882 379 cursus
898 298 1050 382 conticere

29 395 142 472 potuit,
167 412 257 469 quam
277 396 414 456 celeriter
428 395 480 456 cu.
493 393 636 469 Pompeio
653 396 732 456 duce
745 399 819 459 tanti
833 401 924 461 belli
916 398 1048 477 impetu's

29 476 205 553 navigatur
225 478 277 553 qui
295 479 432 538 noudum
445 477 625 551 tempestivo
642 478 682 537 ad
695 480 897 553 navigandum
912 484 987 544 mari
1002 484 1048 544 Si·

31 561 130 623 tiliam
143 560 225 632 adiit,
241 561 376 621 Africam
391 560 575 635 exploravit·
597 559 668 619 inde
684 559 852 623 Sardiniam
866 579 934 625 oum
949 569 1049 627 classe

30 644 112 705 venit
133 650 224 717 alque
241 642 316 703 haec
331 643 388 704 tria
407 643 599 703 frumentaria
619 642 756 702 subsidia
775 644 820 704 rei
839 645 977 720 publicae
998 650 1048 709 fir-

29 724 174 787 missimis
188 726 349 799 praesidiis
364 724 576 798 classibusque
590 723 725 784 muniuit.
753 723 803 786 at
824 729 898 786 Inde
911 747 1003 806 quum
1013 747 1049 791 se

29 808 59 869 iu
71 807 188 870 ltaliam
203 808 380 883 recepisset,
396 807 514 867 duabus
528 805 683 903 Hispaniis
698 815 728 867 et
741 807 837 868 Gallia
853 809 1050 885 Transalpina

30 886 207 987 praesidiis
206 907 243 950 ac
257 891 385 951 navibus
396 889 579 963 confirmata,
597 890 699 949 missis
711 890 782 951 item
796 891 826 950 in
843 907 927 951 oram
937 893 1050 969 lllyrici

30 973 120 1035 maris
145 981 176 1033 et
199 973 230 1032 iu
250 973 396 1034 Achaiam
421 988 601 1047 omnemque
620 972 777 1032 Graeciam
801 974 931 1034 navibus
947 975 1050 1035 ltaliae

31 1058 88 1118 duo
102 1055 350 1116 mariamaximis
365 1055 515 1115 classibus
529 1054 772 1131 firmissimisque
783 1056 946 1136 praesidiis
959 1056 1049 1117 ador·
1097 1106 1102 1117 .

29 1138 125 1236 namt,
145 1139 214 1214 ipse
229 1146 327 1198 autem
341 1146 375 1198 nt
388 1130 549 1199 Brundisio
564 1139 718 1213 proiectus
736 1147 797 1212 est,
818 1139 1049 1215 undequinqua-

29 1222 145 1297 gesimo
167 1220 217 1280 die
237 1229 329 1281 totam
351 1222 414 1281 ad'
406 1221 562 1296 imperium
578 1220 686 1296 populi
704 1222 831 1282 Romani
847 1221 979 1283 Ciliciam
996 1223 1049 1283 ad-

28 1302 139 1366 iunxit=
168 1319 288 1376 omues,
296 1305 361 1378 qni
377 1304 491 1380 ubique
505 1304 677 1400 praedones
693 1304 813 1365 luerunt
819 1306 951 1382 ,partim
969 1305 1049 1380 capti
1083 1368 1088 1380 ,

28 1385 237 1461 interfectique
248 1396 326 1460 sunt,
343 1386 450 1464 partim
462 1387 653 1449 uniushuins
665 1387 840 1467 seimperio
856 1403 893 1449 ac
907 1389 1049 1464 potestati

30 1469 218 1535 dediderunt.
250 1471 333 1531 Idem
347 1470 549 1544 Cretensibus,
565 1487 657 1545 quum
673 1472 792 1532 adeum
804 1488 904 1548 usque
918 1471 949 1531 in
961 1471 1047 1532 Pam·
1097 1528 1101 1537 ,

29 1553 164 1630 phytiam
180 1553 296 1626 legatos
313 1555 589 1629 deprecatoresque
603 1553 766 1629 misissent,
780 1571 868 1631 spem
885 1553 1048 1614 deditionis

29 1650 88 1696 non
102 1634 216 1695 ademit
234 1635 422 1711 obsidesque
440 1635 607 1709 imperavit.
643 1637 688 1695 lta
707 1646 821 1697 tantum
840 1639 966 1712 bellum,
986 1644 1049 1696 lam

30 1717 215 1789 diuturnum,
236 1727 297 1778 tam
313 1720 404 1792 louge
422 1719 543 1790 lateque
560 1717 747 1792 dispersum,
770 1736 830 1792 quo
847 1720 927 1778 bello
943 1734 1048 1779 omnes

29 1808 135 1875 gentes
146 1815 184 1859 ac
194 1799 332 1858 nationes
344 1799 565 1872 premebantur,
577 1798 942 1874 CnPompeiusextrema
950 1799 1049 1860 hicum

30 1880 202 1959 apparavit,
219 1878 341 1938 ineunte
354 1894 429 1938 vere
443 1878 593 1952 suscepit,
610 1880 710 1938 medin
726 1887 841 1940 aestate
856 1879 996 1940 coniecit

110 1961 191 2020 Xlll.
205 1959 254 2022 36.
276 1961 332 2021 Est
344 1961 420 2021 baec
432 1958 535 2020 divina
547 1969 639 2034 atque
649 1960 835 2022 incredibilis
845 1962 941 2022 virtus
954 1962 1049 2037 impe·

29 2045 148 2109 tatoris.
182 2041 258 2116 Quid
273 2052 420 2116 caeterae,
435 2059 515 2119 quas
525 2045 628 2118 paullo
643 2052 712 2104 ante
727 2060 963 2105 commemorare
979 2060 1048 2105 coe·

29 2144 142 2204 pmam,
159 2134 289 2200 quantoe
302 2135 395 2200 atque
410 2142 500 2201 quam
516 2128 627 2187 multae
641 2135 733 2187 sunt‘t
756 2129 822 2188 Non
839 2127 920 2188 cuim
934 2127 1048 2187 bellan·

30 2210 169 2271 divirtus
185 2211 283 2270 solnm
296 2209 326 2269 in
343 2225 459 2270 summo
474 2225 510 2269 ac
526 2212 661 2284 perlecto
678 2210 859 2286 imperatore
873 2211 1049 2287 quaerenda

30 2303 81 2367 est,
98 2292 157 2354 sed
168 2294 278 2353 multae
289 2301 360 2353 sunt
369 2302 449 2353 artes
462 2293 591 2353 eximiae
601 2293 691 2354 huius
703 2295 896 2355 administrae
907 2295 1047 2356 comites-

30 2392 88 2452 que
100 2374 232 2435 virlutis.
259 2378 306 2436 Ac
320 2375 450 2450 primum
466 2385 577 2450 quauta
592 2375 765 2439 innocentia
782 2378 893 2439 debent
907 2394 978 2439 esse
992 2378 1047 2438 im·
1106 2416 1108 2421 -

28 2465 207 2535 potatores?
238 2467 349 2533 quauta
368 2458 478 2519 deinde
501 2457 532 2516 ιιι
556 2459 695 2520 omnibns
718 2462 810 2521 rebus
830 2460 1049 2536 temperantior

29 2550 141 2617 quanta
157 2541 240 2601 fidet
260 2549 372 2615 quanta
388 2539 551 2600 facilitates
572 2551 684 2615 quanto
702 2543 846 2618 ingenio?
867 2551 978 2619 quanta
992 2542 1047 2601 bu-

27 2625 190 2685 monimtct
219 2622 304 2697 Quae
320 2623 451 2683 breviter
473 2624 573 2696 qualia
594 2624 653 2685 sint
671 2625 701 2684 iu
718 2627 770 2686 Cn.
787 2627 931 2702 Pompeio
947 2622 1048 2683 consi-

29 2708 185 2768 deremus:
207 2722 325 2766 summa
341 2705 421 2767 enim
437 2705 537 2765 omnia
551 2715 636 2780 snut,
656 2707 802 2784 Quirites,
826 2711 881 2768 sed
899 2724 936 2767 ea
950 2705 1047 2780 magis

28 2806 63 2850 ex
76 2791 208 2849 aliorum
225 2789 418 2850 contentione
437 2805 527 2863 quum
545 2788 614 2863 ipsa
636 2807 690 2865 per
709 2808 780 2851 sese
795 2787 941 2864 cognosci
956 2796 1047 2862 atque

26 2870 152 2946 intelligi
174 2881 313 2945 possunt.
357 2869 408 2932 at.
437 2871 531 2944 Quem
551 2870 629 2930 enim
650 2873 860 2948 imperatorem
881 2886 1047 2946 possumus

25 2957 85 3015 nllo
100 2955 134 3015 in
149 2970 274 3016 numero
290 2963 406 3029 putare,
422 2955 507 3014 cuius
522 2956 552 3012 in
567 2954 701 3014 exercitu
719 2954 903 3014 centuriatus
917 2962 1047 3016 veneant

25 3046 116 3113 atque
132 3038 301 3097 venierinti
337 3037 413 3110 Quid
427 3037 507 3098 huuc
524 3036 676 3096 homiuem
691 3052 832 3111 magnum
849 3039 1046 3114 eulampium

24 3121 62 3182 de
75 3137 111 3181 re
128 3120 251 3195 publica
264 3120 405 3194 cogitare,
421 3121 473 3195 qui
486 3122 646 3195 pecuniam
661 3137 700 3180 ex
710 3120 826 3180 aerario
839 3120 1046 3196 depromptam

23 3206 62 3264 ad
77 3205 196 3264 bellum
216 3203 483 3264 administrandum
501 3212 553 3263 ant
567 3211 692 3277 propter
712 3203 902 3278 cupiditatem
924 3205 1044 3281 provin-

22 3288 90 3347 ciae
111 3286 337 3362 magistratibus
355 3285 491 3346 diviserit
506 3295 557 3345 aut
575 3295 700 3360 propter
719 3287 872 3347 avaritiam
885 3288 1000 3348 Romae
1015 3287 1067 3343 iu·

21 3378 159 3445 quaestu
172 3367 348 3444 reliquerit?
375 3371 486 3430 Vestra
502 3369 735 3431 admurmuratio
750 3370 834 3443 lacit,
854 3371 998 3444 Quirites,
1014 3379 1047 3432 ut
1161 3398 1166 3409 ·
