2340 3788
415 161 497 220 cnr.
515 171 541 223 1.
563 168 589 229 s.
606 130 632 228 i.
644 173 672 224 a
1007 164 1072 236 aas

50 315 165 371 cohortes,
181 326 243 374 quas
262 312 376 372 ducebat,
392 312 561 371 deseruerant,
577 313 603 362 in
617 311 730 362 Africam
747 315 816 363 venit
833 321 858 364 et
874 289 1010 382 imperinm
1026 318 1072 368 ad-

50 384 127 448 ipnit.
159 381 207 439 Qui
231 395 307 442 quum
322 381 411 443 paucis
434 387 491 428 onte
509 380 583 428 annis
599 395 631 429 ex
644 387 765 444 praetura
783 395 840 430 eam
856 385 1013 446 provinciam
1027 387 1072 436 ob·

51 453 167 508 inuisset,
184 447 259 497 iacile
277 446 370 497 dilectu
378 447 465 496 habito
479 449 541 496 dues
553 447 666 512 legiones
677 446 769 500 effecit.
789 449 871 507 Quam
888 452 919 500 ob
930 467 983 503 rem
994 469 1072 515 quum

50 519 70 568 i.
87 518 175 567 Aelius
189 516 300 576 Tubero,
322 517 363 565 oui
381 530 412 565 cx
433 523 536 564 senatus
554 515 671 566 consulto
688 523 756 566 sorte
772 531 802 565 ea
819 519 949 580 provincia
966 521 1072 586 obtigis-

50 596 94 647 iet,
115 589 139 634 in
155 585 268 635 Africam
281 585 390 642 veniret,
404 591 431 633 ut
446 584 604 647 provinciam
621 585 717 643 adiret,
734 598 749 633 a
766 584 796 638 P.
814 584 882 634 Varo
900 586 1015 636 exclusus
1033 598 1072 639 est

50 656 114 725 ique
132 669 164 702 ne
180 653 228 702 boc
246 653 347 716 quidem
364 651 529 715 permissum,
552 659 580 700 nt
598 651 727 702 infirmum
741 651 823 701 fllium
841 662 980 717 exponeret
997 663 1071 719 atque

50 738 130 786 ‚quam
144 721 262 783 hauriret,
280 736 330 784 qua
347 720 373 768 in
390 734 418 768 re
435 720 548 783 gerenda
564 721 590 769 P.
605 720 688 768 Varus
703 720 733 778 Q.
750 720 856 785 Ligarii,
875 722 917 783 qni
933 720 1031 786 legatus
1045 723 1071 772 ln
1111 717 1115 725 '

50 791 169 842 trovincia
185 795 347 847 remanserat,
367 801 443 850 opera
459 801 521 836 usus
539 794 586 839 est.
621 788 651 854 L,
670 787 757 837 Aelius
779 803 857 850 quum
875 796 941 838 esset
954 787 1072 839 exclusus
1090 794 1093 799 '

50 861 126 909 ilrica
144 873 200 908 oum
215 856 268 906 lilio
285 871 333 905 suo
350 855 378 903 in
394 854 568 905 Macedoniam
580 869 608 904 se
626 855 764 905 contulerat
775 862 850 918 atque
862 856 888 905 in
900 855 943 906 Gn.
956 858 1071 921 Pompeii

50 936 121 977 astra
139 931 302 990 pervenerat,
318 930 377 987 post
400 931 485 972 autem
508 937 595 987 pugna
616 921 761 973 Pharsalica
779 925 916 973 commissa
932 926 1032 974 veniam
1056 940 1072 974 a

50 995 63 1048 ¹..
79 996 188 1044 Caesare
205 995 397 1056 impetraverat.
415 991 444 1050 Q.
459 991 577 1056 Ligarius
595 992 691 1040 interea
701 1005 752 1042 nna
769 1007 827 1041 cum
837 989 865 1042 G.
883 991 1002 1043 Considio
1019 992 1071 1042 tilio

50 1064 134 1114 roelio
145 1063 178 1109 ad
186 1060 315 1124 Thapsum
325 1059 392 1108 iacto
408 1060 434 1107 in
445 1067 595 1124 potestatem
602 1058 716 1109 Caesaris
731 1061 800 1125 apud
810 1061 975 1111 Adrumetum
983 1075 1072 1125 perve-

50 1141 118 1189 erat‚
139 1130 182 1190 qui
197 1143 254 1177 eum
273 1141 394 1176 concessa
408 1128 462 1176 vita
476 1127 558 1176 solum
578 1136 673 1176 vertere
691 1129 772 1178 iussit.
798 1124 870 1178 Anno
886 1143 912 1192 p.
928 1145 953 1181 u.
968 1144 989 1177 c.
1010 1126 1070 1180 708.

50 1213 117 1248 uum
131 1197 220 1245 iratres
236 1196 267 1254 Q.
281 1195 377 1260 Ligarii
387 1196 416 1245 id
430 1203 579 1245 conarentur
592 1195 700 1254 efficere,
717 1205 744 1245 ut
756 1197 827 1246 fratri
842 1197 949 1246 reditum
964 1180 990 1250 (i.
1009 1195 1071 1247 Gae-

50 1281 79 1315 ιτ
99 1267 261 1324 concederet,
283 1278 315 1313 ne
331 1264 360 1314 td
373 1265 543 1328 impetrarent,
561 1278 576 1312 a
592 1265 620 1317 P.
640 1262 712 1313 Aelio
732 1267 864 1314 Tuberone
885 1265 936 1314 filio
958 1265 1026 1330 apud
1040 1263 1068 1316 0.

50 1348 171 1399 aesarem
195 1334 339 1382 dictatorem
355 1332 386 1390 Q.
404 1333 520 1397 Ligarius
543 1333 574 1382 de
596 1333 741 1393 maiestate,
760 1341 788 1382 ut
804 1334 918 1393 videtur,
936 1329 1073 1382 accusatus

50 1401 214 1462 saeculares
228 1400 388 1460 Quinctilieni
405 1403 481 1451 instit.
495 1408 562 1452 orat.
578 1399 623 1449 lib.
644 1400 686 1450 XI.
706 1417 728 1450 c.
748 1401 773 1451 1.
793 1402 818 1462 S.
838 1400 881 1452 80.
901 1410 925 1452 et
939 1403 1068 1467 Digestor.

50 1487 77 1520 r.
95 1472 116 1519 Ι.
138 1477 156 1518 t.
177 1471 202 1520 2.
220 1469 251 1519 lr.
268 1470 293 1519 2.
312 1470 338 1531 S.
357 1467 400 1520 46.
435 1469 500 1518 llum
523 1469 571 1519 hoc
583 1470 639 1533 ipso
654 1470 779 1531 oratione,
798 1485 862 1532 quae
887 1470 953 1520 inira
968 1469 1068 1535 legitur,

50 1552 84 1589 ra
107 1553 164 1588 cum
183 1535 208 1586 c.
228 1537 310 1586 Pansa
324 1538 357 1591 M.
377 1536 463 1588 Cicero
482 1538 516 1586 ita
535 1537 660 1602 defendit,
680 1546 708 1586 nt
731 1536 758 1587 G.
777 1535 869 1588 (laesor
890 1554 948 1588 eum
964 1537 1068 1588 crimine
1125 1591 1128 1602 Ι

50 1614 154 1658 >araret
171 1606 329 1667 reditumque
347 1607 502 1656 concederet.

96 1760 121 1816 Ι.
143 1756 172 1817 1.
186 1757 303 1816 Novum
320 1753 449 1825 crimen,
472 1753 503 1812 C.
520 1753 645 1824 Caesar,
669 1761 699 1812 et
720 1761 789 1813 ante
810 1753 891 1812 hunc
913 1753 992 1812 diem
1006 1770 1069 1814 non

50 1838 391 1911 :dirumpropinquus'
402 1851 489 1894 meus
511 1836 549 1893 ad
570 1842 599 1894 te
616 1833 963 1908 ammonariae.
981 1834 1068 1909 Liga-

50 1940 115 1985 um
129 1922 159 1980 in
175 1918 279 1979 Africa
296 1918 406 1991 tuisse,
427 1919 521 1992 idque
533 1916 564 1976 C.
578 1917 684 1989 Pansa,
701 1917 867 1991 praestanti
876 1915 923 1976 vir
936 1916 1067 1992 ingenio,

50 2016 132 2068 etus
146 2005 278 2064 tortasse
296 1999 493 2061 familiaritate
507 2015 558 2074 ea,
577 2015 656 2075 quae
673 2008 720 2060 est
737 1999 766 2060 ei
780 2008 895 2074 tecum,
911 2015 1006 2059 ausus
1021 2007 1068 2061 est

50 2086 186 2148 unfiteri.
229 2086 336 2158 ltaque
353 2100 414 2158 quo
430 2100 479 2143 me
494 2090 608 2143 vertam
624 2082 738 2143 nescio.
781 2083 907 2143 Paratus
922 2081 1001 2142 enim
1015 2097 1066 2140 ve

50 2187 155 2243 eram,
172 2185 268 2246 quum·
279 2177 310 2227 tu
324 2166 355 2226 id
370 2183 470 2242 neque
481 2183 537 2242 per
551 2175 581 2226 te
597 2165 693 2227 scires
707 2163 930 2242 nequeaudire
945 2162 1066 2225 aliunde

50 2255 201 2323 amissas,
225 2260 258 2312 ut
272 2250 460 2325 ignoratione
480 2258 533 2310 tua
546 2251 586 2310 ad
602 2248 733 2310 hominis
753 2249 855 2310 miseri
872 2249 998 2310 salutem
1015 2249 1067 2327 ab·

50 2354 147 2399 ‚erar
178 2334 239 2395 Sed
252 2335 396 2408 quoniam
406 2332 560 2408 diligentia
573 2330 684 2405 inimici
696 2333 908 2406 investigatum
922 2339 970 2392 est
984 2329 1067 2406 qnod

58 2423 158 2490 tebet,
176 2417 381 2479 confitendum
397 2425 453 2491 est,
471 2416 595 2491 opinor,
616 2413 795 2491 praesertim
812 2432 903 2490 quum
916 2429 1066 2475 meusne·

50 2502 192 2565 asserius
217 2501 248 2560 C.
265 2500 364 2560 Pansa
384 2499 504 2573 lecerit,
526 2506 559 2560 ut
585 2500 616 2559 id
639 2499 787 2574 integrum
808 2499 867 2558 iarn
890 2513 951 2558 non
974 2503 1066 2567 esset,

50 2588 214 2660 missaque
229 2581 440 2643 controversia
455 2583 553 2643 omnis
569 2583 664 2643 oratio
678 2583 718 2641 ad
734 2579 973 2643 misericordiam
983 2587 1065 2639 tuam

50 2669 222 2730 :inferenda
236 2675 298 2739 est,
321 2682 381 2741 qua
393 2665 511 2740 plurimi
527 2673 597 2728 sunt
612 2663 798 2738 conservati,
820 2680 910 2739 quum
928 2670 990 2722 ate
1005 2675 1066 2719 non

50 2750 246 2813 iterationem
265 2750 389 2824 culpae,
411 2749 468 2808 sed
488 2749 577 2809 errati
598 2748 718 2809 veniam
740 2746 993 2822 impetravissent.
1036 2741 1065 2803 2.

50 2837 139 2896 Labes
156 2831 254 2906 igitur,
269 2833 398 2906 Tubero,
414 2833 499 2908 quod
510 2841 558 2892 est
567 2831 739 2894 accusatori
750 2830 879 2891 maxime
891 2827 1066 2905 optandum,

50 2917 229 2981 anfitentem
242 2932 338 2989 reum,
355 2916 410 2976 sed
423 2924 523 2976 tamen
539 2914 599 2976 hoc
615 2917 818 2987 confitentem,
835 2931 869 2974 se
886 2910 917 2971 in
930 2927 967 2972 eo
981 2915 1066 2986 parte

50 3003 149 3072 risse,
170 3015 230 3074 qua
245 3007 288 3073 te,
306 3015 367 3073 qua
382 2996 478 3058 virum
493 3001 573 3059 omni
588 2998 678 3059 laude
693 2998 824 3073 dignum,
838 3003 955 3072 patrem
969 2999 1062 3055 tuum.

50 3099 143 3160 aque
154 3082 239 3157 prius
255 3082 294 3141 de
306 3090 407 3142 vestro
421 3083 529 3142 delicto
543 3081 746 3142 confiteamini
761 3093 890 3140 necesse
902 3084 961 3150 est,
974 3091 1064 3152 quam

54 3164 147 3246 igarii
166 3167 255 3225 ullam
271 3167 390 3239 eulpam
404 3163 646 3239 reprehendatis.

98 3249 132 3323 Q.
152 3248 232 3308 enirn
242 3246 389 3322 Ligarius,
406 3263 497 3322 quum
509 3247 684 3308 essetnulla
697 3245 769 3306 belli
786 3241 1063 3320 suspicio,legatus

50 3356 61 3398 ι
79 3333 218 3397 Africam
239 3347 307 3389 curn
321 3330 351 3389 C.
371 3328 518 3391 considio
536 3331 691 3406 proiectus
708 3337 772 3389 est:
794 3342 854 3402 qua
867 3325 899 3387 in
914 3324 1063 3399 legatione

50 3428 60 3484 ι
83 3415 205 3477 civibus
230 3419 260 3472 et
280 3412 372 3474 sociis
393 3413 435 3474 ita
458 3428 493 3474 se
513 3413 666 3490 probavit,
686 3421 720 3473 ut
733 3404 886 3548 widem
900 3401 1063 3468 Considius

93 3510 150 3554 cre.
169 3506 258 3551 onir.
587 3549 591 3555 ,
1062 3499 1068 3507 ·
