2340 3788
72 196 166 262 ’Μ
237 251 240 255 .
335 191 411 255 PRO
425 188 740 254 meu-buleutas
755 188 916 251 cabulo.

103 363 227 429 quam-a
244 353 274 407 te
289 352 337 406 est
353 350 385 404 ct
397 358 459 403 nou
470 357 636 417 numquam
647 338 870 416 obstupefactis
885 339 1078 405 bominibus
1087 342 1133 419 ipa

102 428 303 495 admiratione
331 442 528 501 compressus
547 432 595 485 est
616 433 647 485 et
676 425 808 485 fortasse
834 439 872 484 eo
887 427 1131 500 promeruissit

104 515 176 591 quio
189 510 263 571 nihil
276 511 403 585 vulgare
417 517 447 570 te
456 509 585 584 'dignum
600 505 697 567 videri
711 514 821 582 potest.

181 595 258 655 Xlll.
278 590 330 655 35.
354 591 433 651 Nihil
462 608 481 652 a
506 607 555 651 me
575 589 704 650 arbitror
717 587 936 669 praeteritum,
957 593 1024 653 sed
1045 590 1131 670 abuit

34 730 39 747 ,
103 681 143 740 ud
166 686 334 739 extremum
358 689 470 736 causae
490 681 679 736 reservatum
687 716 701 743 .,
716 672 752 733 ld
773 680 874 733 autem
891 674 1023 752 aliquid
1049 683 1132 745 est,t

67 754 72 769 ¹
103 768 137 824 ut
147 757 762 837 planeDoiotaroreconciliatoretiomea.
783 752 1044 819 nonantulam
1057 767 1131 821 metu

57 902 60 911 ,
104 860 144 905 ne
166 842 210 904 illi
231 851 263 904 tu
278 856 481 904 succenseas:
504 840 579 902 illud
601 855 710 901 vereor
729 855 769 899 ne
788 838 841 900 tibi
854 837 946 900 illurn
963 856 1131 903 succenset

104 926 221 1003 aliquid
244 924 425 1000 suspicere:
448 924 531 1001 quod
552 923 641 984 abest
653 921 842 998 longissime,
857 922 937 983 mihi
952 926 1068 1000 crede,
1082 926 1129 987 Cre

104 1025 165 1071 sar.
209 1008 288 1083 Quid
305 1007 385 1071 enirn
400 1007 529 1069 retineat
542 1022 598 1084 per
612 1015 642 1067 te
655 1005 804 1078 meminit,
827 1021 890 1067 non
908 1006 993 1083 quid
1012 1007 1128 1079 amicari

59 1078 69 1095 '
102 1106 205 1168 noque
221 1109 257 1153 se
274 1108 293 1152 a
308 1088 344 1154 'te
364 1088 538 1153 mulctatum
552 1088 718 1162 arbiratur,
737 1088 811 1162 sed,
832 1103 933 1164 quum
954 1091 1128 1155 existimus

102 1173 204 1237 multis
225 1174 279 1235 tibi
301 1176 394 1237 multa
413 1182 486 1236 ess'e
499 1173 674 1246 tribuendo,
695 1171 872 1247 quominus
888 1189 911 1232 u
928 1188 982 1249 se,
998 1174 1057 1252 qui
1069 1174 1127 1235 iud

100 1266 168 1319 tara
182 1265 268 1334 parte
280 1256 397 1330 luisset,
413 1272 450 1316 ea
467 1272 605 1318 sumeres
622 1270 682 1315 non
696 1253 872 1316 recusavit*
903 1252 961 1318 lid.
984 1253 1128 1321 Etouina'

102 1339 291 1414 Antiochus,
304 1334 515 1415 Magnus'illc,
531 1355 587 1399 rex
600 1338 711 1412 Asiae,
726 1352 828 1413 quum,
845 1346 961 1413 postca
975 1358 1074 1416 quam
1087 1338 1128 1411 ab

63 1444 68 1449 ·
103 1422 248 1497 Scipione
259 1421 398 1483 devictus
408 1418 604 1482 'faurotenus
614 1421 922 1495 regnareiuscusest,
932 1426 1128 1487 omnembrnt

103 1504 219 1576 Asiam,
235 1519 315 1578 quae
330 1512 377 1565 est
391 1519 472 1568 nunc
488 1511 595 1567 nostra
609 1503 777 1580 provincia,
792 1502 962 1581 amisisset,
981 1508 1090 1571 dicere
1100 1512 1127 1568 ct

104 1586 213 1648 solitus
231 1586 366 1663 benigne
378 1586 436 1648 sibi
451 1589 597 1664 apopulo
609 1589 747 1648 Romano
766 1587 878 1649 lactum
892 1604 992 1666 esse,
1009 1588 1127 1669 quadri

103 1668 161 1729 mis
178 1676 288 1745 magna
303 1669 518 1744 procuratione
530 1670 674 1732 liberatus
689 1668 818 1732 modicis
830 1670 920 1745 regni
930 1677 1126 1737 torminisutr

102 1759 194 1825 retur,
208 1761 313 1828 potest
325 1755 418 1815 multo
435 1754 556 1815 facilius
572 1769 606 1815 se
619 1753 780 1815 Deiotarus
794 1754 966 1816 consolari.
1004 1759 1063 1821 Illo
1075 1757 1127 1820 enit

102 1833 215 1896 luroris
235 1838 376 1898 mulctam
398 1839 571 1910 sustulerat,
595 1838 643 1898 bic
667 1835 789 1898 erroris.
811 1835 922 1898 Omnia
941 1843 1126 1911 tu'belotan

103 1918 230 1993 caesar,
245 1919 391 1994 tribuisti,
407 1938 501 2000 quum
516 1928 546 1981 el
560 1919 621 1996 ipsi
634 1929 665 1981 et
680 1921 742 1982 lilio
755 1936 866 1981 nomen
876 1923 1010 1997 regium
1028 1940 1128 1989 cocco*

103 2002 179 2062 sisti.
222 2004 288 2064 lloc
304 2002 425 2065 nomine
441 2012 557 2064 retento
573 2002 670 2078 atque
683 2012 815 2079 servato,
826 2005 947 2066 nullum
962 2008 1128 2073 beneficiio

100 2084 209 2160 populi
230 2086 374 2160 Romani,
394 2088 507 2147 nullum
529 2086 673 2147 iudicium
693 2087 731 2147 de
752 2104 787 2147 se
807 2089 1128 2156 senatus‘imminutnr

101 2174 198 2242 putat.
241 2169 354 2244 Magno
369 2169 470 2230 animo
486 2177 517 2230 et
531 2178 633 2230 erecto
650 2179 712 2242 est,
727 2186 784 2229 nec
798 2187 951 2247 umquam
967 2179 1129 2241 succumbat

101 2248 242 2321 inimicis,
259 2267 298 2310 ne
310 2253 449 2314 fortunae
465 2251 597 2329 quidem.
633 2251 684 2315 37.
698 2253 792 2314 llum
807 2271 843 2315 se
859 2255 1043 2323 arbitratur
1059 2272 1088 2324 et
1098 2275 1129 2337 pt

99 2333 222 2408 perisse
244 2341 313 2394 ante
335 2335 422 2396 lactis
444 2345 473 2396 et
493 2336 606 2396 habere
625 2336 656 2395 in
678 2338 778 2396 animo
800 2347 893 2412 atque
916 2336 1061 2420 virtute,
1078 2356 1130 2422 qut

100 2415 183 2476 nullo
199 2417 292 2477 modo
308 2417 408 2492 possit
423 2420 566 2480 amittere.
609 2419 691 2492 Quae
707 2421 785 2480 enirn
801 2422 926 2481 fortuna
941 2435 1002 2487 aut
1020 2430 1090 2505 quis
1102 2443 1130 2488 ce

101 2514 155 2559 sus
177 2507 230 2559 aut
252 2516 331 2574 quae
356 2511 437 2562 tanta
457 2501 557 2577 possit
576 2501 683 2562 iniuria
704 2502 836 2563 omnium
860 2504 1130 2580 imperatorumlt

100 2581 243 2642 Deiotaro
268 2585 390 2646 decreta
411 2586 540 2645 deleret
559 2586 607 2645 Ab
629 2585 768 2646 omnibus
784 2595 832 2647 est
852 2586 936 2647 enirn
955 2590 1000 2652 iis
1019 2604 1130 2662 ornatus

100 2663 161 2739 qui,
181 2674 290 2740 postea
307 2684 397 2742 quam
414 2667 443 2727 in
461 2667 568 2728 castris
584 2684 655 2728 esse
669 2669 768 2743 potuit
782 2684 838 2744 per
852 2677 1005 2750 aetatem,
1023 2679 1057 2739 in
1072 2676 1129 2743 Asit

100 2748 313 2823 cappadocia,
333 2751 447 2823 Ponto,
464 2751 584 2822 Cilicia,
609 2750 699 2828 Syria
712 2753 792 2812 bella
812 2765 1001 2827 gesserunt=
1027 2769 1130 2824 senatus

101 2846 175 2891 vero
193 2831 309 2892 iudicia
330 2833 369 2892 de
394 2831 445 2893 illo
465 2842 525 2894 tam
541 2836 632 2894 multa
648 2842 771 2910 tamque
786 2834 978 2913 honorilice,
998 2862 1085 2920 quae
1096 2859 1131 2921 pu

98 2913 186 2972 blicis
199 2913 307 2990 populi
322 2915 452 2976 Romani
462 2915 568 2976 litteris
582 2917 847 2993 monumentisque
859 2923 1058 2998 consignata
1074 2934 1130 2992 sunt

100 3011 179 3067 quae
190 3014 334 3073 umquam
347 3006 482 3060 vetustas
494 2998 603 3060 obruet
613 3007 664 3060 aut
678 3018 758 3074 quae
772 3010 854 3062 tauta
871 2998 996 3070 delebit
1015 3010 1132 3073 obliniat

100 3076 179 3150 Quid
194 3079 232 3138 de
248 3081 355 3143 virtute
369 3082 435 3143 eius
451 3082 572 3142 dicam?
585 3084 624 3143 de
642 3084 847 3159 magnitudine
863 3086 970 3164 animi,
986 3095 1131 3168 gravium

100 3163 295 3222 constantia?
316 3182 395 3241 quae
418 3181 525 3226 omnes
546 3167 628 3226 docti
643 3173 736 3242 atque
752 3166 909 3244 sapientes
927 3187 1070 3250 summa,
1086 3175 1131 3254 qui

99 3242 169 3302 dam
191 3243 280 3311 etiam
302 3249 368 3307 sola
388 3247 470 3309 bona
491 3264 562 3309 esse
583 3251 737 3325 dixerunt,
763 3251 875 3326 hisque
896 3269 963 3315 non
990 3263 1089 3323 modo
1107 3257 1132 3320 sl

98 3324 187 3398 bene,
201 3328 257 3386 sed
271 3330 361 3390 etiam
377 3331 417 3390 ad
431 3333 520 3392 beate
535 3332 696 3392 vivendum
712 3342 883 3395 contentam
899 3352 978 3400 esse
991 3344 1131 3408 virtutem

98 3404 148 3468 38.
167 3410 250 3470 Haec
270 3410 321 3472 illc
336 3423 480 3487 reputans
500 3423 531 3475 et
545 3414 611 3475 dies
627 3424 796 3492 noctesque
811 3415 955 3493 cogitans
971 3441 1044 3489 uon
1058 3427 1131 3491 molt
