2340 3788
322 171 403 233 CAP
418 179 549 234 49-51
571 178 598 239 3·
612 180 707 237 107-
718 183 778 237 113
1020 176 1062 241 85

25 324 105 387 riae:
127 323 188 384 boc
208 324 266 385 iste
287 338 304 382 e
324 321 412 398 signo
435 323 553 383 cereris
574 324 767 385 avellendum
780 327 1062 403 asportandumque

19 406 155 470 curavit.

109 490 145 550 L.
172 488 229 564 Qui
244 490 365 549 tandem
381 488 468 553 istius
490 486 608 549 aniinus
633 497 680 550 est
698 505 778 548 nunc
797 489 827 550 in
848 493 1061 555 recordatione

30 574 179 637 scelerum
198 588 331 646 suorum,
349 588 442 648 quum
456 587 513 649 ego
528 571 641 647 ipsein
656 574 940 636 commemoratione
955 592 1061 638 eorum

30 674 89 720 non
103 658 204 719 solum
220 655 321 718 animo
338 671 547 726 commovear,
565 672 669 716 verum
685 655 774 716 etiam
789 672 919 731 corpore
934 661 1059 733 perhor-

31 746 170 804 rescam?
189 739 281 800 Venit
297 740 378 800 enim
392 739 464 800 mihi
482 738 557 810 lani,
573 738 822 814 loci,.relig·i0nis
839 739 920 800 illius
934 742 964 800 in
977 758 1060 803 men-

31 833 101 887 tem:
113 832 277 884 versantur
283 823 467 884 anteoculos
475 822 589 882 omnia:
603 822 805 898 diesille,‘quo
816 825 1060 898 quumegollen-
1074 893 1080 901 ,

32 924 95 971 nam
121 908 296 979 venissem,
311 914 434 981 praesto
450 905 523 965 mihi
538 908 715 967 sacerdotes
735 906 853 966 Cereris
868 922 937 967 curn
957 907 1061 969 inlulis

33 1007 63 1053 tc
76 990 222 1053 verbenis
237 991 373 1051 luerunt:
388 989 489 1050 contio
502 998 732 1064 conventusque
744 989 871 1049 civium:
887 989 917 1048 in
930 1006 991 1064 quo
1003 1005 1061 1064 ego

34 1092 120 1153 quum
137 1076 297 1150 loquerer,
310 1071 384 1140 tanti
400 1072 529 1148 gemitus
548 1072 702 1149 fletusque
716 1073 838 1145 fiebunt,
853 1079 887 1132 ut
899 1072 1063 1134 acerbissi-

33 1174 92 1221 nns
107 1155 263 1219 tota'urbe
282 1158 383 1217 luctus
397 1157 512 1217 versari
531 1157 694 1217 videretur.
726 1153 796 1218 111.
818 1157 885 1216 Non
910 1155 953 1215 illi
968 1158 1060 1216 decu-

10 1250 12 1261 '
32 1239 289 1316 narumimperia,
300 1256 361 1302 non
373 1241 523 1301 bonorum
534 1239 731 1316 direptiones,
745 1257 806 1301 non
818 1239 926 1321 iniqua
938 1237 1060 1312 iudicia,

32 1342 85 1389 non
108 1325 298 1400 importunas
316 1324 404 1386 istius
419 1323 577 1397 libidines,
592 1341 652 1386 non
667 1324 743 1396 vim,
765 1341 826 1385 non
848 1323 1060 1396 contumelias,

33 1409 138 1487 quibus
160 1408 262 1469 vexati
287 1407 491 1485 oppressique
512 1416 611 1482 erant,
636 1409 915 1483 conquerebantur:
941 1406 1060 1467 Cereris

33 1508 147 1567 namen,
166 1507 323 1553 sacrorum
338 1500 527 1566 vetustatem,
543 1492 605 1551 lani
622 1491 809 1567 religionem,
824 1493 912 1552 istius
929 1493 1059 1551 scelera-

33 1574 135 1638 l'ssimi
156 1584 248 1650 atque
261 1575 458 1636 audacissimi
474 1574 626 1649 supplicio
643 1575 759 1650 expiari
776 1576 936 1635 volebant:
960 1573 1061 1634 omnia

28 1674 60 1721 aa
72 1668 197 1721 caetera
214 1659 277 1733 pati
291 1675 327 1718 ac
343 1657 498 1731 negligere
516 1657 666 1717 dicebant.
695 1658 752 1717 Hic
765 1659 854 1718 dolor
870 1666 934 1717 erat
949 1665 1059 1728 tantae,

33 1744 189 1805 rtVerres
210 1743 286 1801 alter
308 1740 404 1800 Orcus
419 1739 544 1800 venisse
557 1740 696 1800 Hennam
717 1749 747 1800 et
767 1756 829 1801 non
846 1740 1061 1814 Proserpinam

33 1834 216 1903 aportasse,
238 1821 316 1882 sed
309 1837 410 1896 rpsam
421 1819 595 1894 abripuisse
608 1823 746 1881 Cererem
758 1821 921 1882 videretur.
942 1823 980 1881 Et
968 1821 1062 1881 terrim

34 1910 94 1973 {bs
114 1908 167 1966 illa
181 1921 242 1964 non
256 1905 329 1964 urbs
347 1902 481 1974 videtur,
498 1902 555 1962 sed
569 1904 670 1962 sanum
686 1903 803 1962 Cereris
819 1920 905 1964 esse=
925 1903 1062 1963 habitare

34 1992 109 2071 lpud
126 2004 198 2050 sese
214 1987 352 2048 Cererem
359 1986 541 2046 Hennenses
553 1985 747 2046 arbitrantur.
765 1993 797 2045 ut
810 1985 884 2045 mihi
901 2002 961 2045 non
977 1985 1062 2045 cives

33 2072 103 2139 llus
121 2071 268 2143 civitatis,
287 2071 342 2131 sed
359 2085 465 2130 omnes
481 2070 673 2144 sacerdotes,
693 2085 799 2130 omnes
821 2071 947 2130 accolae
967 2077 1060 2144 atquc

33 2157 175 2221 anstites
194 2154 312 2215 Cereris
327 2169 398 2214 esse
413 2153 538 2214 videant
526 2162 583 2214 t-ur
611 2117 682 2216 112'.
698 2155 806 2213 Henna
822 2162 854 2214 tu
868 2153 1063 2215 simulacrum

33 2240 176 2305 larerist
163 2240 271 2300 tollere
295 2238 453 2298 audebas?
487 2238 595 2299 Henna
615 2246 648 2299 tu
663 2239 702 2298 de
717 2254 809 2297 manu
823 2238 943 2298 Cereris
957 2237 1061 2298 Victo-

32 2326 98 2387 dun
114 2322 256 2397 deripere
272 2330 302 2382 et
315 2323 405 2381 deam
422 2321 499 2382 deae
516 2322 677 2382 detrahere
698 2329 826 2382 conatus
845 2329 903 2382 est
929 2336 1059 2396 quorum

32 2408 97 2470 ubil
107 2407 235 2477 violare,
251 2404 324 2465 nihil
339 2405 486 2478 attingere
497 2405 564 2465 ausi
582 2414 661 2477 sunt,
678 2405 708 2465 in
726 2404 835 2480 quibus
851 2412 937 2466 erant
951 2405 1062 2500 omnia,

32 2508 106 2569 quae
121 2489 234 2550 sceleri
245 2488 393 2564 propiora
406 2496 477 2548 sunt
493 2504 582 2561 quam
596 2488 745 2564 religioni.
785 2491 959 2550 Terruerunt
972 2487 1062 2559 enim,

29 2568 234 2650 tropitae.
251 2571 374 2647 Rupilio
395 2571 582 2645 consulibua,
603 2573 686 2633 illum
700 2575 800 2635 locum
819 2573 911 2646 servi,
933 2567 1061 2644 fugitivi,

10 2654 12 2681 ¹
28 2656 160 2729 barbam
184 2656 300 2717 hostes
330 2654 393 2715 Sed
409 2670 510 2728 neque
528 2663 586 2714 tam
606 2655 688 2717 servi
702 2657 745 2717 illi
761 2659 953 2718 dominorum
971 2668 1063 2727 quam

29 2740 247 2813 ttrlibidinum,
263 2747 439 2815 aequatam
455 2737 569 2812 fugitivi
590 2738 632 2799 illi
652 2742 690 2800 ab
712 2740 844 2801 dominis
866 2753 958 2813 quam
973 2745 1006 2796 tu
1023 2737 1062 2795 ab

27 2824 86 2889 lure
103 2833 135 2886 et
147 2825 187 2885 ab
202 2823 337 2898 legibus,
362 2838 462 2898 neque
476 2830 537 2882 tam
552 2821 673 2882 barbari
696 2824 799 2897 lingua
820 2830 850 2882 et
870 2819 994 2880 natione
1019 2817 1062 2881 illi

28 2927 114 2987 qnam
131 2903 166 2968 tu
184 2916 290 2968 natura
316 2913 346 2966 et
369 2907 520 2978 moribus,
548 2923 649 2979 neque
664 2914 725 2965 tam
739 2905 781 2963 illi
803 2905 910 2964 hostes
933 2903 1062 2967 homini-

26 2990 77 3055 bus
94 3009 190 3068 quam
210 2999 243 3052 tu
260 2992 307 3050 dis
324 2989 553 3054 immortalibus,
575 2988 658 3062 Quae
674 2987 850 3062 deprecatio
866 2996 914 3048 est
929 2989 1020 3065 igitur
1033 2993 1063 3052 ei

25 3075 159 3152 reliqua,
175 3076 228 3150 qui
245 3073 422 3147 indignitate
436 3088 556 3146 servos,
571 3071 739 3132 temeritate
761 3071 921 3146 fugitivos,
944 3076 1061 3135 scelere

25 3160 183 3232 barbaros
200 3158 377 3218 crudelitate
391 3157 497 3217 hostes
512 3155 640 3225 viceritt
658 3156 704 3215 Ll.
723 3153 794 3218 113.
809 3157 948 3219 Audistis
964 3158 1060 3217 Theo-

26 3244 129 3305 dorum
148 3251 179 3303 et
192 3240 373 3302 Numenium
389 3248 419 3300 et
433 3239 635 3311 Nicasionem,
649 3241 768 3314 legatos
782 3239 982 3313 Hennenses,
1003 3256 1060 3314 pu·

25 3323 391 3388 blicedicereseseasuis
399 3323 517 3383 civibus
525 3323 724 3392 bacchabere
732 3325 882 3397 mandata,
900 3326 1061 3385 utVerrem

28 3407 142 3471 odirent
157 3416 188 3470 et
203 3424 272 3469 eum
289 3407 484 3467 simulacrum
500 3407 616 3467 Cereris
634 3416 664 3468 et
675 3407 828 3469 Victoriae
844 3412 1068 3484 reposcerent·-
