2340 3788
330 203 557 265 caece-st.
578 208 604 283 e.
621 211 786 266 roe-roc.
1007 202 1071 268 Ν

46 352 179 415 maxime
200 353 305 427 populi
325 352 454 412 Romani
476 352 618 412 iudicium
638 367 673 411 ac
698 354 837 412 voluntas
861 363 975 428 potest,
997 370 1070 415 con·

46 439 145 506 tione,
172 435 317 507 comitiis,
343 436 483 495 ludorum
506 436 768 510 gladiatorumque
793 451 953 496 consessu.
985 437 1069 510 Quae

47 517 151 581 contio
166 517 221 576 luit
234 534 289 592 per
301 518 358 577 hos
372 533 483 591 annos,
512 533 591 590 quae
606 517 728 592 quidem
740 526 824 577 esset
837 532 899 575 non
912 521 1071 591 conducta,

48 603 107 663 scd
131 616 217 672 vera,
242 600 273 659 in
294 616 355 675 qua
377 599 484 676 populi
504 600 632 659 Romani
655 615 825 659 consensus
850 600 985 674 perspici
1012 619 1073 662 non

47 689 178 761 posset?
198 683 326 743 Habitae
339 692 411 743 sunt
430 685 542 742 multae
558 685 597 743 de
615 700 663 741 me
682 681 882 757 agladiatore
902 684 1072 744 sceleratis·

49 767 144 840 simo,
158 766 197 824 ad
215 782 291 839 quas
306 782 394 827 nemo
410 765 516 826 adibat
526 765 736 839 incorruptus,
761 780 850 824 nemo
868 764 997 840 integer:
1010 771 1072 826 'nc-

48 867 98 909 mo
123 849 206 908 illum
228 848 350 908 foedum
370 850 486 909 vultum
510 847 663 922 aspicere,
690 863 778 908 nemo
805 847 940 907 furialem
965 863 1071 907 vocem

47 935 150 993 bonus
167 930 272 990 audire
288 939 414 1004 poterat.
449 932 554 1009 Erant,
578 938 663 990 erant
676 929 745 989 illae
767 930 924 991 contiones
939 930 1072 1003 perdito·

47 1033 116 1075 rum
131 1013 286 1074 hominum
300 1015 475 1073 necessario
486 1014 684 1073 turbulentae.
708 1011 777 1074 107.
792 1011 902 1072 Habuit
913 1013 952 1071 de
964 1014 1072 1072 eodem

48 1115 97 1158 me
116 1097 146 1155 P.
162 1096 307 1155 Lentulus
323 1097 430 1157 consul
446 1096 631 1156 contionem:
646 1110 815 1156 concursus
828 1102 875 1155 est
892 1094 998 1169 populi
1012 1097 1072 1156 Ro-

48 1180 132 1240 mani
147 1181 259 1239 lactus:
282 1194 388 1239 omnes
403 1179 539 1251 ordines,
560 1186 622 1238 tota
634 1179 666 1237 in
679 1179 729 1238 illa
743 1178 883 1238 contione
900 1176 985 1237 ltalia
999 1194 1071 1239 con·

48 1263 134 1323 stitit.
164 1261 234 1336 Egit
250 1277 374 1321 causam
396 1278 513 1322 summa
533 1277 601 1322 cum
616 1260 761 1336 gravitate
776 1261 927 1336 copiaque
941 1261 1071 1333 dicendi,
1112 1292 1116 1297 ·

47 1353 132 1407 tanto
150 1343 285 1417 silentio,
301 1351 383 1404 lanta
396 1345 615 1420 approbatione
630 1343 777 1414 omnium,
797 1343 869 1402 nihil
884 1350 917 1402 ut
929 1360 1072 1418 umquam

48 1429 204 1488 videretur
222 1436 283 1488 tam
303 1428 451 1507 populpre
471 1429 510 1487 ad
532 1427 638 1501 populi
656 1427 785 1488 Romani
801 1442 891 1487 aures
909 1427 1069 1488 accidisse.

47 1512 218 1571 Productus
233 1519 281 1570 est
294 1511 332 1571 ab
347 1527 384 1571 eo
399 1511 450 1572 Cn.
465 1511 643 1585 Pompeiae,
661 1511 713 1584 qui
730 1526 765 1570 se
782 1527 842 1570 uon
858 1511 956 1570 solum
967 1520 1071 1571 aucto-

47 1611 114 1654 rem
125 1610 211 1653 meae
222 1594 343 1664 salutis,
361 1595 417 1654 sed
428 1593 517 1654 etiarn
528 1594 697 1667 supplicem
709 1594 823 1666 populo
834 1594 971 1652 Romano
985 1610 1069 1667 prae-

48 1678 123 1736 buit.
159 1675 256 1735 Huius
274 1675 369 1734 oratio
395 1683 425 1734 et
443 1674 601 1749 pergravis
622 1683 652 1734 et
670 1683 755 1748 grata
775 1674 908 1734 contioni
932 1675 1000 1734 luit:
1017 1677 1070 1739 ‚sic

48 1758 218 1826 contendo,
240 1771 404 1828 numquam
421 1771 521 1830 neque
542 1755 721 1814 sententiam
741 1755 808 1815 eius
824 1755 1001 1815 auctoritate
1017 1775 1068 1816 ne·

51 1853 115 1914 que
137 1837 340 1910 eloquentiam
360 1836 545 1897 iucunditate
568 1836 663 1895 luisse
691 1835 815 1895 maiore.
851 1835 921 1897 108.
943 1836 1008 1909 Quo
1030 1839 1070 1897 si-

47 1919 143 1982 lentio
166 1925 236 1978 sunt
257 1916 351 1977 auditi
372 1917 411 1977 de
431 1933 479 1977 me
500 1917 612 1978 caeleri
633 1917 786 1992 principes
814 1918 957 1979 civitatis!
992 1936 1071 1992 quos

47 2003 164 2064 idcirco
187 2017 248 2061 non
265 1999 386 2076 appello
407 2000 566 2071 hocloco,
588 2016 714 2060 nemea
734 2000 845 2074 oratio,
867 1999 1013 2060 siminus
1033 2001 1073 2060 de

50 2087 153 2159 aliquo
168 2083 289 2154 dixero,
308 2082 438 2156 ingrata,
455 2083 483 2142 si
496 2082 571 2144 sotis
588 2084 627 2143 de
641 2082 796 2155 omnibus,
811 2083 927 2143 infinita
941 2099 1012 2143 esse
1029 2083 1072 2142 vi·

52 2170 169 2228 deatur.
202 2167 283 2226 Cedo
297 2181 378 2239 nunc
393 2165 529 2226 eiusdem
546 2164 627 2227 illius
640 2165 752 2225 inimici
766 2166 825 2226 mei
840 2167 879 2227 de
899 2182 948 2225 me
963 2167 1072 2226 eodem

52 2251 92 2309 ad
107 2266 211 2310 verum
227 2249 373 2323 populum
392 2248 424 2307 in
442 2264 549 2324 campo
563 2249 670 2309 Martio
693 2249 879 2309 contionem!
913 2247 986 2323 Quis
1008 2266 1071 2310 non

51 2334 142 2392 modo
157 2331 352 2406 approbavit,
368 2332 424 2391 sed
439 2347 498 2392 non
513 2332 754 2407 indignissimum
770 2332 887 2393 lacinus
903 2335 1018 2406 putavit
1035 2332 1070 2392 il-

51 2417 113 2474 lum
128 2432 188 2474 non
204 2413 302 2474 dicam
322 2413 422 2489 loqui,
438 2415 493 2474 sed
508 2415 611 2475 vivere
631 2431 668 2474 ac
682 2415 820 2490 spiraret
848 2414 921 2489 Quis
943 2415 998 2475 luit
1020 2414 1072 2491 qui

51 2515 111 2557 non
128 2499 193 2557 eius
209 2512 286 2556 voce
300 2496 444 2557 maculari
458 2513 522 2557 rem
535 2497 685 2573 publicam
697 2514 809 2572 seque,
824 2499 851 2559 si
863 2515 932 2559 eum
944 2498 1072 2568 audiret,

53 2581 170 2639 scelere
188 2579 313 2655 astringi
329 2572 542 2640 arbidareturt

133 2662 178 2720 LI.
209 2660 279 2723 109.
307 2660 407 2721 Venio
428 2662 467 2720 ad
489 2662 620 2736 comitia,
643 2662 708 2723 sive
727 2662 953 2737 magistratuum
974 2663 1074 2735 placet
1145 2703 1147 2707 ψ

50 2744 118 2805 sive
132 2746 240 2818 legum.
271 2745 369 2819 Leges
383 2743 523 2805 videmus
539 2762 634 2819 saepe
648 2745 718 2806 ferri
732 2746 851 2806 multas.
885 2743 993 2804 Omitto
1008 2759 1072 2814 eas,

51 2843 130 2901 quae
148 2828 282 2888 feruntur
295 2827 350 2898 ita,
373 2826 425 2886 vix
439 2836 472 2887 ut
485 2827 613 2901 quiniet
625 2827 646 2887 ii
660 2845 698 2889 ex
713 2829 812 2890 aliena
824 2827 919 2898 tribu,
943 2826 995 2900 qui
1009 2827 1073 2886 sul-

50 2908 178 2983 fragium
193 2911 290 2971 lerant
308 2909 505 2984 reperientur.
536 2911 581 2970 De
601 2926 663 2981 me,
689 2928 777 2984 quern
798 2919 960 2988 tyrannum
979 2918 1073 2983 atque

49 3000 221 3065 ereptorem
234 2989 380 3054 libertatis
395 3008 466 3054 esse
477 2992 597 3053 dicebat
609 2992 660 3052 illa
674 2995 761 3053 ruine
775 2994 820 3052 rei
837 2992 986 3067 publicae,
1000 2990 1074 3052 dicit

49 3090 85 3134 se
102 3075 199 3148 legem
214 3075 331 3136 tulisse.
352 3074 425 3148 Quis
440 3084 488 3136 est
502 3075 614 3149 quise,
632 3092 725 3148 quum
737 3085 842 3136 contra
852 3091 900 3134 me
912 3076 1076 3145 terebatur,

49 3155 146 3217 inisse
161 3157 337 3232 suffragium
354 3157 553 3218 confiteatur?
574 3175 666 3231 quum
680 3167 780 3218 autern
798 3158 838 3218 de
851 3160 1021 3218 mc'eodem
1032 3173 1073 3217 ex

49 3241 354 3314 senatusconsulto,
380 3240 510 3302 comitiis
536 3240 710 3301 centuriatis
738 3242 904 3313 ferebatur,
936 3241 1005 3316 quis
1026 3247 1075 3299 est

50 3321 103 3396 qui
117 3338 178 3381 non
194 3322 370 3395 profiteatur
388 3339 424 3384 se
444 3322 581 3383 adfuisse
598 3312 820 3398 etlsulnagium
840 3326 879 3384 de
894 3326 991 3384 salute
1005 3336 1074 3381 mea

48 3404 178 3467 tulisset
208 3404 282 3465 Utra
301 3404 392 3480 igitur
413 3422 509 3466 causa
527 3405 684 3480 popularis
704 3407 796 3468 debet
817 3406 931 3467 videri=
959 3405 989 3464 in
1013 3418 1075 3479 qua
