2340 3788
374 202 794 271 cnP.1t—1t.s.c⁵-sa.
864 154 865 158 Ν
992 210 1102 297 Ι357

72 354 168 430 Igitur
189 369 228 413 ne
244 350 365 415 clodius
381 351 503 429 quidem
518 353 558 414 de
571 349 691 412 insidiis
707 353 865 428 cogitavit,
886 360 1028 432 quoniam
1046 363 1102 425 luit

71 439 105 498 in
120 437 238 496 Albano
253 451 423 498 mansurus.
467 435 500 496 Si
516 433 637 512 quidem
652 433 789 495 exiturus
806 438 846 496 ad
858 441 980 503 caedem
997 461 1015 505 e
1030 447 1101 506 villa

72 536 136 580 non
157 519 274 580 luisset.
318 517 417 579 Video
440 519 520 578 enim
535 517 634 589 illum,
659 516 712 590 qui
731 517 848 579 dicatur
868 520 907 580 de
921 522 991 599 Cyri
1004 538 1100 590 morte

72 603 253 674 nunciasse,
275 617 336 661 non
357 600 390 661 id
403 601 583 672 nunciasse,
606 600 661 658 sed
680 598 823 660 Milonem
843 605 1098 683 appropinquare.

70 686 147 745 Nam
167 683 298 760 quidde
320 684 400 761 cyro
416 682 587 752 nunciaret,
609 697 699 755 quem
717 681 841 743 Clodius
862 686 960 745 Roma
979 693 1099 762 profici.

70 783 162 828 scens
174 763 621 842 reliqueratrnorientethna
632 764 691 838 lui,
709 774 921 827 testamentum
930 768 1001 846 Cyri
1012 774 1101 834 simul

69 848 232 923 obsignavi
260 864 329 908 curn
352 847 473 908 Clodio:
506 853 715 908 testamentum
743 855 845 909 autem
865 851 965 923 palum
986 853 1102 918 lecerat

70 932 198 993 stillum
212 930 355 991 heredem
375 937 466 989 etms
481 928 654 1002 scripserat.
700 930 794 1003 Quem
808 930 907 1004 pridie
921 931 998 993 hora
1015 935 1101 998 tertia

69 1015 200 1074 animam
221 1012 377 1072 eillantem
391 1011 581 1085 reliquisset,
603 1026 672 1070 eum
692 1019 844 1072 mortuum
858 1014 1007 1087 postridie
1024 1019 1100 1079 hora

69 1096 189 1157 decima
204 1095 336 1168 denique
347 1091 383 1154 'ei
397 1093 614 1155 nunciabatur?
626 1094 702 1154 XIX.
714 1092 765 1154 49.
776 1095 854 1169 Age,
869 1095 908 1155 sit
917 1094 958 1157 ita
971 1100 1099 1160 iactum=

69 1194 151 1254 quae
165 1192 260 1237 causa
276 1191 331 1235 cur
343 1177 471 1237 Romam
487 1182 686 1251 properarett
708 1193 762 1237 cur
775 1175 806 1235 in
821 1185 942 1238 noctem
954 1196 993 1254 se¹
1005 1183 1098 1243 conii·

69 1266 173 1321 cereta
188 1258 264 1333 Quid
278 1258 435 1319 adferebat
446 1275 568 1321 causant
579 1257 802 1319 festinationis?
812 1259 900 1332 Quod
911 1260 1001 1323 heres
1015 1272 1099 1327 erati

66 1343 200 1404 Primum
215 1349 278 1401 erat
293 1341 366 1401 nibil
380 1357 434 1403 cur
450 1349 614 1421 properato
631 1358 710 1416 opus
725 1350 823 1402 esset:
844 1341 956 1405 deinde
975 1344 1002 1405 si
1024 1347 1098 1420 quid

66 1433 161 1498 esset,
177 1423 251 1500 quid
262 1424 383 1485 tandem
393 1432 459 1486 erat
469 1424 554 1500 quod
567 1439 604 1484 ea
620 1432 709 1487 nocte
721 1425 870 1500 consequi
881 1436 997 1500 posset,
1014 1429 1098 1491 amit·

65 1516 144 1568 teret
163 1516 279 1580 autem,
301 1505 329 1567 si
347 1506 497 1583 postridie
511 1507 639 1568 Romam
660 1522 748 1567 mane
769 1507 927 1569 venissett
944 1512 1046 1586 Atque
1066 1521 1098 1573 ut

65 1591 111 1652 illi
126 1598 294 1651 nocturnus
308 1590 348 1650 ad
362 1591 468 1651 urbem
487 1591 639 1651 adventus
658 1589 801 1650 vitandus
817 1591 1026 1665 potiusquam
1043 1610 1096 1654 ex-

51 1674 218 1749 petendus
234 1672 303 1744 luit,
325 1671 370 1734 sic
383 1672 505 1745 Miloni,
522 1688 615 1746 quum
630 1669 789 1731 insidiator
802 1680 900 1744 esset,
917 1673 944 1732 si
960 1674 1042 1735 illum
1057 1677 1097 1736 ad

67 1756 174 1816 urbem
186 1761 278 1814 noctu
292 1768 490 1815 accessurum
504 1751 628 1825 sciebat,
642 1752 862 1813 subsidendum
879 1760 971 1827 atque
986 1772 1096 1831 exspe-

66 1836 210 1898 ctandum
226 1835 290 1894 tuit
320 1832 371 1895 50.
384 1836 493 1908 Noctu,
505 1834 653 1894 insidioso
665 1841 695 1893 et
709 1834 801 1907 pleno
815 1835 965 1896 latronum
980 1836 1012 1895 in
1027 1837 1096 1897 loco

65 1917 253 1985 occidisseta
269 1932 358 1977 nemo
371 1917 400 1977 ei
414 1915 536 1992 neganti
549 1932 610 1976 non
626 1914 822 1989 credidisset,
843 1932 933 1990 quem
948 1933 1019 1978 esse
1033 1933 1097 1978 om·

64 2017 125 2063 nes
141 2000 258 2060 salvum
273 1997 361 2060 etiam
380 1998 572 2061 confitentem
592 1999 706 2059 volunt
750 1996 952 2061 Sustinuisset
966 2000 1026 2062 hoc
1041 2000 1096 2061 cri·

66 2101 140 2145 men
157 2082 286 2157 primurn
303 2080 371 2156 ipse
385 2081 437 2143 ille
450 2083 601 2143 labanum
619 2084 786 2143 occultator
800 2088 831 2141 et
843 2091 984 2156 receptor
998 2083 1095 2156 locus,

65 2177 134 2228 tum
148 2181 249 2238 neque
262 2173 345 2225 muta
357 2163 491 2227 solitudo
507 2164 675 2226 indicasset
693 2178 794 2239 neque
809 2179 903 2225 caeca
916 2181 980 2225 nox
994 2171 1097 2226 osten·

68 2249 169 2310 disset
181 2246 340 2308 Milonem:
361 2246 472 2309 deinde
489 2247 575 2309 multi
595 2247 634 2308 ab
655 2246 707 2308 illo
721 2246 840 2319 violati,
856 2246 992 2321 spoliati,
1006 2247 1095 2308 bonis

66 2329 206 2406 expulsi,
222 2328 306 2392 multi
320 2329 396 2392 haec
412 2329 501 2391 etiam
519 2330 659 2392 timentes
673 2329 710 2390 in¹
720 2328 928 2404 suspicionem
943 2330 1096 2402 caderent,

67 2424 131 2476 tota
152 2412 284 2488 denique
303 2429 357 2474 rea
378 2412 520 2475 citaretur
532 2412 662 2475 Etruria.
704 2410 755 2473 51.
768 2414 870 2487 Atque
884 2413 935 2473 illo
950 2412 1000 2473 die
1014 2422 1097 2474 certe

64 2496 171 2557 Aricia
184 2496 307 2557 rediens
323 2495 451 2557 devertit
466 2495 588 2557 Clodius
610 2496 649 2556 ad
665 2494 744 2555 sein
758 2495 918 2555 Albanum.
962 2493 1050 2568 Quod
1064 2501 1097 2554 ut

66 2578 160 2640 sciret
167 2577 239 2639 Milo
255 2578 337 2638 illurn
346 2578 468 2638 Ariciae
483 2577 593 2651 luisse,
618 2575 768 2652 suspicari
782 2583 881 2637 umen
900 2576 1004 2637 debuit
1018 2590 1096 2648 eum,

67 2661 159 2722 etiam
173 2661 201 2722 si
213 2661 341 2723 Romam
353 2661 405 2722 illo
421 2663 470 2723 die
483 2660 594 2723 reverti
608 2661 714 2735 vellet,
735 2660 775 2720 ad
789 2659 891 2720 villam
907 2675 1003 2732 suam,
1019 2673 1097 2732 quae

65 2743 148 2803 viam
159 2751 303 2819 tangeret,
319 2745 527 2806 deversururn.
568 2747 627 2805 cur
640 2758 741 2819 neque
756 2750 826 2804 ante
840 2739 980 2813 occurrit,
994 2757 1033 2800 ne
1047 2739 1098 2800 ille
1143 2781 1145 2785 -

66 2827 100 2887 in
116 2827 188 2887 villa
201 2827 363 2902 resideret,
378 2844 436 2890 nec
449 2843 487 2889 eo
499 2827 529 2888 in
543 2830 612 2889 loco
624 2825 771 2899 subsedit,
787 2840 848 2902 quo
860 2823 911 2885 ille
925 2831 1019 2884 noctu
1025 2839 1097 2883 ven·

66 2920 156 2970 turus
171 2917 274 2973 esset?

120 2991 219 3054 Video
236 3000 383 3055 constare
396 2993 507 3067 adhuc,
527 2990 654 3066 iudices,
672 2992 782 3064 omnia,
797 2987 903 3049 Miloni
916 2986 1007 3051 etiam
1023 2985 1096 3047 utile

67 3074 166 3137 luisse
181 3075 317 3138 clodium
332 3075 444 3150 vivere,
460 3075 503 3136 illi
515 3075 555 3136 ad
566 3090 612 3148 ea,
627 3089 707 3149 quae
720 3070 927 3147 concupierat,
942 3067 1097 3144 optatissi-

10 3188 12 3193 ·
65 3175 150 3220 mum
164 3157 315 3221 interitum
329 3159 467 3221 Milonis:
489 3157 592 3220 odium
613 3155 710 3217 luisse
727 3153 808 3216 illius
821 3154 852 3215 in
867 3154 948 3214 hunc
962 3150 1097 3212 acerbis·
1130 3156 1141 3167 '

10 3266 17 3277 ·
66 3241 194 3316 simum,
216 3242 331 3304 nullum
351 3241 443 3303 huius
457 3241 488 3301 in
505 3241 603 3302 illum=
625 3235 877 3300 consuetudinem
891 3235 971 3297 illius
987 3246 1112 3308 perpe·-

10 3326 16 3363 ³
65 3335 149 3386 tuam
161 3326 232 3386 invi
246 3324 413 3398 inferenda,
428 3323 517 3385 huius
529 3332 642 3387 tantum
655 3322 687 3381 in
699 3319 888 3395 repellendm
906 3316 957 3379 52
972 3321 1099 3375 mortem

66 3407 165 3470 abillo
174 3407 532 3471 denunciatamMiloniet
541 3402 744 3482 praedicatam
752 3402 862 3477 palam,
872 3398 945 3461 nihil
956 3409 1098 3472 umquam
