<?xml version="1.0" encoding="UTF-8"?>
<!DOCTYPE html PUBLIC "-//W3C//DTD XHTML 1.0 Transitional//EN"
    "http://www.w3.org/TR/xhtml1/DTD/xhtml1-transitional.dtd">
<html xmlns="http://www.w3.org/1999/xhtml" xml:lang="en" lang="en">
 <head>
  <title>
</title>
<meta http-equiv="Content-Type" content="text/html;charset=utf-8" />
  <meta name='ocr-system' content='tesseract 3.04.00' />
  <meta name='ocr-capabilities' content='ocr_page ocr_carea ocr_par ocr_line ocrx_word'/>
</head>
<body>
  <div class='ocr_page' id='page_1' title='image "./orationesselect01cicegoog/orationesselect01cicegoog_0186.png"; bbox 0 0 2340 3788; ppageno 0'>
   <div class='ocr_carea' id='block_1_1' title="bbox 293 194 1164 307">
    <p class='ocr_par' dir='ltr' id='par_1_1' title="bbox 293 194 1164 307">
     <span class='ocr_line' id='line_1_1' title="bbox 293 194 1164 307; baseline 0.021 -50"><span class='ocrx_word' id='word_1_1' title='bbox 293 240 298 257; x_wconf 91' lang='grc'><em>,</em></span> <span class='ocrx_word' id='word_1_2' title='bbox 378 203 460 263; x_wconf 77' lang='lat' dir='ltr'><strong>cnr.</strong></span> <span class='ocrx_word' id='word_1_3' title='bbox 475 210 590 264; x_wconf 68' lang='lat' dir='ltr'><strong>a÷1o</strong></span> <span class='ocrx_word' id='word_1_4' title='bbox 612 207 638 269; x_wconf 81' lang='lat' dir='ltr'><strong>s.</strong></span> <span class='ocrx_word' id='word_1_5' title='bbox 653 210 804 307; x_wconf 73' lang='lat'><strong>¹⁹.·²⁶·,</strong></span> <span class='ocrx_word' id='word_1_6' title='bbox 1034 200 1097 274; x_wconf 78' lang='lat'><strong>153</strong></span> <span class='ocrx_word' id='word_1_7' title='bbox 1157 194 1164 206; x_wconf 88' lang='lat'>&#39;</span> 
     </span>
    </p>
   </div>
   <div class='ocr_carea' id='block_1_2' title="bbox 12 349 1117 3509">
    <p class='ocr_par' dir='ltr' id='par_1_2' title="bbox 55 349 1095 1430">
     <span class='ocr_line' id='line_1_2' title="bbox 60 349 1094 432; baseline 0.001 -14"><span class='ocrx_word' id='word_1_8' title='bbox 60 353 176 418; x_wconf 81' lang='lat' dir='ltr'><strong>talibus</strong></span> <span class='ocrx_word' id='word_1_9' title='bbox 191 352 319 414; x_wconf 89' lang='lat' dir='ltr'><strong>ducibus</strong></span> <span class='ocrx_word' id='word_1_10' title='bbox 334 349 415 412; x_wconf 91' lang='lat' dir='ltr'><strong>banc</strong></span> <span class='ocrx_word' id='word_1_11' title='bbox 432 361 579 426; x_wconf 90' lang='lat' dir='ltr'><strong>mentem,</strong></span> <span class='ocrx_word' id='word_1_12' title='bbox 596 351 741 426; x_wconf 77' lang='lat' dir='ltr'><strong>Quirites,</strong></span> <span class='ocrx_word' id='word_1_13' title='bbox 763 356 1010 432; x_wconf 79' lang='lat' dir='ltr'><strong>voluntatemque</strong></span> <span class='ocrx_word' id='word_1_14' title='bbox 1026 375 1094 419; x_wconf 89' lang='lat' dir='ltr'><strong>sus-</strong></span> 
     </span>
     <span class='ocr_line' id='line_1_3' title="bbox 62 434 1094 513; baseline 0.003 -14"><span class='ocrx_word' id='word_1_15' title='bbox 62 437 150 513; x_wconf 85' lang='lat' dir='ltr'><strong>cepi,</strong></span> <span class='ocrx_word' id='word_1_16' title='bbox 173 442 266 511; x_wconf 87' lang='lat' dir='ltr'><strong>atque</strong></span> <span class='ocrx_word' id='word_1_17' title='bbox 280 435 409 496; x_wconf 84' lang='lat' dir='ltr'><strong>adhaec</strong></span> <span class='ocrx_word' id='word_1_18' title='bbox 422 441 504 497; x_wconf 91' lang='lat' dir='ltr'><strong>tanta</strong></span> <span class='ocrx_word' id='word_1_19' title='bbox 518 434 631 496; x_wconf 90' lang='lat' dir='ltr'><strong>indicia</strong></span> <span class='ocrx_word' id='word_1_20' title='bbox 645 434 783 510; x_wconf 88' lang='lat' dir='ltr'><strong>perveni.</strong></span> <span class='ocrx_word' id='word_1_21' title='bbox 813 438 877 498; x_wconf 90' lang='lat' dir='ltr'><strong>lam</strong></span> <span class='ocrx_word' id='word_1_22' title='bbox 891 455 964 499; x_wconf 90' lang='lat' dir='ltr'><strong>vero</strong></span> <span class='ocrx_word' id='word_1_23' title='bbox 977 439 1029 501; x_wconf 93' lang='lat' dir='ltr'><strong>illa</strong></span> <span class='ocrx_word' id='word_1_24' title='bbox 1041 444 1094 502; x_wconf 87' lang='lat' dir='ltr'><strong>Al-</strong></span> 
     </span>
     <span class='ocr_line' id='line_1_4' title="bbox 60 517 1094 598; baseline 0.004 -16"><span class='ocrx_word' id='word_1_25' title='bbox 60 521 224 594; x_wconf 79' lang='lat' dir='ltr'><strong>lobrogum</strong></span> <span class='ocrx_word' id='word_1_26' title='bbox 247 517 418 580; x_wconf 74' lang='lat' dir='ltr'><strong>sollicitatio</strong></span> <span class='ocrx_word' id='word_1_27' title='bbox 435 561 523 582; x_wconf 90' lang='grc'><strong>......</strong></span> <span class='ocrx_word' id='word_1_28' title='bbox 544 519 604 579; x_wconf 91' lang='lat' dir='ltr'><strong>iam</strong></span> <span class='ocrx_word' id='word_1_29' title='bbox 624 519 663 578; x_wconf 91' lang='lat' dir='ltr'><strong>ab</strong></span> <span class='ocrx_word' id='word_1_30' title='bbox 677 518 804 579; x_wconf 82' lang='lat' dir='ltr'>Lentulo</span> <span class='ocrx_word' id='word_1_31' title='bbox 826 522 1018 598; x_wconf 87' lang='lat' dir='ltr'><strong>caeterisque</strong></span> <span class='ocrx_word' id='word_1_32' title='bbox 1039 525 1094 586; x_wconf 92' lang='lat' dir='ltr'><strong>do·</strong></span> 
     </span>
     <span class='ocr_line' id='line_1_5' title="bbox 60 601 1094 682; baseline 0.006 -18"><span class='ocrx_word' id='word_1_33' title='bbox 60 601 199 664; x_wconf 87' lang='lat' dir='ltr'><strong>mesticis</strong></span> <span class='ocrx_word' id='word_1_34' title='bbox 214 602 353 663; x_wconf 87' lang='lat' dir='ltr'><strong>hostibus</strong></span> <span class='ocrx_word' id='word_1_35' title='bbox 367 609 428 662; x_wconf 88' lang='lat' dir='ltr'><strong>tam</strong></span> <span class='ocrx_word' id='word_1_36' title='bbox 443 603 599 662; x_wconf 88' lang='lat' dir='ltr'><strong>dementer</strong></span> <span class='ocrx_word' id='word_1_37' title='bbox 612 609 714 662; x_wconf 77' lang='lat' dir='ltr'>tantae</span> <span class='ocrx_word' id='word_1_38' title='bbox 727 618 778 661; x_wconf 88' lang='lat' dir='ltr'><strong>res</strong></span> <span class='ocrx_word' id='word_1_39' title='bbox 794 604 926 664; x_wconf 80' lang='lat' dir='ltr'><strong>creditae</strong></span> <span class='ocrx_word' id='word_1_40' title='bbox 939 613 969 667; x_wconf 94' lang='lat' dir='ltr'><strong>et</strong></span> <span class='ocrx_word' id='word_1_41' title='bbox 982 606 1094 682; x_wconf 81' lang='lat' dir='ltr'><strong>ignotis</strong></span> 
     </span>
     <span class='ocr_line' id='line_1_6' title="bbox 62 683 1094 766; baseline 0.002 -17"><span class='ocrx_word' id='word_1_42' title='bbox 62 696 93 749; x_wconf 90' lang='lat' dir='ltr'><strong>et</strong></span> <span class='ocrx_word' id='word_1_43' title='bbox 109 684 249 746; x_wconf 86' lang='lat' dir='ltr'><strong>barbaris</strong></span> <span class='ocrx_word' id='word_1_44' title='bbox 265 683 509 760; x_wconf 86' lang='lat' dir='ltr'><strong>commissaeque</strong></span> <span class='ocrx_word' id='word_1_45' title='bbox 520 685 637 746; x_wconf 84' lang='lat' dir='ltr'>litterae</span> <span class='ocrx_word' id='word_1_46' title='bbox 650 701 815 760; x_wconf 90' lang='lat' dir='ltr'><strong>numquam</strong></span> <span class='ocrx_word' id='word_1_47' title='bbox 831 695 935 748; x_wconf 89' lang='lat' dir='ltr'><strong>essent</strong></span> <span class='ocrx_word' id='word_1_48' title='bbox 945 691 1094 766; x_wconf 86' lang='lat' dir='ltr'><strong>protecto,</strong></span> 
     </span>
     <span class='ocr_line' id='line_1_7' title="bbox 60 768 1095 834; baseline 0.002 -2"><span class='ocrx_word' id='word_1_49' title='bbox 60 769 124 832; x_wconf 88' lang='lat' dir='ltr'><strong>nisi</strong></span> <span class='ocrx_word' id='word_1_50' title='bbox 152 768 191 828; x_wconf 93' lang='lat' dir='ltr'><strong>ab</strong></span> <span class='ocrx_word' id='word_1_51' title='bbox 217 768 266 829; x_wconf 89' lang='lat' dir='ltr'><strong>dis</strong></span> <span class='ocrx_word' id='word_1_52' title='bbox 291 768 511 829; x_wconf 84' lang='lat' dir='ltr'><strong>immortalibus</strong></span> <span class='ocrx_word' id='word_1_53' title='bbox 535 768 607 828; x_wconf 93' lang='lat' dir='ltr'><strong>huic</strong></span> <span class='ocrx_word' id='word_1_54' title='bbox 631 775 733 829; x_wconf 87' lang='lat' dir='ltr'><strong>tantae</strong></span> <span class='ocrx_word' id='word_1_55' title='bbox 758 768 907 829; x_wconf 83' lang='lat' dir='ltr'><strong>audaciae</strong></span> <span class='ocrx_word' id='word_1_56' title='bbox 935 771 1095 834; x_wconf 89' lang='lat' dir='ltr'><strong>consilium</strong></span> 
     </span>
     <span class='ocr_line' id='line_1_8' title="bbox 62 850 1095 926; baseline 0.002 -12"><span class='ocrx_word' id='word_1_57' title='bbox 62 859 150 914; x_wconf 90' lang='lat' dir='ltr'><strong>esset</strong></span> <span class='ocrx_word' id='word_1_58' title='bbox 173 860 320 926; x_wconf 89' lang='lat' dir='ltr'><strong>ereptum.</strong></span> <span class='ocrx_word' id='word_1_59' title='bbox 367 850 444 924; x_wconf 89' lang='lat' dir='ltr'><strong>Quid</strong></span> <span class='ocrx_word' id='word_1_60' title='bbox 466 858 561 911; x_wconf 81' lang='lat' dir='ltr'><strong>vero‘t</strong></span> <span class='ocrx_word' id='word_1_61' title='bbox 585 860 619 912; x_wconf 88' lang='lat' dir='ltr'><strong>ut</strong></span> <span class='ocrx_word' id='word_1_62' title='bbox 643 850 783 912; x_wconf 90' lang='lat' dir='ltr'><strong>homines</strong></span> <span class='ocrx_word' id='word_1_63' title='bbox 804 850 883 912; x_wconf 89' lang='lat' dir='ltr'><strong>Galli</strong></span> <span class='ocrx_word' id='word_1_64' title='bbox 908 866 948 912; x_wconf 87' lang='lat' dir='ltr'><strong>ex</strong></span> <span class='ocrx_word' id='word_1_65' title='bbox 974 853 1095 916; x_wconf 88' lang='lat' dir='ltr'><strong>civitate</strong></span> 
     </span>
     <span class='ocr_line' id='line_1_9' title="bbox 61 936 1095 1011; baseline 0.001 -14"><span class='ocrx_word' id='word_1_66' title='bbox 61 937 143 998; x_wconf 90' lang='lat' dir='ltr'><strong>male</strong></span> <span class='ocrx_word' id='word_1_67' title='bbox 166 942 288 1010; x_wconf 90' lang='lat' dir='ltr'><strong>pacata,</strong></span> <span class='ocrx_word' id='word_1_68' title='bbox 310 950 390 1009; x_wconf 90' lang='lat' dir='ltr'><strong>quae</strong></span> <span class='ocrx_word' id='word_1_69' title='bbox 404 949 480 1009; x_wconf 81' lang='lat' dir='ltr'><strong>gens</strong></span> <span class='ocrx_word' id='word_1_70' title='bbox 497 951 558 995; x_wconf 90' lang='lat' dir='ltr'><strong>una</strong></span> <span class='ocrx_word' id='word_1_71' title='bbox 572 942 666 996; x_wconf 87' lang='lat' dir='ltr'><strong>restat</strong></span> <span class='ocrx_word' id='word_1_72' title='bbox 683 951 762 1010; x_wconf 91' lang='lat' dir='ltr'><strong>quae</strong></span> <span class='ocrx_word' id='word_1_73' title='bbox 776 936 889 995; x_wconf 92' lang='lat' dir='ltr'><strong>bellum</strong></span> <span class='ocrx_word' id='word_1_74' title='bbox 903 938 1020 1011; x_wconf 92' lang='lat' dir='ltr'><strong>populo</strong></span> <span class='ocrx_word' id='word_1_75' title='bbox 1034 937 1095 998; x_wconf 87' lang='lat' dir='ltr'><strong>Ro·</strong></span> 
     </span>
     <span class='ocr_line' id='line_1_10' title="bbox 61 1017 1095 1095; baseline 0 -14"><span class='ocrx_word' id='word_1_76' title='bbox 61 1033 155 1081; x_wconf 88' lang='lat' dir='ltr'><strong>mano</strong></span> <span class='ocrx_word' id='word_1_77' title='bbox 170 1019 272 1078; x_wconf 87' lang='lat' dir='ltr'><strong>lacere</strong></span> <span class='ocrx_word' id='word_1_78' title='bbox 287 1025 318 1077; x_wconf 91' lang='lat' dir='ltr'><strong>et</strong></span> <span class='ocrx_word' id='word_1_79' title='bbox 334 1033 429 1092; x_wconf 91' lang='lat' dir='ltr'><strong>posse</strong></span> <span class='ocrx_word' id='word_1_80' title='bbox 444 1026 474 1078; x_wconf 91' lang='lat' dir='ltr'><strong>et</strong></span> <span class='ocrx_word' id='word_1_81' title='bbox 487 1035 549 1078; x_wconf 92' lang='lat' dir='ltr'><strong>non</strong></span> <span class='ocrx_word' id='word_1_82' title='bbox 563 1019 645 1079; x_wconf 93' lang='lat' dir='ltr'><strong>nolle</strong></span> <span class='ocrx_word' id='word_1_83' title='bbox 659 1017 806 1092; x_wconf 91' lang='lat' dir='ltr'><strong>videatur,</strong></span> <span class='ocrx_word' id='word_1_84' title='bbox 825 1035 912 1093; x_wconf 89' lang='lat' dir='ltr'><strong>spem</strong></span> <span class='ocrx_word' id='word_1_85' title='bbox 926 1017 1045 1095; x_wconf 89' lang='lat' dir='ltr'><strong>imperii</strong></span> <span class='ocrx_word' id='word_1_86' title='bbox 1059 1036 1095 1081; x_wconf 91' lang='lat' dir='ltr'><strong>ac</strong></span> 
     </span>
     <span class='ocr_line' id='line_1_11' title="bbox 61 1100 1095 1177; baseline -0.001 -13"><span class='ocrx_word' id='word_1_87' title='bbox 61 1118 166 1164; x_wconf 89' lang='lat' dir='ltr'><strong>rerum</strong></span> <span class='ocrx_word' id='word_1_88' title='bbox 185 1100 384 1160; x_wconf 86' lang='lat' dir='ltr'><strong>maximarum</strong></span> <span class='ocrx_word' id='word_1_89' title='bbox 402 1102 480 1162; x_wconf 91' lang='lat' dir='ltr'><strong>ultro</strong></span> <span class='ocrx_word' id='word_1_90' title='bbox 499 1100 557 1161; x_wconf 88' lang='lat' dir='ltr'><strong>sibi</strong></span> <span class='ocrx_word' id='word_1_91' title='bbox 578 1118 596 1161; x_wconf 94' lang='lat' dir='ltr'><strong>a</strong></span> <span class='ocrx_word' id='word_1_92' title='bbox 616 1101 751 1177; x_wconf 88' lang='lat' dir='ltr'><strong>patriciis</strong></span> <span class='ocrx_word' id='word_1_93' title='bbox 771 1101 944 1163; x_wconf 86' lang='lat' dir='ltr'><strong>hominibus</strong></span> <span class='ocrx_word' id='word_1_94' title='bbox 965 1104 1095 1163; x_wconf 85' lang='lat' dir='ltr'><strong>oblatam</strong></span> 
     </span>
     <span class='ocr_line' id='line_1_12' title="bbox 62 1184 1095 1263; baseline -0.002 -15"><span class='ocrx_word' id='word_1_95' title='bbox 62 1184 254 1263; x_wconf 79' lang='lat' dir='ltr'><strong>negligerent</strong></span> <span class='ocrx_word' id='word_1_96' title='bbox 278 1192 473 1259; x_wconf 85' lang='lat' dir='ltr'><strong>vestramque</strong></span> <span class='ocrx_word' id='word_1_97' title='bbox 493 1187 619 1245; x_wconf 89' lang='lat' dir='ltr'><strong>salutem</strong></span> <span class='ocrx_word' id='word_1_98' title='bbox 645 1184 710 1245; x_wconf 92' lang='lat' dir='ltr'><strong>suis</strong></span> <span class='ocrx_word' id='word_1_99' title='bbox 734 1185 845 1260; x_wconf 93' lang='lat' dir='ltr'><strong>opibus</strong></span> <span class='ocrx_word' id='word_1_100' title='bbox 865 1194 1095 1262; x_wconf 89' lang='lat' dir='ltr'><strong>anteponerent,</strong></span> 
     </span>
     <span class='ocr_line' id='line_1_13' title="bbox 61 1266 1095 1345; baseline -0.002 -15"><span class='ocrx_word' id='word_1_101' title='bbox 61 1270 95 1331; x_wconf 93' lang='lat' dir='ltr'><strong>id</strong></span> <span class='ocrx_word' id='word_1_102' title='bbox 108 1284 171 1329; x_wconf 93' lang='lat' dir='ltr'><strong>non</strong></span> <span class='ocrx_word' id='word_1_103' title='bbox 186 1266 330 1328; x_wconf 86' lang='lat' dir='ltr'><strong>divinitus</strong></span> <span class='ocrx_word' id='word_1_104' title='bbox 346 1283 416 1328; x_wconf 91' lang='lat' dir='ltr'><strong>esse</strong></span> <span class='ocrx_word' id='word_1_105' title='bbox 431 1268 542 1328; x_wconf 85' lang='lat' dir='ltr'><strong>lactum</strong></span> <span class='ocrx_word' id='word_1_106' title='bbox 557 1268 692 1343; x_wconf 75' lang='lat' dir='ltr'><strong>putansa</strong></span> <span class='ocrx_word' id='word_1_107' title='bbox 707 1269 886 1344; x_wconf 87' lang='lat' dir='ltr'><strong>praesertim</strong></span> <span class='ocrx_word' id='word_1_108' title='bbox 899 1268 952 1345; x_wconf 89' lang='lat' dir='ltr'><strong>qui</strong></span> <span class='ocrx_word' id='word_1_109' title='bbox 963 1286 1022 1331; x_wconf 89' lang='lat' dir='ltr'><strong>nos</strong></span> <span class='ocrx_word' id='word_1_110' title='bbox 1034 1285 1095 1330; x_wconf 92' lang='lat' dir='ltr'><strong>non</strong></span> 
     </span>
     <span class='ocr_line' id='line_1_14' title="bbox 55 1352 830 1430; baseline -0.003 -16"><span class='ocrx_word' id='word_1_111' title='bbox 55 1353 248 1430; x_wconf 76' lang='lat' dir='ltr'><strong>pugnando,</strong></span> <span class='ocrx_word' id='word_1_112' title='bbox 269 1352 325 1411; x_wconf 90' lang='lat' dir='ltr'><strong>sed</strong></span> <span class='ocrx_word' id='word_1_113' title='bbox 339 1352 469 1412; x_wconf 88' lang='lat' dir='ltr'><strong>tacendo</strong></span> <span class='ocrx_word' id='word_1_114' title='bbox 485 1366 631 1426; x_wconf 85' lang='lat' dir='ltr'><strong>superare</strong></span> <span class='ocrx_word' id='word_1_115' title='bbox 645 1360 830 1428; x_wconf 78' lang='lat' dir='ltr'><strong>potueruntr</strong></span> 
     </span>
    </p>

    <p class='ocr_par' dir='ltr' id='par_1_3' title="bbox 12 1433 1117 3509">
     <span class='ocr_line' id='line_1_15' title="bbox 75 1433 1096 1512; baseline 0.001 -17"><span class='ocrx_word' id='word_1_116' title='bbox 75 1445 78 1449; x_wconf 84' lang='grc'><strong>’</strong></span> <span class='ocrx_word' id='word_1_117' title='bbox 148 1435 185 1495; x_wconf 88' lang='lat' dir='ltr'><strong>X.</strong></span> <span class='ocrx_word' id='word_1_118' title='bbox 202 1433 253 1496; x_wconf 73' lang='lat'><strong>23.</strong></span> <span class='ocrx_word' id='word_1_119' title='bbox 277 1435 519 1511; x_wconf 89' lang='lat' dir='ltr'><strong>Quamobrem,</strong></span> <span class='ocrx_word' id='word_1_120' title='bbox 538 1435 683 1511; x_wconf 80' lang='lat' dir='ltr'><strong>Quirites,</strong></span> <span class='ocrx_word' id='word_1_121' title='bbox 700 1438 844 1511; x_wconf 90' lang='lat' dir='ltr'><strong>quoniam</strong></span> <span class='ocrx_word' id='word_1_122' title='bbox 859 1437 899 1497; x_wconf 93' lang='lat' dir='ltr'><strong>ad</strong></span> <span class='ocrx_word' id='word_1_123' title='bbox 914 1434 1016 1496; x_wconf 91' lang='lat' dir='ltr'><strong>omnia</strong></span> <span class='ocrx_word' id='word_1_124' title='bbox 1029 1439 1096 1512; x_wconf 92' lang='lat' dir='ltr'><strong>pul-</strong></span> 
     </span>
     <span class='ocr_line' id='line_1_16' title="bbox 63 1518 1096 1594; baseline 0 -14"><span class='ocrx_word' id='word_1_125' title='bbox 63 1518 183 1580; x_wconf 87' lang='lat' dir='ltr'><strong>vinaria</strong></span> <span class='ocrx_word' id='word_1_126' title='bbox 204 1519 387 1594; x_wconf 90' lang='lat' dir='ltr'><strong>supplicatio</strong></span> <span class='ocrx_word' id='word_1_127' title='bbox 408 1521 532 1580; x_wconf 88' lang='lat' dir='ltr'><strong>decreta</strong></span> <span class='ocrx_word' id='word_1_128' title='bbox 551 1524 612 1590; x_wconf 87' lang='lat' dir='ltr'><strong>est,</strong></span> <span class='ocrx_word' id='word_1_129' title='bbox 638 1521 822 1581; x_wconf 87' lang='lat' dir='ltr'><strong>celebratote</strong></span> <span class='ocrx_word' id='word_1_130' title='bbox 847 1519 917 1580; x_wconf 88' lang='lat' dir='ltr'><strong>illos</strong></span> <span class='ocrx_word' id='word_1_131' title='bbox 939 1519 1006 1580; x_wconf 87' lang='lat' dir='ltr'><strong>dies</strong></span> <span class='ocrx_word' id='word_1_132' title='bbox 1027 1535 1096 1581; x_wconf 92' lang='lat' dir='ltr'><strong>cum</strong></span> 
     </span>
     <span class='ocr_line' id='line_1_17' title="bbox 64 1598 1117 1679; baseline -0.001 -14"><span class='ocrx_word' id='word_1_133' title='bbox 64 1601 246 1677; x_wconf 81' lang='lat' dir='ltr'><strong>coniugibus</strong></span> <span class='ocrx_word' id='word_1_134' title='bbox 264 1619 301 1662; x_wconf 86' lang='lat' dir='ltr'><strong>ac</strong></span> <span class='ocrx_word' id='word_1_135' title='bbox 315 1598 419 1663; x_wconf 89' lang='lat' dir='ltr'><strong>liberis</strong></span> <span class='ocrx_word' id='word_1_136' title='bbox 432 1601 554 1664; x_wconf 89' lang='lat' dir='ltr'><strong>vestris.</strong></span> <span class='ocrx_word' id='word_1_137' title='bbox 594 1603 670 1662; x_wconf 86' lang='lat' dir='ltr'><strong>Nam</strong></span> <span class='ocrx_word' id='word_1_138' title='bbox 684 1601 769 1663; x_wconf 91' lang='lat' dir='ltr'><strong>multi</strong></span> <span class='ocrx_word' id='word_1_139' title='bbox 788 1618 883 1679; x_wconf 89' lang='lat' dir='ltr'><strong>saepe</strong></span> <span class='ocrx_word' id='word_1_140' title='bbox 896 1603 1032 1664; x_wconf 88' lang='lat' dir='ltr'><strong>honores</strong></span> <span class='ocrx_word' id='word_1_141' title='bbox 1047 1605 1095 1664; x_wconf 90' lang='lat' dir='ltr'><strong>dis</strong></span> <span class='ocrx_word' id='word_1_142' title='bbox 1113 1614 1117 1631; x_wconf 89' lang='grc'><strong>’</strong></span> 
     </span>
     <span class='ocr_line' id='line_1_18' title="bbox 61 1684 1096 1761; baseline -0.001 -14"><span class='ocrx_word' id='word_1_143' title='bbox 61 1684 284 1747; x_wconf 87' lang='lat' dir='ltr'><strong>immortalibus</strong></span> <span class='ocrx_word' id='word_1_144' title='bbox 296 1685 368 1745; x_wconf 88' lang='lat' dir='ltr'><strong>iusti</strong></span> <span class='ocrx_word' id='word_1_145' title='bbox 381 1684 476 1745; x_wconf 89' lang='lat' dir='ltr'><strong>babiti</strong></span> <span class='ocrx_word' id='word_1_146' title='bbox 488 1693 558 1745; x_wconf 93' lang='lat' dir='ltr'><strong>sunt</strong></span> <span class='ocrx_word' id='word_1_147' title='bbox 567 1701 604 1744; x_wconf 91' lang='lat' dir='ltr'><strong>ac</strong></span> <span class='ocrx_word' id='word_1_148' title='bbox 614 1684 717 1760; x_wconf 82' lang='lat' dir='ltr'><strong>debiti,</strong></span> <span class='ocrx_word' id='word_1_149' title='bbox 727 1686 790 1745; x_wconf 90' lang='lat' dir='ltr'><strong>-sed</strong></span> <span class='ocrx_word' id='word_1_150' title='bbox 801 1687 941 1761; x_wconf 89' lang='lat' dir='ltr'><strong>prolecto</strong></span> <span class='ocrx_word' id='word_1_151' title='bbox 953 1685 1096 1746; x_wconf 87' lang='lat' dir='ltr'><strong>iustiores</strong></span> 
     </span>
     <span class='ocr_line' id='line_1_19' title="bbox 55 1766 1096 1844; baseline -0.003 -13"><span class='ocrx_word' id='word_1_152' title='bbox 55 1797 57 1800; x_wconf 95' lang='lat'>·</span> <span class='ocrx_word' id='word_1_153' title='bbox 82 1784 240 1844; x_wconf 87' lang='lat' dir='ltr'><strong>umquam.</strong></span> <span class='ocrx_word' id='word_1_154' title='bbox 273 1768 377 1840; x_wconf 81' lang='lat' dir='ltr'><strong>Erepti</strong></span> <span class='ocrx_word' id='word_1_155' title='bbox 398 1767 479 1825; x_wconf 92' lang='lat' dir='ltr'><strong>enim</strong></span> <span class='ocrx_word' id='word_1_156' title='bbox 496 1766 571 1826; x_wconf 90' lang='lat' dir='ltr'><strong>estis</strong></span> <span class='ocrx_word' id='word_1_157' title='bbox 586 1783 624 1826; x_wconf 89' lang='lat' dir='ltr'><strong>ex</strong></span> <span class='ocrx_word' id='word_1_158' title='bbox 645 1769 857 1828; x_wconf 89' lang='lat' dir='ltr'><strong>crudelissimo</strong></span> <span class='ocrx_word' id='word_1_159' title='bbox 875 1783 912 1827; x_wconf 91' lang='lat' dir='ltr'><strong>ae</strong></span> <span class='ocrx_word' id='word_1_160' title='bbox 927 1766 1096 1828; x_wconf 89' lang='lat' dir='ltr'><strong>miserrimo</strong></span> 
     </span>
     <span class='ocr_line' id='line_1_20' title="bbox 63 1847 1097 1924; baseline -0.004 -10"><span class='ocrx_word' id='word_1_161' title='bbox 63 1853 196 1922; x_wconf 90' lang='lat' dir='ltr'><strong>mteritu,</strong></span> <span class='ocrx_word' id='word_1_162' title='bbox 211 1849 308 1924; x_wconf 89' lang='lat' dir='ltr'><strong>erepti</strong></span> <span class='ocrx_word' id='word_1_163' title='bbox 324 1849 390 1908; x_wconf 93' lang='lat' dir='ltr'><strong>sine</strong></span> <span class='ocrx_word' id='word_1_164' title='bbox 407 1850 512 1921; x_wconf 90' lang='lat' dir='ltr'><strong>caede,</strong></span> <span class='ocrx_word' id='word_1_165' title='bbox 527 1847 593 1907; x_wconf 93' lang='lat' dir='ltr'><strong>sine</strong></span> <span class='ocrx_word' id='word_1_166' title='bbox 608 1849 764 1923; x_wconf 83' lang='lat' dir='ltr'><strong>sanguine,</strong></span> <span class='ocrx_word' id='word_1_167' title='bbox 781 1850 847 1910; x_wconf 89' lang='lat' dir='ltr'><strong>sine</strong></span> <span class='ocrx_word' id='word_1_168' title='bbox 862 1849 1007 1922; x_wconf 87' lang='lat' dir='ltr'><strong>exercitu,</strong></span> <span class='ocrx_word' id='word_1_169' title='bbox 1031 1850 1097 1910; x_wconf 88' lang='lat' dir='ltr'><strong>sine</strong></span> 
     </span>
     <span class='ocr_line' id='line_1_21' title="bbox 63 1930 1098 2007; baseline -0.006 -9"><span class='ocrx_word' id='word_1_170' title='bbox 63 1932 276 1998; x_wconf 82' lang='lat' dir='ltr'><strong>dimicatione=</strong></span> <span class='ocrx_word' id='word_1_171' title='bbox 301 1930 396 2006; x_wconf 79' lang='lat' dir='ltr'><strong>togati</strong></span> <span class='ocrx_word' id='word_1_172' title='bbox 416 1947 465 1991; x_wconf 93' lang='lat' dir='ltr'><strong>me</strong></span> <span class='ocrx_word' id='word_1_173' title='bbox 487 1946 549 1990; x_wconf 92' lang='lat' dir='ltr'><strong>uno</strong></span> <span class='ocrx_word' id='word_1_174' title='bbox 570 1939 672 2006; x_wconf 77' lang='lat' dir='ltr'><strong>togato</strong></span> <span class='ocrx_word' id='word_1_175' title='bbox 688 1932 768 1992; x_wconf 91' lang='lat' dir='ltr'><strong>duce</strong></span> <span class='ocrx_word' id='word_1_176' title='bbox 782 1941 812 1993; x_wconf 87' lang='lat' dir='ltr'><strong>et</strong></span> <span class='ocrx_word' id='word_1_177' title='bbox 826 1932 1009 2007; x_wconf 84' lang='lat' dir='ltr'><strong>imperatore</strong></span> <span class='ocrx_word' id='word_1_178' title='bbox 1024 1931 1098 1992; x_wconf 87' lang='lat' dir='ltr'><strong>viei-</strong></span> 
     </span>
     <span class='ocr_line' id='line_1_22' title="bbox 64 2013 1099 2090; baseline -0.006 -9"><span class='ocrx_word' id='word_1_179' title='bbox 64 2019 129 2081; x_wconf 88' lang='lat' dir='ltr'><strong>stis.</strong></span> <span class='ocrx_word' id='word_1_180' title='bbox 174 2015 224 2077; x_wconf 74' lang='lat'><strong>24.</strong></span> <span class='ocrx_word' id='word_1_181' title='bbox 246 2014 363 2075; x_wconf 84' lang='lat' dir='ltr'><strong>Etenim</strong></span> <span class='ocrx_word' id='word_1_182' title='bbox 381 2014 599 2088; x_wconf 89' lang='lat' dir='ltr'><strong>recordamini,</strong></span> <span class='ocrx_word' id='word_1_183' title='bbox 617 2014 763 2090; x_wconf 80' lang='lat' dir='ltr'><strong>Quirites,</strong></span> <span class='ocrx_word' id='word_1_184' title='bbox 786 2029 892 2077; x_wconf 91' lang='lat' dir='ltr'><strong>omnes</strong></span> <span class='ocrx_word' id='word_1_185' title='bbox 911 2013 1017 2075; x_wconf 90' lang='lat' dir='ltr'><strong>civiles</strong></span> <span class='ocrx_word' id='word_1_186' title='bbox 1035 2013 1099 2076; x_wconf 89' lang='lat' dir='ltr'><strong>dis·</strong></span> 
     </span>
     <span class='ocr_line' id='line_1_23' title="bbox 64 2098 1099 2174; baseline -0.004 -10"><span class='ocrx_word' id='word_1_187' title='bbox 64 2100 238 2172; x_wconf 89' lang='lat' dir='ltr'><strong>sensiones,</strong></span> <span class='ocrx_word' id='word_1_188' title='bbox 256 2115 317 2158; x_wconf 92' lang='lat' dir='ltr'><strong>non</strong></span> <span class='ocrx_word' id='word_1_189' title='bbox 333 2099 431 2159; x_wconf 90' lang='lat' dir='ltr'><strong>solum</strong></span> <span class='ocrx_word' id='word_1_190' title='bbox 446 2114 509 2172; x_wconf 88' lang='lat' dir='ltr'><strong>aas,</strong></span> <span class='ocrx_word' id='word_1_191' title='bbox 527 2114 603 2174; x_wconf 91' lang='lat' dir='ltr'><strong>quas</strong></span> <span class='ocrx_word' id='word_1_192' title='bbox 619 2098 757 2172; x_wconf 90' lang='lat' dir='ltr'><strong>audistis,</strong></span> <span class='ocrx_word' id='word_1_193' title='bbox 780 2099 835 2159; x_wconf 91' lang='lat' dir='ltr'><strong>sed</strong></span> <span class='ocrx_word' id='word_1_194' title='bbox 852 2115 915 2174; x_wconf 88' lang='lat' dir='ltr'><strong>eas,</strong></span> <span class='ocrx_word' id='word_1_195' title='bbox 935 2114 1012 2172; x_wconf 87' lang='lat' dir='ltr'><strong>quas</strong></span> <span class='ocrx_word' id='word_1_196' title='bbox 1026 2114 1099 2160; x_wconf 86' lang='lat' dir='ltr'><strong>vos-</strong></span> 
     </span>
     <span class='ocr_line' id='line_1_24' title="bbox 64 2180 1100 2259; baseline -0.001 -14"><span class='ocrx_word' id='word_1_197' title='bbox 64 2192 124 2245; x_wconf 91' lang='lat' dir='ltr'><strong>met</strong></span> <span class='ocrx_word' id='word_1_198' title='bbox 147 2182 209 2258; x_wconf 91' lang='lat' dir='ltr'><strong>ipsi</strong></span> <span class='ocrx_word' id='word_1_199' title='bbox 229 2181 407 2243; x_wconf 91' lang='lat' dir='ltr'><strong>meministis</strong></span> <span class='ocrx_word' id='word_1_200' title='bbox 431 2190 523 2258; x_wconf 91' lang='lat' dir='ltr'><strong>atque</strong></span> <span class='ocrx_word' id='word_1_201' title='bbox 550 2181 678 2244; x_wconf 92' lang='lat' dir='ltr'><strong>vidistis.</strong></span> <span class='ocrx_word' id='word_1_202' title='bbox 720 2183 755 2242; x_wconf 87' lang='lat' dir='ltr'><strong>L.</strong></span> <span class='ocrx_word' id='word_1_203' title='bbox 777 2182 915 2244; x_wconf 57' lang='lat' dir='ltr'><strong>Sulla-P,</strong></span> <span class='ocrx_word' id='word_1_204' title='bbox 931 2180 1100 2259; x_wconf 90' lang='lat' dir='ltr'><strong>Sulpicium</strong></span> 
     </span>
     <span class='ocr_line' id='line_1_25' title="bbox 65 2265 1099 2344; baseline -0.003 -16"><span class='ocrx_word' id='word_1_205' title='bbox 65 2266 237 2344; x_wconf 90' lang='lat' dir='ltr'><strong>oppressit,</strong></span> <span class='ocrx_word' id='word_1_206' title='bbox 252 2265 342 2327; x_wconf 90' lang='lat' dir='ltr'><strong>eiecit</strong></span> <span class='ocrx_word' id='word_1_207' title='bbox 358 2281 398 2325; x_wconf 87' lang='lat' dir='ltr'><strong>ex</strong></span> <span class='ocrx_word' id='word_1_208' title='bbox 413 2267 503 2342; x_wconf 89' lang='lat' dir='ltr'><strong>urbe,</strong></span> <span class='ocrx_word' id='word_1_209' title='bbox 518 2265 550 2326; x_wconf 71' lang='grc'><strong>(3.</strong></span> <span class='ocrx_word' id='word_1_210' title='bbox 564 2267 707 2340; x_wconf 88' lang='lat' dir='ltr'><strong>Marium,</strong></span> <span class='ocrx_word' id='word_1_211' title='bbox 723 2267 884 2328; x_wconf 89' lang='lat' dir='ltr'><strong>custodem</strong></span> <span class='ocrx_word' id='word_1_212' title='bbox 898 2265 990 2328; x_wconf 91' lang='lat' dir='ltr'><strong>huius</strong></span> <span class='ocrx_word' id='word_1_213' title='bbox 1003 2265 1099 2340; x_wconf 86' lang='lat' dir='ltr'><strong>urbis,</strong></span> 
     </span>
     <span class='ocr_line' id='line_1_26' title="bbox 64 2349 1099 2426; baseline 0.001 -16"><span class='ocrx_word' id='word_1_214' title='bbox 64 2352 240 2424; x_wconf 87' lang='lat' dir='ltr'><strong>multosque</strong></span> <span class='ocrx_word' id='word_1_215' title='bbox 258 2350 352 2410; x_wconf 89' lang='lat' dir='ltr'><strong>lortes</strong></span> <span class='ocrx_word' id='word_1_216' title='bbox 372 2351 456 2410; x_wconf 90' lang='lat' dir='ltr'><strong>viros</strong></span> <span class='ocrx_word' id='word_1_217' title='bbox 473 2350 584 2425; x_wconf 88' lang='lat' dir='ltr'><strong>partim</strong></span> <span class='ocrx_word' id='word_1_218' title='bbox 600 2349 690 2411; x_wconf 88' lang='lat' dir='ltr'><strong>eiecit</strong></span> <span class='ocrx_word' id='word_1_219' title='bbox 710 2366 750 2410; x_wconf 86' lang='lat' dir='ltr'><strong>ex</strong></span> <span class='ocrx_word' id='word_1_220' title='bbox 767 2349 903 2424; x_wconf 89' lang='lat' dir='ltr'><strong>civitate,</strong></span> <span class='ocrx_word' id='word_1_221' title='bbox 924 2350 1033 2426; x_wconf 86' lang='lat' dir='ltr'><strong>partim</strong></span> <span class='ocrx_word' id='word_1_222' title='bbox 1053 2349 1099 2411; x_wconf 90' lang='lat' dir='ltr'><strong>in-</strong></span> 
     </span>
     <span class='ocr_line' id='line_1_27' title="bbox 64 2431 1099 2509; baseline -0.002 -15"><span class='ocrx_word' id='word_1_223' title='bbox 64 2432 191 2494; x_wconf 89' lang='lat' dir='ltr'><strong>teremit.</strong></span> <span class='ocrx_word' id='word_1_224' title='bbox 221 2433 272 2494; x_wconf 81' lang='lat' dir='ltr'><strong>cn.</strong></span> <span class='ocrx_word' id='word_1_225' title='bbox 286 2431 430 2493; x_wconf 78' lang='lat' dir='ltr'><strong>Octavius</strong></span> <span class='ocrx_word' id='word_1_226' title='bbox 443 2435 550 2493; x_wconf 90' lang='lat' dir='ltr'><strong>consul</strong></span> <span class='ocrx_word' id='word_1_227' title='bbox 562 2433 654 2493; x_wconf 90' lang='lat' dir='ltr'><strong>armis</strong></span> <span class='ocrx_word' id='word_1_228' title='bbox 666 2433 783 2509; x_wconf 87' lang='lat' dir='ltr'><strong>expulit</strong></span> <span class='ocrx_word' id='word_1_229' title='bbox 797 2448 836 2493; x_wconf 90' lang='lat' dir='ltr'><strong>ex</strong></span> <span class='ocrx_word' id='word_1_230' title='bbox 846 2433 922 2495; x_wconf 90' lang='lat' dir='ltr'><strong>urbe</strong></span> <span class='ocrx_word' id='word_1_231' title='bbox 935 2435 1099 2508; x_wconf 78' lang='lat' dir='ltr'><strong>collegam:</strong></span> 
     </span>
     <span class='ocr_line' id='line_1_28' title="bbox 66 2510 1099 2592; baseline -0.004 -15"><span class='ocrx_word' id='word_1_232' title='bbox 66 2516 164 2577; x_wconf 88' lang='lat' dir='ltr'><strong>omnis</strong></span> <span class='ocrx_word' id='word_1_233' title='bbox 184 2515 235 2576; x_wconf 89' lang='lat' dir='ltr'><strong>hic</strong></span> <span class='ocrx_word' id='word_1_234' title='bbox 256 2518 343 2576; x_wconf 88' lang='lat' dir='ltr'><strong>locus</strong></span> <span class='ocrx_word' id='word_1_235' title='bbox 360 2516 480 2576; x_wconf 89' lang='lat' dir='ltr'><strong>acervis</strong></span> <span class='ocrx_word' id='word_1_236' title='bbox 501 2532 664 2591; x_wconf 92' lang='lat' dir='ltr'><strong>corporum</strong></span> <span class='ocrx_word' id='word_1_237' title='bbox 687 2526 717 2577; x_wconf 91' lang='lat' dir='ltr'><strong>et</strong></span> <span class='ocrx_word' id='word_1_238' title='bbox 733 2516 842 2577; x_wconf 89' lang='lat' dir='ltr'><strong>civium</strong></span> <span class='ocrx_word' id='word_1_239' title='bbox 860 2510 1009 2592; x_wconf 76' lang='lat' dir='ltr'><strong>sanguine</strong></span> <span class='ocrx_word' id='word_1_240' title='bbox 1030 2515 1099 2574; x_wconf 91' lang='lat' dir='ltr'><strong>red·</strong></span> 
     </span>
     <span class='ocr_line' id='line_1_29' title="bbox 12 2597 1099 2674; baseline -0.003 -15"><span class='ocrx_word' id='word_1_241' title='bbox 12 2642 16 2649; x_wconf 76' lang='lat'><strong>,</strong></span> <span class='ocrx_word' id='word_1_242' title='bbox 65 2597 202 2660; x_wconf 87' lang='lat' dir='ltr'><strong>undavit.</strong></span> <span class='ocrx_word' id='word_1_243' title='bbox 243 2597 407 2674; x_wconf 87' lang='lat' dir='ltr'><strong>Superavit</strong></span> <span class='ocrx_word' id='word_1_244' title='bbox 432 2606 543 2673; x_wconf 89' lang='lat' dir='ltr'><strong>postea</strong></span> <span class='ocrx_word' id='word_1_245' title='bbox 573 2598 667 2659; x_wconf 84' lang='lat' dir='ltr'><strong>Cinna</strong></span> <span class='ocrx_word' id='word_1_246' title='bbox 696 2615 764 2660; x_wconf 89' lang='lat' dir='ltr'><strong>cum</strong></span> <span class='ocrx_word' id='word_1_247' title='bbox 789 2600 902 2661; x_wconf 78' lang='lat' dir='ltr'><strong>Mario:</strong></span> <span class='ocrx_word' id='word_1_248' title='bbox 926 2608 991 2661; x_wconf 90' lang='lat' dir='ltr'><strong>tum</strong></span> <span class='ocrx_word' id='word_1_249' title='bbox 1014 2611 1099 2670; x_wconf 87' lang='lat' dir='ltr'><strong>vero,</strong></span> 
     </span>
     <span class='ocr_line' id='line_1_30' title="bbox 66 2681 1099 2754; baseline -0.003 -12"><span class='ocrx_word' id='word_1_250' title='bbox 66 2681 246 2742; x_wconf 86' lang='lat' dir='ltr'><strong>clarissimis</strong></span> <span class='ocrx_word' id='word_1_251' title='bbox 266 2681 341 2742; x_wconf 90' lang='lat' dir='ltr'><strong>viris</strong></span> <span class='ocrx_word' id='word_1_252' title='bbox 363 2681 544 2754; x_wconf 84' lang='lat' dir='ltr'><strong>intersectis,</strong></span> <span class='ocrx_word' id='word_1_253' title='bbox 566 2681 679 2742; x_wconf 93' lang='lat' dir='ltr'><strong>lumina</strong></span> <span class='ocrx_word' id='word_1_254' title='bbox 699 2682 829 2745; x_wconf 86' lang='lat' dir='ltr'><strong>civitatis</strong></span> <span class='ocrx_word' id='word_1_255' title='bbox 850 2684 1002 2744; x_wconf 84' lang='lat' dir='ltr'><strong>exstincta</strong></span> <span class='ocrx_word' id='word_1_256' title='bbox 1019 2688 1099 2740; x_wconf 90' lang='lat' dir='ltr'><strong>sunt.</strong></span> 
     </span>
     <span class='ocr_line' id='line_1_31' title="bbox 65 2761 1101 2842; baseline -0.004 -16"><span class='ocrx_word' id='word_1_257' title='bbox 65 2764 154 2826; x_wconf 79' lang='lat' dir='ltr'><strong>Ultus</strong></span> <span class='ocrx_word' id='word_1_258' title='bbox 168 2773 217 2827; x_wconf 89' lang='lat' dir='ltr'><strong>est</strong></span> <span class='ocrx_word' id='word_1_259' title='bbox 235 2765 326 2826; x_wconf 89' lang='lat' dir='ltr'><strong>huius</strong></span> <span class='ocrx_word' id='word_1_260' title='bbox 348 2763 494 2825; x_wconf 90' lang='lat' dir='ltr'><strong>victoriae</strong></span> <span class='ocrx_word' id='word_1_261' title='bbox 511 2764 718 2827; x_wconf 89' lang='lat' dir='ltr'><strong>crudelitatem</strong></span> <span class='ocrx_word' id='word_1_262' title='bbox 736 2775 846 2842; x_wconf 91' lang='lat' dir='ltr'><strong>postea</strong></span> <span class='ocrx_word' id='word_1_263' title='bbox 861 2766 960 2837; x_wconf 89' lang='lat' dir='ltr'><strong>Sulla,</strong></span> <span class='ocrx_word' id='word_1_264' title='bbox 983 2780 1022 2824; x_wconf 92' lang='lat' dir='ltr'><strong>nc</strong></span> <span class='ocrx_word' id='word_1_265' title='bbox 1040 2761 1101 2825; x_wconf 89' lang='lat' dir='ltr'><strong>dici</strong></span> 
     </span>
     <span class='ocr_line' id='line_1_32' title="bbox 65 2848 1101 2923; baseline -0.001 -16"><span class='ocrx_word' id='word_1_266' title='bbox 65 2848 192 2923; x_wconf 89' lang='lat' dir='ltr'><strong>quidem</strong></span> <span class='ocrx_word' id='word_1_267' title='bbox 208 2865 286 2923; x_wconf 89' lang='lat' dir='ltr'><strong>opus</strong></span> <span class='ocrx_word' id='word_1_268' title='bbox 304 2855 352 2908; x_wconf 92' lang='lat' dir='ltr'><strong>est</strong></span> <span class='ocrx_word' id='word_1_269' title='bbox 368 2855 481 2923; x_wconf 91' lang='lat' dir='ltr'><strong>quanta</strong></span> <span class='ocrx_word' id='word_1_270' title='bbox 497 2848 702 2909; x_wconf 90' lang='lat' dir='ltr'><strong>deminutione</strong></span> <span class='ocrx_word' id='word_1_271' title='bbox 718 2850 829 2910; x_wconf 89' lang='lat' dir='ltr'><strong>civium</strong></span> <span class='ocrx_word' id='word_1_272' title='bbox 846 2858 876 2909; x_wconf 92' lang='lat' dir='ltr'><strong>et</strong></span> <span class='ocrx_word' id='word_1_273' title='bbox 892 2854 1005 2923; x_wconf 88' lang='lat' dir='ltr'><strong>quanta</strong></span> <span class='ocrx_word' id='word_1_274' title='bbox 1022 2848 1101 2908; x_wconf 88' lang='lat' dir='ltr'><strong>cala·</strong></span> 
     </span>
     <span class='ocr_line' id='line_1_33' title="bbox 64 2930 1100 3008; baseline -0.001 -18"><span class='ocrx_word' id='word_1_275' title='bbox 64 2930 169 2991; x_wconf 90' lang='lat' dir='ltr'><strong>mitate</strong></span> <span class='ocrx_word' id='word_1_276' title='bbox 190 2932 235 2990; x_wconf 89' lang='lat' dir='ltr'><strong>rei</strong></span> <span class='ocrx_word' id='word_1_277' title='bbox 255 2931 406 3007; x_wconf 90' lang='lat' dir='ltr'><strong>publicae.</strong></span> <span class='ocrx_word' id='word_1_278' title='bbox 448 2931 601 2992; x_wconf 89' lang='lat' dir='ltr'><strong>Dissensit</strong></span> <span class='ocrx_word' id='word_1_279' title='bbox 620 2932 659 2990; x_wconf 87' lang='grc' dir='ltr'><strong>Μ.</strong></span> <span class='ocrx_word' id='word_1_280' title='bbox 677 2931 812 3008; x_wconf 87' lang='lat' dir='ltr'><strong>Lepidus</strong></span> <span class='ocrx_word' id='word_1_281' title='bbox 833 2950 851 2992; x_wconf 91' lang='lat' dir='ltr'><strong>a</strong></span> <span class='ocrx_word' id='word_1_282' title='bbox 874 2930 1042 2991; x_wconf 91' lang='lat' dir='ltr'><strong>clarissimo</strong></span> <span class='ocrx_word' id='word_1_283' title='bbox 1064 2945 1100 2991; x_wconf 91' lang='lat' dir='ltr'><strong>ac</strong></span> 
     </span>
     <span class='ocr_line' id='line_1_34' title="bbox 63 3012 1101 3090; baseline 0.001 -18"><span class='ocrx_word' id='word_1_284' title='bbox 63 3012 234 3074; x_wconf 84' lang='lat' dir='ltr'><strong>fortissimo</strong></span> <span class='ocrx_word' id='word_1_285' title='bbox 249 3013 315 3074; x_wconf 89' lang='lat' dir='ltr'><strong>viro</strong></span> <span class='ocrx_word' id='word_1_286' title='bbox 334 3013 367 3087; x_wconf 90' lang='lat' dir='ltr'><strong>Q.</strong></span> <span class='ocrx_word' id='word_1_287' title='bbox 384 3014 504 3076; x_wconf 80' lang='lat' dir='ltr'><strong>Catulo:</strong></span> <span class='ocrx_word' id='word_1_288' title='bbox 529 3013 626 3077; x_wconf 90' lang='lat' dir='ltr'><strong>attulit</strong></span> <span class='ocrx_word' id='word_1_289' title='bbox 639 3033 702 3076; x_wconf 89' lang='lat' dir='ltr'><strong>non</strong></span> <span class='ocrx_word' id='word_1_290' title='bbox 716 3024 777 3076; x_wconf 86' lang='lat' dir='ltr'><strong>tam</strong></span> <span class='ocrx_word' id='word_1_291' title='bbox 791 3015 889 3090; x_wconf 92' lang='lat' dir='ltr'><strong>ipsius</strong></span> <span class='ocrx_word' id='word_1_292' title='bbox 904 3013 1040 3076; x_wconf 84' lang='lat' dir='ltr'><strong>interitus</strong></span> <span class='ocrx_word' id='word_1_293' title='bbox 1054 3012 1101 3073; x_wconf 90' lang='lat' dir='ltr'><strong>rei</strong></span> 
     </span>
     <span class='ocr_line' id='line_1_35' title="bbox 62 3096 1101 3174; baseline -0.001 -17"><span class='ocrx_word' id='word_1_294' title='bbox 62 3097 209 3173; x_wconf 87' lang='lat' dir='ltr'><strong>publicae</strong></span> <span class='ocrx_word' id='word_1_295' title='bbox 228 3098 342 3157; x_wconf 91' lang='lat' dir='ltr'><strong>luctum</strong></span> <span class='ocrx_word' id='word_1_296' title='bbox 360 3115 451 3174; x_wconf 88' lang='lat' dir='ltr'><strong>quam</strong></span> <span class='ocrx_word' id='word_1_297' title='bbox 473 3107 672 3159; x_wconf 86' lang='lat' dir='ltr'><strong>caeterorum.</strong></span> <span class='ocrx_word' id='word_1_298' title='bbox 714 3096 765 3158; x_wconf 76' lang='lat'><strong>25.</strong></span> <span class='ocrx_word' id='word_1_299' title='bbox 795 3101 896 3174; x_wconf 83' lang='lat' dir='ltr'><strong>Atque</strong></span> <span class='ocrx_word' id='word_1_300' title='bbox 912 3098 981 3159; x_wconf 89' lang='lat' dir='ltr'><strong>illae</strong></span> <span class='ocrx_word' id='word_1_301' title='bbox 999 3106 1101 3159; x_wconf 91' lang='lat' dir='ltr'><strong>tamen</strong></span> 
     </span>
     <span class='ocr_line' id='line_1_36' title="bbox 63 3179 1101 3258; baseline -0.003 -17"><span class='ocrx_word' id='word_1_302' title='bbox 63 3194 174 3241; x_wconf 86' lang='lat' dir='ltr'><strong>omnes</strong></span> <span class='ocrx_word' id='word_1_303' title='bbox 191 3179 403 3242; x_wconf 88' lang='lat' dir='ltr'><strong>dissensiones</strong></span> <span class='ocrx_word' id='word_1_304' title='bbox 419 3190 505 3243; x_wconf 90' lang='lat' dir='ltr'><strong>erant</strong></span> <span class='ocrx_word' id='word_1_305' title='bbox 519 3181 693 3257; x_wconf 91' lang='lat' dir='ltr'><strong>eiusmodi,</strong></span> <span class='ocrx_word' id='word_1_306' title='bbox 709 3197 788 3258; x_wconf 90' lang='lat' dir='ltr'><strong>quae</strong></span> <span class='ocrx_word' id='word_1_307' title='bbox 800 3198 862 3242; x_wconf 93' lang='lat' dir='ltr'><strong>non</strong></span> <span class='ocrx_word' id='word_1_308' title='bbox 875 3182 916 3242; x_wconf 89' lang='lat' dir='ltr'><strong>ad</strong></span> <span class='ocrx_word' id='word_1_309' title='bbox 931 3182 1101 3250; x_wconf 88' lang='lat' dir='ltr'><strong>delendam,</strong></span> 
     </span>
     <span class='ocr_line' id='line_1_37' title="bbox 62 3261 1101 3341; baseline -0.006 -18"><span class='ocrx_word' id='word_1_310' title='bbox 62 3263 121 3324; x_wconf 85' lang='lat' dir='ltr'><strong>sed</strong></span> <span class='ocrx_word' id='word_1_311' title='bbox 144 3264 187 3323; x_wconf 88' lang='lat' dir='ltr'><strong>ad</strong></span> <span class='ocrx_word' id='word_1_312' title='bbox 212 3265 455 3325; x_wconf 90' lang='lat' dir='ltr'><strong>commutandam</strong></span> <span class='ocrx_word' id='word_1_313' title='bbox 478 3281 542 3324; x_wconf 90' lang='lat' dir='ltr'><strong>rem</strong></span> <span class='ocrx_word' id='word_1_314' title='bbox 568 3265 721 3340; x_wconf 90' lang='lat' dir='ltr'><strong>publicam</strong></span> <span class='ocrx_word' id='word_1_315' title='bbox 745 3265 945 3341; x_wconf 85' lang='lat' dir='ltr'><strong>pertinerent=</strong></span> <span class='ocrx_word' id='word_1_316' title='bbox 969 3280 1032 3325; x_wconf 92' lang='lat' dir='ltr'><strong>non</strong></span> <span class='ocrx_word' id='word_1_317' title='bbox 1057 3261 1101 3320; x_wconf 91' lang='lat' dir='ltr'><strong>illi</strong></span> 
     </span>
     <span class='ocr_line' id='line_1_38' title="bbox 63 3346 1101 3423; baseline -0.003 -18"><span class='ocrx_word' id='word_1_318' title='bbox 63 3347 179 3406; x_wconf 91' lang='lat' dir='ltr'><strong>nullam</strong></span> <span class='ocrx_word' id='word_1_319' title='bbox 196 3362 268 3406; x_wconf 89' lang='lat' dir='ltr'><strong>esse</strong></span> <span class='ocrx_word' id='word_1_320' title='bbox 280 3363 345 3407; x_wconf 89' lang='lat' dir='ltr'><strong>rem</strong></span> <span class='ocrx_word' id='word_1_321' title='bbox 361 3346 528 3423; x_wconf 90' lang='lat' dir='ltr'><strong>publicam,</strong></span> <span class='ocrx_word' id='word_1_322' title='bbox 552 3349 609 3408; x_wconf 93' lang='lat' dir='ltr'><strong>sed</strong></span> <span class='ocrx_word' id='word_1_323' title='bbox 625 3348 657 3407; x_wconf 94' lang='lat' dir='ltr'><strong>in</strong></span> <span class='ocrx_word' id='word_1_324' title='bbox 672 3365 724 3421; x_wconf 87' lang='lat' dir='ltr'><strong>ea,</strong></span> <span class='ocrx_word' id='word_1_325' title='bbox 746 3363 824 3423; x_wconf 92' lang='lat' dir='ltr'><strong>quae</strong></span> <span class='ocrx_word' id='word_1_326' title='bbox 844 3357 943 3420; x_wconf 85' lang='lat' dir='ltr'><strong>esset,</strong></span> <span class='ocrx_word' id='word_1_327' title='bbox 967 3363 1003 3408; x_wconf 87' lang='lat' dir='ltr'><strong>se</strong></span> <span class='ocrx_word' id='word_1_328' title='bbox 1029 3358 1101 3404; x_wconf 91' lang='lat' dir='ltr'><strong>esse</strong></span> 
     </span>
     <span class='ocr_line' id='line_1_39' title="bbox 63 3426 1106 3509; baseline -0.005 -19"><span class='ocrx_word' id='word_1_329' title='bbox 63 3429 240 3506; x_wconf 86' lang='lat' dir='ltr'><strong>principes,</strong></span> <span class='ocrx_word' id='word_1_330' title='bbox 256 3446 359 3509; x_wconf 90' lang='lat' dir='ltr'><strong>neque</strong></span> <span class='ocrx_word' id='word_1_331' title='bbox 372 3431 451 3491; x_wconf 89' lang='lat' dir='ltr'><strong>banc</strong></span> <span class='ocrx_word' id='word_1_332' title='bbox 465 3431 571 3492; x_wconf 87' lang='lat' dir='ltr'><strong>urbem</strong></span> <span class='ocrx_word' id='word_1_333' title='bbox 580 3430 780 3508; x_wconf 80' lang='lat' dir='ltr'><strong>conflagrare,</strong></span> <span class='ocrx_word' id='word_1_334' title='bbox 796 3432 852 3493; x_wconf 90' lang='lat' dir='ltr'><strong>sed</strong></span> <span class='ocrx_word' id='word_1_335' title='bbox 867 3448 902 3492; x_wconf 88' lang='lat' dir='ltr'><strong>se</strong></span> <span class='ocrx_word' id='word_1_336' title='bbox 916 3431 948 3490; x_wconf 91' lang='lat' dir='ltr'><strong>in</strong></span> <span class='ocrx_word' id='word_1_337' title='bbox 961 3426 1106 3488; x_wconf 84' lang='lat' dir='ltr'><strong>baeurbe</strong></span> 
     </span>
    </p>
   </div>
   <div class='ocr_carea' id='block_1_3' title="bbox 0 0 1176 3788">
    <p class='ocr_par' dir='ltr' id='par_1_4' title="bbox 0 0 1176 3788">
     <span class='ocr_line' id='line_1_40' title="bbox 0 0 1176 3788; baseline 0 0"><span class='ocrx_word' id='word_1_338' title='bbox 0 0 1176 3788; x_wconf 95' lang='lat' dir='ltr'><strong> </strong></span> 
     </span>
    </p>
   </div>
  </div>
 </body>
</html>
