2340 3788
94 195 159 263 w
321 190 396 253 PRO
409 192 442 251 Ta
456 188 575 251 ANNIO
588 188 733 251 MILONE
747 188 898 251 ORATIO.

110 338 115 349 ‘
157 341 223 408 1.1.
241 341 307 403 Etsi
319 334 435 411 uereor,
450 338 578 413 iudices,
597 354 636 399 ne
648 346 734 415 turpe
748 339 789 399 sit
802 355 858 413 pro
872 336 1049 401 rormaimo
1068 338 1130 405 viro
1169 331 1170 348 ³

95 416 198 487 dicere
209 423 402 499 incipientem
415 422 520 499 timere
529 419 713 496 minimeque
725 420 841 493 deceat,
855 438 950 495 quum
960 421 996 484 Τ.
1009 423 1132 485 Annius

95 506 165 583 ipse
189 505 285 581 magis
306 506 346 564 de
358 504 404 565 rei
418 504 559 580 publicae
572 505 669 564 solute
686 519 777 579 quum
793 503 833 562 de
847 504 904 562 sna
921 506 1131 578 perturbetur,

95 604 145 649 me
167 586 287 648 adeius
303 602 427 655 causam
442 602 547 663 parem
562 585 652 645 animi
666 584 901 661 magnitudinem
924 585 1056 647 adferre
1073 604 1132 650 non

96 686 201 749 posse,
218 677 318 731 tamen
331 668 409 731 haec
424 668 497 730 novi
509 667 613 729 iudicii
624 684 706 729 nova
719 669 816 728 torma
826 674 919 728 terret
936 669 1066 745 oeulos,
1081 670 1132 747 qni

55 784 60 794 ·
96 762 290 830 quocumque
302 749 482 826 inciderunt,
500 750 749 813 consuetudinem
760 749 818 811 lori
832 756 863 810 et
877 748 1049 824 pristinum
1069 769 1131 814 me

94 852 159 897 rem
176 833 356 895 iudiciorum
369 834 537 909 requirunt
579 833 646 893 Non
663 833 743 893 enim
757 847 871 892 corona
886 847 1067 895 consessus
1084 851 1132 895 ve
1166 863 1169 900 ι

95 921 159 981 ater
171 915 288 979 ciamus
302 924 358 991 cst
372 925 406 978 ut
419 917 552 977 solebatz
569 931 631 975 non
645 913 755 975 usitata
770 914 940 991 frequentia
956 915 1070 991 stipati
1084 934 1132 979 su·
1167 916 1168 933 ¹

94 1016 177 1063 musa
200 996 230 1059 2.
248 1016 309 1060 non
323 992 375 1060 illa
389 997 550 1077 praesidia,
566 1013 645 1075 quae
659 1013 716 1073 pro
731 996 852 1072 templis
870 995 1018 1059 omnibus
1036 1001 1131 1061 cerni-

94 1082 150 1158 tia,
167 1078 228 1145 etsi
242 1090 346 1143 contra
363 1081 422 1141 vin
436 1082 587 1142 collocata
601 1087 687 1154 suut,
707 1094 769 1139 non
785 1079 925 1139 adierunt
938 1088 1050 1142 tamen
1064 1100 1130 1145 ore·

95 1163 157 1229 tori
166 1162 290 1239 ofiquid
306 1172 339 1224 nt
349 1162 380 1223 in
393 1167 459 1225 loro
474 1171 505 1224 et
516 1163 546 1223 in
558 1160 681 1235 iudicio,
697 1177 880 1236 quamquam
893 1160 1067 1236 praesidiis
1083 1182 1130 1227 sa·

94 1246 241 1309 luteribus
249 1244 468 1307 etnecessariia
477 1244 699 1327 saeptisumus,
708 1251 807 1304 tomen
814 1260 853 1303 ne
860 1260 921 1304 non
936 1244 1054 1307 timere
1066 1247 1127 1323 qui·

96 1330 165 1391 dom
178 1326 246 1388 sine
258 1328 361 1403 aliquo
375 1326 482 1387 timore
503 1326 668 1401 possimus.
710 1324 795 1400 Quae
816 1325 843 1387 si
859 1327 1007 1402 opposita
1025 1328 1131 1390 Miloni

95 1418 248 1487 putarem,
263 1409 403 1469 cederem
416 1407 559 1484 tempori,
572 1407 699 1480 iudices,
712 1424 772 1469 nec
783 1407 861 1470 inter
873 1417 988 1471 tantam
1007 1412 1073 1471 vim
1085 1428 1129 1473 or·

94 1508 212 1554 morum
226 1490 428 1551 existimarem
444 1506 515 1551 esse
532 1488 660 1552 orationi
674 1491 784 1552 locum.
820 1491 882 1552 Sed
899 1507 948 1552 me
962 1503 1091 1556 recreat
1103 1503 1130 1555 ct

94 1573 191 1635 reiicit
202 1572 253 1633 Cn.
264 1572 414 1653 Pompeii,
428 1570 646 1647 sapientissimi
658 1579 688 1633 et
697 1571 856 1634 iustissimi
869 1573 934 1648 viri,
952 1577 1129 1651 consilium,

96 1655 297 1733 qniprolecto
312 1672 370 1716 nec
384 1654 517 1739 iustitiae
531 1668 605 1717 suae
620 1653 740 1730 putaret
754 1671 833 1730 esse,
850 1672 1047 1732 quemreum
1063 1676 1128 1722 sen-

94 1737 195 1801 tentiis
206 1737 339 1800 iudicum
348 1738 532 1813 tradidisset,
550 1738 696 1799 eumdem·
705 1737 770 1799 tetta
784 1737 910 1800 militurn
925 1739 1059 1817 dedere,
1075 1757 1129 1803 nec

95 1821 265 1897 sapientiae
274 1820 471 1883 temeritatem
479 1820 649 1887 concitatae
659 1820 856 1883 multitudinis
872 1822 1060 1887 auctoritate
1075 1843 1128 1902 pn·

60 1964 69 1978 ,
92 1906 172 1966 blica
185 1919 321 1965 armare·
354 1903 385 1966 lt.
401 1904 496 1979 Quam
510 1905 550 1965 ob
566 1919 630 1964 rem
645 1904 696 1965 illa
716 1920 815 1976 arma,
838 1904 1054 1978 centuriones,
1080 1924 1128 1969 co·

93 1988 196 2049 hortos
212 2003 272 2046 non
292 1986 456 2062 periculum
473 1986 572 2059 nobis,
587 1985 644 2049 sed
660 1985 845 2060 praesidium
860 1987 1062 2064 denunciant,
1076 2007 1126 2050 ne·

94 2084 154 2145 que
170 2072 268 2130 solum
285 2078 318 2130 ut
335 2069 451 2144 quieto,
475 2069 530 2129 sed
551 2070 639 2129 eliam
656 2075 812 2142 almagno
827 2069 925 2129 animo
941 2070 1046 2133 simus
1060 2073 1128 2133 hor·

92 2158 208 2224 tantur,
225 2168 325 2226 neque
341 2151 485 2212 auxilium
500 2150 591 2218 modo
606 2150 776 2210 defensioni
791 2167 891 2224 meae,
912 2169 1022 2214 verum
1039 2156 1128 2217 etiam

96 2232 247 2295 silentium
262 2233 448 2307 pollicentur.
481 2231 611 2307 Reliqua
627 2249 699 2293 vero
718 2233 885 2307 multitudo,
902 2252 982 2309 quae
1000 2237 1127 2311 quidem

94 2323 142 2376 est
155 2314 274 2388 civium,
289 2323 352 2375 toto
364 2325 467 2376 nostra
481 2324 537 2386 est
554 2331 654 2389 neque
664 2331 769 2375 eorum
786 2317 957 2392 quisquam,
977 2336 1064 2393 qnos
1077 2338 1127 2380 un-

94 2398 186 2471 dique
202 2395 361 2471 intuentes,
378 2400 459 2459 unde
474 2399 576 2472 aliqua
593 2398 649 2457 lori
664 2413 736 2472 pars
748 2398 844 2473 aspici
861 2408 971 2473 potest,
988 2411 1021 2462 et
1037 2403 1128 2464 huius

94 2480 206 2540 exitum
222 2478 325 2539 iudicii
342 2487 553 2555 exspectantes
564 2478 683 2552 videtis,
699 2496 761 2539 non
777 2499 868 2556 quum
886 2481 987 2542 virtuti
1000 2483 1128 2546 Milonis

42 2604 45 2611 ,
94 2563 175 2623 lavet
194 2570 257 2625 tum
273 2563 374 2636 dese,
396 2565 435 2623 de
453 2560 555 2623 liberis
572 2560 652 2633 suis,
676 2562 715 2621 de
732 2562 843 2638 patria,
865 2564 904 2623 de
924 2566 1062 2627 fortunis
1077 2570 1127 2629 ho·

93 2645 198 2706 dierno
214 2644 264 2705 die
279 2645 426 2706 decertari
440 2651 534 2720 putot.
561 2644 597 2703 ΙΙ.
612 2643 712 2704 Unum
726 2662 822 2720 genus
839 2644 886 2706 est
901 2648 1075 2710 adversum
1086 2651 1128 2711 in·

92 2729 264 2802 testumque
278 2727 366 2787 nobis
378 2743 492 2798 eorum,
506 2742 585 2800 quos
595 2726 626 2786 P.
642 2727 738 2787 Clodii
753 2729 836 2789 luror
847 2728 963 2804 rapinis
976 2739 1007 2790 et
1023 2732 1128 2794 incen-

92 2808 151 2869 diis
166 2817 196 2870 et
213 2808 351 2871 omnibus
364 2807 463 2870 exitiis
472 2808 601 2883 publicis
616 2809 713 2883 pavita
727 2812 778 2884 qui
791 2811 932 2873 hesterna
947 2812 1043 2873 eliani
1057 2831 1129 2876 oon·

91 2892 174 2951 tione
188 2891 300 2953 incitati
323 2898 406 2965 sunt,
428 2900 462 2952 ut
478 2889 565 2951 vobis
582 2907 658 2952 voce
680 2893 831 2967 praeirent
850 2896 922 2969 quid
936 2895 1129 2959 iudicaretis.

45 2974 52 2983 '
93 2972 224 3046 Quorum
240 2976 353 3036 clamor
370 2975 397 3034 si
414 2973 465 3049 qui
483 2974 559 3034 rorte
575 2973 678 3046 luerit,
692 2975 856 3038 admonere
871 2994 926 3037 vos
942 2976 1082 3053 debebit
1099 2989 1130 3042 ut

94 3069 164 3115 oum
178 3054 275 3117 civem
290 3056 459 3130 retineatis,
482 3057 533 3131 qui
555 3072 676 3131 semper
689 3073 785 3132 genus
801 3061 875 3119 illud
889 3058 1051 3121 hominum
1069 3066 1129 3124 cla·

92 3151 255 3210 moresque
269 3139 416 3202 maximos
431 3155 505 3214 prae
519 3147 621 3200 vestra
635 3140 731 3200 salute
747 3141 889 3216 neglexit.
923 3141 954 3202 4.
971 3142 1074 3216 Quam
1090 3147 1129 3206 ob

90 3234 155 3278 rem
169 3219 275 3281 adeste
290 3220 411 3296 animis,
431 3220 566 3292 iudices,
591 3228 619 3282 et
633 3221 770 3283 timorem
786 3225 812 3283 si
829 3240 918 3299 quern
934 3225 1060 3288 habetis
1077 3230 1128 3289 de

91 3300 204 3376 ponite.
247 3302 321 3362 Nam
342 3305 369 3364 si
385 3320 527 3381 umquam
543 3303 684 3364 debonis
704 3312 733 3364 et
747 3306 874 3366 fortibus
898 3306 986 3379 viris,
1007 3309 1038 3368 si
1063 3328 1128 3373 um·

92 3385 235 3456 quamde
253 3386 457 3448 benemeritis
479 3385 596 3447 civibus
617 3393 753 3460 potestas
773 3386 860 3448 vobis
881 3388 1038 3450 iudicandi
1063 3393 1128 3460 luit
