2340 3788
354 194 772 262 car.1o-1a.t.ar—ar.
1002 194 1065 265 tor

53 349 210 411 addemus.
260 344 322 406 Sed
349 343 382 404 id
412 343 534 420 quidem
563 352 671 417 restat,
693 352 727 405 ut
749 360 856 420 spero,
889 345 1061 421 victoribus,

53 432 147 493 uibus
168 436 294 489 senatus
318 426 397 488 ddes
420 426 638 502 praestabitur:
667 443 756 503 quam
778 427 921 503 quoniam
945 430 1060 491 dilfioil-

53 530 102 574 mo
122 510 169 572 rei
184 510 324 586 publicae
344 518 481 585 ternpore
502 509 599 571 seculi
620 518 702 581 sunt,
725 527 782 571 eos
796 525 959 585 numquam
972 530 1060 588 opor-

53 598 106 659 abit
127 591 250 654 consilii
265 592 314 655 sui
330 592 494 668 poenitere.
539 591 600 653 Sed
615 593 703 653 facile
721 602 769 654 est
782 592 861 652 bene
882 609 972 666 agere
994 612 1061 655 cum

53 699 86 754 s,
103 696 123 741 a
139 676 251 751 quibus
265 677 354 736 etiam
367 676 536 736 tacentibus
553 674 682 750 flagitari
695 677 847 736 videmur:
877 676 949 735 illud
968 677 1060 737 admi-

53 761 157 823 ibilius
170 767 202 820 ot
215 758 312 819 maius
327 756 519 834 maximeque
534 760 688 834 proprium
705 769 829 820 senatus
844 757 989 833 sapientis
1004 769 1059 830 est,

53 852 115 904 rata
127 858 235 903 eorum
246 840 385 901 virtutem
397 842 542 903 memoria
556 845 711 917 prosequi,
728 844 779 917 qui
791 858 847 916 pro
861 840 958 916 patria
970 840 1060 901 vitam

53 926 241 988 roludcruut
282 922 333 985 at.
356 923 487 998 Quorum
510 926 549 984 de
569 926 685 986 honore
700 925 813 986 utinam
832 924 903 985 mibi
925 925 1011 999 plara
1030 923 1059 983 in

53 1018 162 1070 tentam
177 1006 330 1067 venirent!
373 1008 440 1068 Duo
456 1016 537 1068 certe
552 1025 613 1066 non
630 1007 818 1082 praeteribo,
834 1023 913 1083 quae
931 1006 1060 1067 maxime

53 1098 213 1153 ocurrunta
236 1105 364 1165 quorum
379 1092 506 1150 alterum
520 1089 650 1164 pertinet
664 1092 704 1149 ad
724 1090 859 1150 virorum
880 1088 1059 1150 fortissimo·

52 1193 95 1235 rm
108 1173 238 1248 gloriam
251 1172 480 1248 sempiternam,
500 1174 626 1233 altarum
648 1174 687 1232 ad
702 1172 876 1233 leniendum
891 1188 1058 1233 maerorem

52 1267 60 1320 t
75 1259 192 1319 luctum
206 1256 422 1331 proximorum.

92 1341 157 1401 xil.
178 1339 280 1399 Placet
294 1338 385 1414 igitur
398 1336 485 1411 mihi,
506 1346 607 1413 patres
626 1337 808 1413 conscripti,
834 1337 963 1413 legionis
980 1337 1057 1396 Mar·

53 1438 93 1485 ae
110 1421 255 1483 militibus
275 1430 305 1482 et
324 1422 385 1494 eis,
407 1423 457 1496 qui
475 1437 536 1481 una
552 1431 721 1498 pugnantes
740 1423 931 1492 occiderunt,
954 1437 1058 1481 monu-

52 1514 163 1569 reatmn
181 1502 248 1565 tleri
263 1521 353 1579 quam
366 1505 596 1580 amplissimum.
638 1505 748 1580 Magna
766 1513 858 1581 atque
873 1503 1059 1566 incredibilia

52 1587 224 1650 notiorem
239 1586 391 1663 publicam
405 1587 494 1648 huius
510 1589 616 1647 merita
630 1588 770 1662 legionis.
813 1589 896 1648 Haec
913 1605 947 1648 se
962 1587 1058 1662 prima

52 1669 190 1733 tunninio
208 1669 330 1745 abrupit
349 1670 488 1731 Antonii:
510 1670 586 1729 haec
606 1671 702 1729 tenuit
715 1670 839 1728 Albam:
864 1671 940 1731 baec
964 1687 998 1730 se
1019 1672 1057 1730 ad

52 1768 192 1815 cesarem
207 1752 347 1815 contulit:
377 1754 456 1813 hanc
474 1754 585 1813 imitata
600 1759 707 1825 quarta
724 1751 803 1823 legio
823 1768 927 1825 parem
943 1753 1057 1811 virtutis

52 1834 157 1899 loriam
182 1845 347 1898 consecuta
366 1846 423 1898 est
467 1837 578 1909 Quarta
599 1833 708 1894 victrix
723 1831 877 1893 desiderat
892 1833 1057 1892 neminem:

52 1937 70 1979 x
84 1919 192 1981 Martia
205 1936 266 1983 aon
283 1918 357 1979 nulli
371 1920 401 1980 in
415 1920 484 1995 ipsa
500 1917 626 1980 victoria
640 1917 847 1977 conciderunt.
870 1915 893 1974 0
910 1917 1059 1976 fortunata

52 2018 122 2075 rors,
137 2018 217 2077 quae
231 2011 356 2065 naturae
368 2003 469 2063 debita
479 2018 535 2078 pro
550 2001 646 2076 patria
661 2009 708 2060 est
723 1997 914 2075 potissimum
925 1997 1056 2057 redditat

52 2085 80 2147 2.
107 2084 175 2147 Vos
195 2102 268 2148 vero
289 2085 405 2161 patriae
428 2096 516 2147 natos
541 2085 657 2146 iudico:
688 2098 817 2159 quorum
839 2082 929 2142 etiam
948 2096 1058 2140 nomen

62 2169 238 2242 Monaesi,
263 2177 298 2230 ut
319 2168 399 2229 idem
415 2170 492 2231 deus
512 2170 618 2228 urbem
637 2168 717 2227 hano
733 2165 888 2245 gentibue,
910 2181 968 2225 vos
989 2163 1057 2222 huic

52 2251 96 2313 rbi
110 2251 257 2326 genuisse
272 2251 418 2312 videatur.
460 2253 494 2310 ln
511 2252 583 2327 luga
597 2251 688 2311 foeda
701 2265 783 2309 mors
799 2255 860 2308 est:
887 2246 917 2307 in
934 2246 1059 2308 victoria

50 2335 172 2395 loriosa.
214 2334 332 2395 Etenim
348 2334 430 2395 Mars
450 2334 519 2410 ipse
541 2351 580 2394 ex
600 2334 667 2394 acie
685 2332 880 2394 fortissimum
908 2345 1058 2406 quemque

52 2417 183 2492 ignorari
198 2420 285 2479 solet.
328 2419 374 2477 llll
388 2418 477 2492 igitur
490 2417 591 2492 impii,
614 2432 694 2491 quos
715 2414 883 2488 cecidistis,
909 2412 997 2474 etiam
1018 2413 1059 2471 ad

51 2501 145 2562 iseros
158 2515 275 2575 poenas
290 2499 443 2575 parricidii
457 2503 554 2562 luent:
576 2517 632 2560 vos
644 2515 733 2572 vero,
749 2497 802 2573 qui
816 2507 983 2558 extremum
997 2496 1058 2569 spi·

51 2593 117 2645 ‚tum
142 2582 173 2642 in
190 2581 318 2645 victoria
337 2583 503 2663 effudistis,
528 2583 648 2658 piorum
672 2582 746 2642 estis
771 2581 876 2641 sedem
904 2588 934 2641 et
960 2579 1058 2640 locum

51 2663 198 2728 onsocuti.
239 2665 348 2728 Brevis
362 2684 380 2727 a
392 2674 498 2727 natura
513 2665 602 2727 nobis
619 2667 680 2725 vita
695 2665 765 2726 data
783 2672 843 2724 est=
870 2671 900 2724 at
914 2661 1058 2721 memoria

51 2766 108 2810 ene
122 2748 259 2810 redditae
277 2749 356 2810 vitae
378 2751 571 2825 sempiterna.
615 2749 698 2821 Quae
714 2748 740 2808 si
761 2763 822 2807 non
838 2754 922 2807 esset
940 2743 1059 2818 longior

52 2849 122 2893 uam
136 2832 213 2893 baec
227 2830 303 2906 vita,
326 2831 395 2908 quis
416 2843 500 2894 essct
514 2842 575 2894 tam
595 2848 700 2891 amens
720 2829 772 2906 qui
791 2828 931 2888 maximis
949 2826 1058 2886 labori·

51 2933 87 2976 us
113 2923 144 2976 ct
167 2914 311 2990 periculis
335 2917 375 2976 ad
400 2933 548 2979 summam
575 2915 695 2975 laudem
721 2914 909 2988 gloriamque
936 2919 1058 2971 conteu-

51 2996 135 3060 e'rett
183 2996 233 3058 33.
261 2999 372 3060 Actum
396 2999 487 3075 igitur
508 2999 665 3075 praeclare
689 2995 864 3066 vobiscum,
893 2990 1059 3062 fortissimi,

51 3098 100 3142 um
126 3078 261 3154 vixistis,
290 3099 371 3143 nunc
396 3099 469 3142 vero
497 3082 586 3143 etiam
612 3077 797 3141 sanctissimi
825 3076 951 3149 milites,
977 3073 1058 3150 quod

51 3172 131 3226 estra
143 3162 241 3225 virtus
255 3182 312 3226 neo
330 3165 483 3227 oblivione
503 3181 622 3237 eorum,
644 3163 695 3238 qui
712 3178 792 3222 nunc
807 3170 891 3236 sunt,
914 3174 971 3219 nec
990 3154 1058 3218 reti-

51 3246 129 3308 entia
154 3256 344 3321 posterorum
369 3247 521 3322 insepulta
543 3262 615 3306 esse
635 3246 759 3320 poterit,
784 3260 876 3320 quum
897 3240 985 3302 vobis
1005 3239 1058 3300 im·

50 3331 156 3393 rortale
171 3339 396 3393 monumentum
417 3329 482 3390 suis
499 3345 599 3404 paene
613 3327 753 3389 manibus
770 3335 893 3388 senatus
911 3324 1057 3400 populus·

51 3429 92 3475 ne
116 3413 273 3476 Romanus
299 3413 491 3477 exstruxerit.
525 3410 612 3489 Multi
632 3426 728 3487 saepe
755 3409 908 3550 exgsscitus
927 3405 1059 3475 Punicis,
