2340 3788
114 178 177 245 154
368 178 408 236 rr
421 158 454 273 b.
471 175 838 256 corrumnntoanrru
853 178 902 237 111.

112 333 224 394 llorere
244 330 415 390 voluerunt.
446 326 559 405 [Atque
583 326 653 387 illae
672 333 772 387 tamen
789 343 896 389 omnes
917 327 1139 406 dissensiones,

112 430 239 491 quarum
254 412 336 473 nulla
355 409 480 473 exitium
493 409 539 471 rei
552 409 694 484 publicae
708 409 876 487 quaesivit,
896 409 964 473 eius
978 410 1064 473 rnodi
1077 414 1142 477 lue-

38 544 41 549 .
110 506 191 570 runt,
205 504 237 557 ut
250 511 311 555 nnn
324 493 571 555 reconciliatione
589 493 789 565 concordiae,
809 493 866 555 sed
879 492 1083 556 internicione
1099 497 1138 561 ci·

110 581 193 641 vium
208 578 391 639 diiudicatae
407 575 489 654 siut]
504 578 538 637 In
553 577 612 639 hoc
627 584 803 639 autemnon
819 584 892 653 post
906 576 1070 639 bominum·
1079 595 1138 641 me·

111 664 237 725 moriam
255 661 386 723 maximo
402 659 674 737 crudelissimoque
688 660 785 735 bello,
813 660 904 735 quale
924 661 1038 723 bellum
1059 656 1140 725 nulla'

111 763 256 822 umquam
266 744 407 806 barbaria
416 760 551 804 cnmsua
565 753 655 817 gente
669 742 775 818 gessit,
791 759 853 818 quo
863 743 894 803 iu
908 743 988 805 bello
1001 746 1052 805 lex
1064 744 1140 807 haee

111 831 167 893 luit
180 846 199 889 a
211 829 348 901 Lentulo,
364 826 499 901 Catilina,
514 825 775 902 corregnemus
790 825 963 899 constituta,
976 834 1011 887 ut
1021 844 1140 903 omues,

111 913 165 990 qui
181 915 267 975 solva
282 911 357 973 urbe
373 909 451 971 salvi
472 925 543 971 esse
563 918 705 985 possent,
731 909 766 970 in.
783 909 915 972 bostium
936 926 1064 975 numero
1085 912 1140 973 du-

109 1005 261 1069 serentur,
284 995 327 1056 ita
340 1009 388 1055 rne
401 992 502 1068 gessi,
519 992 665 1068 Quirites,
680 1001 714 1054 ut
725 992 804 1054 salvi
817 1009 924 1055 ornnes
939 1009 1139 1057 conservare-

110 1081 197 1154 mini,
223 1087 269 1152 et,
293 1093 385 1153 quum
402 1076 508 1137 hostes
529 1076 622 1137 vestri
641 1084 757 1138 tantmn
779 1076 892 1138 ciuium
911 1078 1140 1152 superfuturum

110 1170 281 1241 putassent,
295 1167 439 1236 quantum
456 1159 591 1220 infinitae
607 1159 694 1221 caedi
708 1162 885 1233 restitisset,
907 1168 1024 1223 tanturn
1037 1168 1140 1227 autem

110 1246 206 1317 urbis,
223 1252 368 1320 quantum
383 1240 505 1303 flamma
519 1243 605 1304 obire
620 1261 681 1305 non
696 1243 863 1323 potuisset,
884 1252 915 1305 et
929 1244 1039 1307 urbem
1052 1251 1083 1305 et
1097 1243 1139 1305 ci-

109 1347 165 1389 ves
179 1327 313 1402 integros
331 1325 563 1403 incolumesque
577 1326 712 1389 serrari.

191 1412 241 1471 xl
263 1411 313 1473 26.
335 1408 450 1482 Quibus
465 1426 522 1485 pro
538 1411 628 1472 tantis
644 1412 752 1484 rebus,
779 1410 924 1486 Quirites,
949 1411 1063 1471 nultum
1079 1426 1138 1485 ego

109 1512 128 1555 a
144 1494 231 1555 vobis
246 1493 415 1569 praemium
431 1492 563 1567 virtutis,
589 1495 705 1555 nullum
718 1493 840 1570 insigne
854 1492 999 1567 honoris,
1022 1494 1137 1557 nullum

59 1578 64 1585 ’
108 1585 335 1639 monumentum
352 1576 452 1637 landis
470 1578 634 1653 postulabo
655 1587 868 1653 praeterquam
882 1577 972 1641 huius
993 1576 1054 1639 diei
1072 1593 1137 1641 ure·

108 1661 235 1723 morium
251 1660 474 1735 sempiternam.
518 1661 554 1721 ln
570 1659 679 1723 animis
700 1678 759 1737 ego
774 1660 886 1723 vestris
904 1675 1012 1723 omnes
1033 1658 1138 1723 trium·

107 1744 189 1820 phos
203 1759 305 1817 meos,
328 1744 430 1804 omnia
449 1752 625 1805 ornamenta
638 1743 781 1816 honoris,
800 1751 998 1807 monumenta
1010 1742 1137 1819 gloriae,

107 1828 208 1889 laudis
222 1826 353 1904 insignia
367 1827 459 1888 cundi
477 1835 507 1889 et
520 1827 666 1889 collocari
680 1830 761 1890 volo.
783 1827 861 1889 Nihil
876 1844 925 1889 rne
941 1835 1054 1889 mutum
1067 1818 1144 1903 pot⁹

106 1920 156 1972 est
169 1913 335 1984 delectare,
357 1909 431 1972 nihil
451 1911 590 1983 taciturn,
611 1911 686 1973 nihil
699 1910 833 1987 denique
852 1908 1032 1983 eiusmodi,
1051 1908 1138 1985 quod

107 1995 196 2057 etiarn
213 1996 313 2055 minus
328 1995 411 2069 digni
427 1994 700 2070 adseqnipossint.
741 1994 888 2057 Memoria
904 2001 1020 2067 vestra,
1038 1991 1137 2066 Quiri-

106 2086 162 2148 tes,
178 2095 228 2138 res
244 2086 367 2139 nostrae
381 2079 507 2149 alentur,
526 2077 718 2139 sermonibus
732 2086 880 2150 crescent,
892 2075 1057 2139 litterarum
1072 2091 1137 2139 mo·

106 2160 258 2220 nmnentis
269 2160 492 2221 inveterascent
502 2161 831 2224 etcorroborabunturx
843 2161 1043 2236 eamdemque
1055 2159 1137 2221 diem

106 2240 249 2315 intelligo,
270 2260 361 2317 quarn
376 2261 468 2319 spero
483 2253 635 2305 aeternam
649 2245 730 2319 fore,
748 2253 947 2320 propagatam
964 2258 1036 2305 esse
1051 2250 1082 2303 et
1095 2242 1137 2301 ad

107 2325 236 2385 salutern
251 2326 334 2386 urbis
350 2335 380 2387 et
395 2327 622 2389 admemoriam
639 2329 818 2390 consulatus
834 2327 903 2402 mei,
920 2341 1043 2399 unoque
1058 2333 1136 2385 tcm-

105 2423 181 2482 pore
197 2409 227 2467 in
252 2408 309 2468 hac
326 2426 359 2470 re
378 2410 501 2485 publica
515 2411 595 2472 duos
612 2412 697 2473 cives
711 2411 882 2485 exstitisse,
907 2424 1034 2485 quorum
1056 2408 1136 2467 alter

104 2490 184 2551 alnes
199 2492 292 2552 vestri
308 2491 427 2566 imperii
442 2511 503 2554 non
514 2503 623 2568 terrae,
638 2496 695 2557 sed
710 2495 787 2557 caeli
800 2493 979 2570 regionibus
992 2490 1136 2553 termina·

103 2585 159 2648 ret,
173 2576 248 2635 alter
262 2575 400 2635 eiusdem
409 2576 527 2652 imperii
542 2576 726 2639 domicilium
740 2579 896 2655 sedesque
909 2582 1055 2644 servare.
1070 2574 1136 2635 xlt.

103 2656 154 2720 at.
173 2658 236 2719 Sed
253 2659 397 2734 quoniam
411 2676 515 2721 earum
528 2678 644 2735 rerum,
660 2679 738 2737 quas
752 2678 812 2738 ego
827 2659 928 2737 gessi,
949 2676 1011 2721 non
1027 2659 1135 2719 eadem

103 2751 153 2802 est
166 2744 287 2803 fortuna
306 2751 398 2817 atque
417 2743 558 2805 condicio
574 2761 654 2820 quae
672 2745 808 2819 illorum,
835 2743 888 2820 qui
913 2752 1041 2806 externa
1055 2741 1136 2805 bella

102 2835 278 2898 gesserunt,
302 2827 386 2901 quod
408 2825 481 2887 mibi
499 2843 568 2889 curn
581 2828 619 2889 iis
636 2828 801 2891 vivendum
823 2837 888 2900 est,
916 2844 996 2905 quos
1017 2823 1079 2887 vici
1098 2838 1136 2883 ac

104 2908 226 2983 subegi,
249 2910 299 2972 isti
313 2910 419 2971 hostes
432 2917 484 2971 aut
498 2910 674 2973 interlectos
688 2920 740 2975 aot
754 2927 924 2987 oppressos
938 2909 1136 2986 reliquerunt,

102 2997 238 3052 vestrum
248 3001 305 3065 est,
315 2992 454 3069 Quirites,
470 2993 498 3055 si
509 2995 638 3063 caeteris
654 2996 734 3057 iacta
744 3003 894 3057 suareete
905 3001 1046 3069 prosunt,
1064 2987 1137 3053 mibi

103 3086 172 3165 mee
187 3089 225 3133 ne
240 3078 362 3150 quando
379 3075 481 3138 obsint
494 3077 668 3151 providere.
681 3078 800 3141 Mentes
816 3078 897 3141 enim
910 3075 1067 3139 hominum
1082 3091 1136 3137 au·

105 3154 338 3218 durissimorum
348 3160 558 3223 scelerataeac
573 3161 708 3234 nefariae
722 3178 761 3222 ne
774 3162 864 3226 vobis
876 3176 991 3223 nocere
1005 3164 1138 3234 possent

102 3252 161 3312 ego
177 3239 311 3313 providi:
327 3258 366 3301 ne
380 3242 454 3303 milri
468 3253 601 3305 noceant
614 3253 750 3305 vestrum
763 3255 812 3309 est
824 3243 997 3322 providere.
1026 3241 1136 3317 Quam-

102 3338 202 3396 quam,
219 3320 357 3397 Quirites,
375 3325 448 3386 rnibi
463 3326 586 3402 quidem
595 3327 657 3403 ipsi
667 3327 741 3389 nibil
754 3330 793 3389 ab
803 3327 871 3389 istis
883 3326 1056 3389 iamuoceri
1066 3332 1136 3401 pot·

100 3417 158 3465 est
191 3406 333 3480 Magnum
351 3407 433 3468 enim
451 3419 499 3470 est
512 3408 546 3477 in
566 3411 656 3473 bonis
676 3411 878 3486 praesidium,
900 3411 986 3487 quod
1009 3408 1084 3473 nribi
1103 3406 1136 3471 in
