2340 3788
131 208 172 271 10
291 207 365 305 PRO
385 208 468 268 SEX.
491 205 628 267 Roscio
650 203 824 265 AMERINO
845 203 999 265 ortano.

132 361 201 420 dem
226 369 424 419 accusaturus
450 365 532 423 esset
557 372 641 429 eum,
668 371 759 431 quem
779 371 835 431 pro
856 354 1004 431 dignitate
1031 374 1073 419 ne
1100 360 1155 421 iau·

132 443 206 502 dare
228 442 350 515 quidem
374 440 536 516 qnisquam
563 438 637 501 satis
664 440 823 501 commode
843 447 966 513 posset,
994 437 1085 503 aiunt
1106 442 1153 507 bo

130 527 255 597 minem,
287 533 320 585 ut
344 533 409 585 erat
434 524 583 595 furiosus,
619 522 835 598 respondisse,
867 522 953 595 quod
975 538 1040 584 non
1065 532 1152 589 totu

130 610 223 667 tetum
243 623 373 682 corpore
392 606 569 682 recepisset.
602 605 667 680 Quo
687 607 822 681 popuins
839 606 997 667 Romanus
1019 606 1097 669 nibii
1116 606 1151 669 ri·

131 689 175 750 dit
195 689 364 763 indignius,
385 689 444 751 nisi
465 689 601 750 eiusdem
624 688 681 748 viri
701 696 842 760 mortem,
866 704 946 763 quac
965 696 1087 751 mutum
1103 706 1150 767 pe

130 773 201 845 tuit,
235 781 269 833 ut
295 790 401 835 omnes
428 772 512 832 cives
538 770 705 845 perdiderit
732 780 763 831 et
786 769 954 845 addixerit,
979 772 1152 849 quosquis

43 848 53 857 '
131 871 256 916 servare
275 873 332 932 per
346 854 598 930 compositionem
613 854 749 925 volebat,
768 853 837 929 ipse
850 854 889 914 ab
904 852 942 913 iis
956 854 1166 932 interemptus.

130 946 187 1000 est
224 938 276 1000 34.
295 940 388 999 Estne
407 938 467 997 hoc
486 936 529 996 iiii
546 937 627 998 dicto
650 945 742 1012 atque
756 937 835 997 tacto
849 935 1023 998 Fimbriano
1043 938 1153 999 simidi-

130 1029 233 1083 mumt
259 1021 421 1081 Accusatis
438 1019 508 1079 Sex.
522 1020 677 1080 Roscium.
705 1019 783 1093 Quid
797 1019 859 1080 itai
874 1017 946 1095 quia
960 1021 1001 1081 de
1015 1022 1150 1083 manibus

129 1104 241 1167 vestris
260 1103 379 1178 effugit:
401 1101 473 1178 quia
490 1120 523 1162 se
545 1101 643 1163 occidi
657 1119 770 1177 passus
785 1119 846 1164 non
860 1109 917 1163 est.
946 1103 1026 1165 iliud
1039 1104 1155 1180 quinia

130 1188 281 1248 Scaevola
294 1187 406 1246 factum
421 1193 483 1258 est,
503 1186 600 1260 magis
614 1185 771 1260 indignum
786 1186 921 1247 videturz
941 1184 1017 1259 boo,
1033 1186 1109 1263 quin
1122 1188 1166 1271 bt..

130 1269 378 1346 acbrysogono,
399 1286 471 1330 num
489 1276 538 1331 est
557 1271 737 1330 serendnmt
767 1269 844 1329 Nam
860 1285 917 1344 per
932 1269 1011 1331 deus
1034 1270 1154 1341 immor,-

129 1354 220 1424 tnies,
240 1352 314 1425 quid
331 1360 379 1412 est
389 1352 420 1412 in
434 1353 493 1412 bac
510 1368 605 1413 causa
621 1354 705 1428 quod
719 1350 908 1413 detensionis
924 1352 1082 1428 indigenti
1104 1348 1168 1431 qui

128 1438 216 1495 iocus
246 1435 399 1509 ingenium
425 1434 544 1510 patroni
570 1435 697 1511 requirit
720 1445 773 1496 aut
796 1435 925 1497 oratoris
949 1437 1163 1513 eloquentiam.

128 1534 237 1593 magno
261 1534 354 1593 opere
375 1518 550 1581 desiderate
577 1520 683 1579 Totam
702 1535 845 1593 causam,
864 1518 998 1593 iudices,
1018 1521 1155 1596 explica.-

128 1618 196 1661 mus
207 1610 299 1676 atque
309 1610 380 1662 ante
391 1604 498 1663 oculos
510 1601 681 1677 expositam
691 1601 935 1663 consideremus=
950 1602 993 1663 ita
1002 1602 1152 1679 buitiima,

130 1700 277 1759 quaeres
300 1692 395 1746 totum
415 1685 558 1747 iudicium
579 1685 731 1746 continent
751 1693 781 1745 et
800 1685 913 1760 quibus
933 1685 1080 1748 derebus
1094 1704 1158 1749 nos.

127 1768 231 1829 dicere
246 1776 387 1844 oporteat
402 1776 432 1829 et
444 1769 518 1844 quid
529 1785 587 1828 vos
599 1769 689 1844 sequi
703 1767 865 1829 conveniat
875 1768 1056 1843 intelligetis.
1073 1770 1168 1833 xlii..

126 1850 177 1913 ³5.
201 1852 276 1913 'ibes
297 1860 368 1913 sunt
387 1868 452 1927 res,
473 1859 618 1927 quantum
638 1869 695 1928 ego
710 1851 883 1914 existimare
904 1868 1048 1928 possum,
1072 1870 1151 1931 quac

127 1937 249 1998 obstent
268 1936 328 1998 boc
348 1945 484 2012 tempore
499 1935 569 1997 Sex.
583 1937 712 1998 Roscio:
732 1934 845 1995 crimen
861 1934 1110 1997 adversariorum
1122 1942 1151 1999 at

126 2020 255 2080 audacia
278 2027 308 2080 et
328 2021 474 2094 potentia.
504 2018 642 2078 Criminis
665 2018 878 2079 confictionem
900 2022 1149 2083 ooousatorltm

124 2102 192 2161 cius
200 2102 351 2176 suscepit:
362 2101 508 2162 audaciae
518 2110 621 2175 partes
632 2101 737 2162 Roscii
748 2101 807 2161 sibi
817 2110 1044 2178 poposcerunt2
1057 2104 1149 2183 Chry-

125 2199 261 2257 sogonus
282 2192 397 2255 autem,
422 2183 523 2258 isqui
545 2184 706 2259 plurimum
727 2193 844 2260 potest,
869 2185 1005 2261 potentia
1023 2194 1149 2262 pugnat

124 2267 169 2325 De
189 2265 274 2325 bisce
298 2268 437 2327 omnibus
457 2267 550 2326 rebus
570 2282 620 2326 mc
640 2265 743 2328 dicere
762 2277 905 2343 oportere
925 2268 1071 2345 intelligo.
1098 2270 1148 2333 db

48 2342 55 2349 “
125 2347 202 2420 Quid
221 2347 312 2422 igitur
334 2356 403 2409 esti
429 2349 496 2409 Non
518 2351 626 2409 eodem
641 2352 733 2411 modo
747 2352 786 2412 de
801 2353 957 2413 omnibus=
978 2352 1050 2414 ideo
1066 2354 1150 2428 quod

122 2431 220 2507 prima
238 2430 289 2489 ilia
305 2447 356 2491 res
375 2433 415 2491 ad
435 2449 537 2493 meum
556 2433 689 2495 officium
710 2433 852 2508 pertinet,
872 2436 950 2496 duas
963 2444 1066 2497 autern
1079 2436 1150 2499 mii·

121 2530 200 2589 quas
222 2512 312 2573 vobis
335 2517 468 2590 populus
482 2516 639 2577 Romanus
660 2517 813 2592 imposuit.
845 2519 910 2593 Ego
925 2518 1041 2579 crimen
1056 2536 1149 2595 opor-

123 2605 165 2658 tet
179 2597 305 2657 dilnam=
326 2614 384 2658 vos
405 2607 436 2659 et
448 2598 596 2660 andaciae
609 2601 754 2662 resistere
768 2609 799 2662 et
811 2601 966 2662 bominum
979 2601 1049 2664 eius
1063 2602 1149 2667 modi

121 2681 325 2756 perniciosam
350 2690 441 2757 atque
466 2681 686 2744 intolerandam
710 2685 877 2759 potentiam
901 2684 999 2761 primo
1021 2702 1150 2763 qnoque

120 2773 257 2841 tempore
271 2764 467 2841 exstinguere
481 2774 573 2842 atque
588 2769 760 2843 opprimere
774 2768 902 2830 debetis.
1098 2810 1102 2815 -

201 2846 252 2909 37.
274 2847 432 2910 occidisse
442 2857 559 2926 patrem
574 2850 646 2912 Sex.
657 2853 788 2913 Roscius
802 2852 944 2926 arguitur.
965 2850 1148 2927 scelestum,

119 2930 150 2987 di
170 2929 368 3006 immortates,
394 2949 431 2992 ao
457 2933 605 2995 nefarium
625 2935 743 2995 facinus
763 2943 856 3011 atque
874 2935 942 2997 eius
960 2935 1062 3010 modi,
1083 2952 1149 3011 quc

120 3028 181 3071 uno
202 3015 351 3075 maleficio
372 3019 491 3077 scelera
507 3017 609 3079 omniu
630 3019 792 3091 complexa
805 3035 878 3081 esse
890 3019 1062 3079 videantur.
1093 3018 1147 3081 Et

118 3093 252 3171 enimsi,
266 3097 298 3156 id
313 3100 397 3173 qnod
409 3102 566 3175 praeclare
579 3117 599 3160 a
612 3100 802 3175 sapientibus
814 3102 937 3177 dicitur,
951 3104 1038 3163 vultu
1048 3118 1147 3178 saepo

118 3177 247 3238 laeditur
258 3178 366 3255 pietas,
380 3184 464 3257 quod
476 3182 660 3260 supplicium
672 3183 748 3245 satis
760 3199 832 3246 aere
842 3183 1012 3261 reperiatur
1021 3186 1053 3245 in
1065 3200 1146 3259 curn.

121 3259 172 3335 qui
187 3271 313 3324 mortem
333 3265 474 3327 obtulerit
492 3265 625 3341 parenti,
644 3283 701 3340 pro
724 3285 785 3342 quo
805 3269 883 3331 mori
904 3271 1021 3345 ipsum,
1044 3267 1073 3329 si
1091 3284 1146 3331 m

117 3347 299 3419 postularet,
319 3346 385 3406 iuro
398 3348 501 3408 divina
516 3358 607 3425 atque
621 3350 753 3413 bumana
765 3353 939 3426 cogebantt
965 3350 1017 3414 38.
1033 3353 1070 3414 ln
1083 3351 1147 3415 boe

116 3433 213 3501 tanto,
231 3438 292 3489 tam
305 3431 417 3503 atroci,
432 3438 493 3491 tam
508 3431 653 3508 singrriari
668 3434 834 3509 maleficio,
854 3436 939 3502 ouod
951 3435 993 3496 ita
1003 3450 1075 3497 raro
1088 3450 1145 3496 ex·
