2340 3788
384 68 798 174 caras-sator-rt
859 104 862 109 ’
1048 110 1091 176 oa
1153 159 1163 177 ,

64 253 179 317 iudicis
195 255 294 314 solum
311 255 504 316 severitatem
519 255 549 315 in
564 256 624 316 hoc
642 256 779 334 crimine,
789 246 967 337 'sedprope
979 262 1091 326 inimici

65 346 161 412 atque
181 337 370 398 accusatoris
391 339 451 397 vim
471 337 630 414 suscipere
654 340 757 401 debes.
789 345 870 403 Tuus
891 346 970 405 enim
991 346 1090 408 honos

63 420 118 480 illo
133 420 246 495 templo
262 427 386 491 seruatus
397 419 566 496 populique
579 421 708 481 Rotnani
722 424 885 499 beneficio,
900 429 943 488 tui
961 429 1089 489 nominis

65 511 191 564 aeterna
214 501 360 562 memoria
385 503 474 563 simul
499 519 568 563 cum
590 506 703 578 templo
731 505 1011 584 iltoeonseoratur,
1037 512 1090 572 tibi

64 586 142 646 haec
157 601 232 645 cura
252 585 462 660 suscipienda,
478 585 531 646 tibi
544 582 622 646 haec
639 603 734 662 opera
748 592 896 649 sumenda
906 601 968 664 est,
988 602 1021 654 ut
1035 595 1089 654 ca-

64 668 221 744 pitolium,
236 684 327 743 quem
341 669 381 728 ad
396 669 521 729 modum
535 670 776 744 magnificentius
792 679 839 730 est
851 673 1029 749 restitutum,
1044 676 1089 736 sic

64 750 225 827 copiosius
241 759 379 812 omatum
394 751 433 812 sit
448 769 538 827 quam
555 755 624 814 luit:
639 763 673 817 ut
685 754 735 813 illa
747 753 868 830 flamma
879 754 1022 816 divinitus
1037 772 1088 817 ex·

63 834 180 896 stitisse
193 833 346 906 videatur,
363 850 427 894 non
440 851 520 909 quae
535 837 649 897 deleret
662 836 744 897 Iovis
760 835 866 911 optimi
880 836 1002 898 maximi
1017 848 1088 899 tem·

62 920 162 992 plum,
184 917 241 977 sed
263 934 343 993 quae
363 917 1088 994 praeclariusmagnificentiusquedeposceret.

62 999 112 1062 70.
156 999 280 1060 Audisti
306 1000 340 1072 Q.
360 999 524 1060 Minucium
552 1000 654 1062 dicere
682 1003 764 1061 domi
794 1018 870 1062 suae
895 1003 1088 1063 deversatum

63 1099 135 1145 esse
154 1082 339 1143 Antiochum
359 1099 463 1158 regem
484 1084 661 1161 Syracusis:
685 1101 720 1146 se
739 1084 814 1144 illud
835 1084 914 1145 scire
936 1086 976 1145 ad
996 1085 1088 1146 istum

63 1182 135 1227 esse
151 1165 297 1227 delatum:
314 1181 349 1225 se
364 1167 443 1227 sc'no
457 1182 518 1227 non
531 1167 697 1229 redditum:
715 1167 826 1228 audisti
839 1176 870 1228 et
883 1168 991 1229 audies
1006 1168 1087 1229 omni

63 1266 80 1310 e
101 1257 256 1310 conventu
278 1247 476 1326 Syracusano
499 1249 550 1324 qui
567 1251 607 1310 ita
624 1250 738 1321 dicant,
761 1266 832 1310 sese
845 1251 1037 1312 audientibus
1052 1252 1085 1311 il-

62 1332 115 1393 lud
134 1332 200 1393 lovi
222 1331 335 1406 optimo
357 1333 488 1394 maximo
509 1333 639 1394 dicatum
661 1349 732 1393 esse
749 1350 767 1393 a
787 1350 861 1409 rege
881 1335 1034 1395 Antiocho
1056 1345 1086 1395 et

64 1421 285 1477 consecratum.
320 1415 353 1480 Si
372 1415 465 1475 iudex
486 1432 547 1475 non
569 1432 656 1477 esses
673 1416 794 1490 ethaeo
810 1417 850 1476 ad
866 1425 893 1475 te
916 1419 1014 1478 delata
1033 1434 1084 1477 res

63 1505 154 1574 esset,
169 1506 199 1560 te
215 1497 406 1573 potissimum
420 1499 479 1559 hoc
495 1499 649 1574 persequi,
671 1506 700 1559 te
715 1508 826 1572 petere,
842 1508 871 1560 te
888 1515 1084 1574 agereopor-

62 1588 146 1642 teret.
179 1581 278 1655 Quare
298 1597 359 1640 non
381 1581 486 1640 dubito
509 1597 569 1654 quo
591 1581 690 1640 animo
717 1582 809 1641 iudex
834 1580 925 1641 huius
950 1581 1082 1642 criminis

62 1679 133 1724 esse
148 1663 281 1736 debeas,
303 1664 354 1736 qui
377 1661 460 1735 apud
479 1660 570 1720 alium
591 1662 721 1721 iudicem
743 1665 836 1723 multo
858 1663 971 1736 acrior,
994 1681 1084 1739 quam

61 1760 117 1820 ogo
135 1761 219 1816 sum,
240 1751 324 1802 actor
338 1749 560 1815 accusatorque
575 1758 645 1800 esse
661 1743 800 1803 deberes.

145 1904 263 1965 XXXII.
293 1903 341 1967 71.
370 1902 468 1965 Vobis
483 1912 598 1979 autern,
613 1903 746 1978 iudices,
762 1904 909 1981 quidhoc
932 1903 1084 1980 indignius

60 1999 109 2055 aut
134 1986 209 2065 quid
227 1986 328 2049 minus
349 1988 506 2048 ferendum
527 1987 621 2049 videri
641 1994 764 2063 potestt
791 1989 943 2048 Verresne
964 1989 1085 2050 habebit

60 2072 141 2135 domi
159 2088 233 2132 suae
245 2072 458 2132 candelabrum
469 2071 560 2145 Iovis,
577 2089 594 2134 e
608 2071 735 2148 gemmis
750 2088 886 2148 auroque
897 2074 1084 2152 perlectum?

61 2157 145 2219 ouius
162 2156 447 2231 fulgoreeollucere
461 2164 552 2230 atque
572 2155 715 2217 illustrari
731 2155 813 2216 lovis
835 2155 939 2230 optimi
960 2157 1083 2217 maximi

16 2266 20 2281 ·
60 2241 204 2314 ternplum
230 2239 405 2314 oportebat,
432 2237 462 2297 id
485 2240 566 2314 apud
581 2240 671 2300 istum
692 2238 723 2298 in
744 2239 810 2299 eius
831 2239 914 2299 modi
935 2239 1082 2300 conviviis

61 2322 267 2395 constituetur,
284 2337 362 2395 quae
374 2321 550 2381 domesticis
566 2323 678 2397 stupris
696 2320 880 2398 flagitiisque
894 2321 1083 2397 flagrabunt?

60 2406 93 2465 ln
106 2405 196 2466 istius
213 2404 333 2464 lenonis
349 2403 516 2478 turpissimi
538 2406 627 2466 domo
644 2407 733 2465 simul
750 2422 819 2465 cum
839 2405 966 2465 caeteris
986 2402 1083 2463 Cheli·

58 2488 148 2549 donis
160 2486 351 2548 hereditariis
368 2487 550 2547 ornamentis
568 2487 704 2562 Capitolii
720 2496 896 2549 ornamenta
910 2491 1083 2561 ponentur?

58 2570 134 2645 Quid
154 2570 225 2630 huic
242 2571 322 2630 sacri
338 2586 481 2644 umquam
498 2570 562 2629 iore
576 2579 627 2630 aut
644 2571 717 2645 quid
731 2571 867 2647 religiosi
882 2568 979 2628 fuisse
996 2574 1082 2640 puta·

56 2654 110 2726 tis,
132 2654 185 2728 qui
200 2670 280 2713 nunc
297 2660 379 2713 tanto
395 2653 511 2712 scelere
526 2667 560 2711 se
581 2653 757 2714 obstrictum
778 2669 849 2714 esse
871 2666 933 2710 non
955 2648 1083 2709 sentiat?

58 2735 155 2812 quiin
173 2735 317 2796 iudicium
330 2733 447 2809 veniat,
472 2734 523 2795 ubi
546 2750 584 2793 ne
599 2736 717 2808 precari
737 2736 861 2811 quidem
881 2734 984 2791 lovem
1005 2731 1081 2829 opli-

56 2837 136 2880 mum
152 2819 313 2879 maximum
333 2825 425 2892 atque
447 2819 484 2878 ab
508 2834 545 2878 eo
566 2818 710 2877 auxilium
730 2825 834 2891 petere
852 2831 935 2874 more
950 2832 1081 2878 omnium

56 2904 176 2977 possita
197 2919 215 2961 a
237 2918 297 2976 quo
319 2901 409 2978 etiarn
429 2901 461 2960 di
477 2901 659 2960 immortales
677 2916 733 2959 sua
746 2906 887 2974 repetunt
902 2898 931 2957 in
946 2915 982 2960 eo
1003 2900 1080 2960 iudi·

57 2985 113 3059 cio,
131 2986 215 3060 quod
230 2983 404 3045 hominibus
417 2984 456 3044 ad
467 3001 539 3045 suas
553 3001 604 3042 res
621 2982 804 3058 repetendas
816 2990 862 3042 est
877 2983 1079 3044 constitutum.

55 3067 200 3129 Miramur
214 3067 343 3129 Athenis
356 3066 532 3139 Minervam,
546 3067 612 3126 Dcli
625 3065 807 3140 Apollinem,
824 3064 969 3126 lunonem
988 3065 1080 3135 Sami,

54 3150 169 3226 Pergae
191 3150 331 3222 Dianam,
360 3152 471 3210 multos
499 3157 656 3224 praeterea
677 3149 714 3208 ab
737 3148 795 3209 isto
819 3149 895 3210 deos
921 3158 985 3210 tota
1004 3146 1081 3206 Asia

56 3233 245 3308 Graeciaque
268 3232 411 3303 violatos,
436 3232 488 3308 qui
506 3249 524 3291 a
546 3231 691 3306 Capitolio
713 3249 821 3292 manus
843 3231 996 3292 abstinere
1018 3244 1079 3288 non

56 3316 208 3392 potuerit?
232 3317 313 3391 quod
335 3315 443 3390 privati
463 3311 606 3374 homiues'
616 3316 655 3375 de
676 3313 740 3375 suis
755 3314 892 3389 pecuniis
911 3317 1018 3372 ornant
1031 3326 1080 3370 or·
