2340 3788
105 171 168 238 368
329 167 404 228 PRO
426 168 459 226 T.
475 166 591 227 ANNIO
605 166 751 227 lutens
764 166 925 231 ORATIO.
1021 174 1028 181 “
1080 35 1130 401 J

106 321 162 384 stri
181 314 357 393 magnitudo
378 332 479 391 neque
499 317 547 376 sol
566 317 615 375 ille
637 331 695 376 nec
710 317 787 377 caeli
802 315 1041 397 signommquo
1053 338 1080 381 m

106 419 163 465 nee
183 397 411 462 vicissitudines
430 415 532 459 rerum
552 407 644 473 atque
664 398 787 460 ordines
817 408 954 462 movent
978 404 1123 480 nequel

106 484 192 561 quod
207 480 371 543 maximum
386 490 442 553 est,
456 482 603 541 maiorum
617 480 776 557 sapientia,
792 480 845 556 qui
864 498 974 558 sacre,
991 486 1048 562 qui
1062 482 1124 559 cael?

105 567 240 641 manias,
262 563 314 640 qui
334 562 473 638 auspicia
495 571 525 624 et
544 563 604 638 ipsi
625 563 817 625 sanctissime
831 566 1008 629 coluerunt
1022 568 1123 631 etuti

106 650 172 713 suis
187 646 322 725 posteris
336 645 545 722 prodiderunt.
586 646 689 706 XXXI.
713 644 763 708 84.
784 647 847 718 Est,
864 656 915 709 est
937 651 1102 725 prolecto'

105 733 164 808 vis,
179 747 280 806 neque
294 731 324 790 in
338 730 385 789 his
400 729 581 804 corporibus
596 735 688 804 atque
703 730 732 788 in
749 729 806 789 heo
820 728 1043 795 imbecillitate
1053 750 1089 795 no

104 817 185 877 inest
207 813 352 890 quiddam
374 812 458 887 quod
478 811 580 886 vigeat
601 821 632 873 et
652 813 775 885 sentiat,
796 820 913 872 elnon
937 813 1031 877 inest
1052 816 1082 877 in

107 907 192 960 tanto
213 906 338 959 naturae
362 902 423 955 tam
446 895 603 970 praeclaro
626 902 718 955 motu.
761 893 824 953 Nisi
846 896 931 956 forte
959 899 1078 960 idcirco

106 989 223 1058 putant,
239 978 311 1056 quia
324 993 386 1039 non
399 985 527 1053 apparet
538 993 595 1039 nec
607 976 747 1051 cernitur,
760 974 891 1050 proinde
903 982 1009 1053 quasi
1020 989 1126 1059 nasum

95 1068 208 1140 ipsam·
219 1069 435 1136 mentemque
449 1062 594 1135 sepimus,
610 1075 671 1134 qua
681 1059 893 1135 providemus,
907 1072 982 1136 qua¹
995 1063 1074 1125 haec
1083 1064 1126 1159 ips·

105 1149 223 1242 agimus
233 1162 271 1207 ac
282 1144 421 1217 dicimus,
437 1143 541 1204 videre
552 1151 604 1203 aut
618 1144 708 1218 plane
724 1141 822 1217 qualis
837 1150 891 1202 aut
904 1145 967 1205 ubi
983 1145 1029 1208 ait
1043 1144 1127 1209 serm

106 1230 271 1322 possimus.
314 1226 359 1285 Ea
371 1225 420 1285 vis
433 1225 523 1300 igitur
536 1226 619 1301 ipsa,
642 1241 720 1300 quae
738 1240 831 1299 saepe
854 1224 1068 1291 incredibiles
1080 1226 1129 1289 ltu't.

105 1311 173 1379 urbi
187 1308 345 1370 felicitates
359 1315 452 1381 atque
465 1323 542 1382 opes
554 1307 658 1380 attulit,
671 1307 751 1368 illam
766 1306 938 1403 perniciem
955 1294 1130 1374 θιιιιὶιιιιιι

106 1393 243 1464 sustulit,
264 1390 313 1450 cui
335 1390 463 1464 primum
478 1396 608 1449 mentem
622 1389 738 1463 iniecit,
761 1398 794 1451 ιιι
812 1390 842 1449 vi
863 1389 996 1456 irritare
1010 1396 1122 1469 renam

105 1477 260 1536 lacessere
281 1470 478 1532 fortissimum
500 1488 597 1533 virum
618 1472 745 1533 auderet
771 1473 1020 1552 vincereturque
1046 1478 1082 1538 ab
1095 1491 1122 1545 tt

107 1572 198 1632 quem
219 1555 246 1615 si
260 1553 402 1628 vicisset,
425 1553 584 1615 habiturus
605 1564 688 1617 esset
708 1555 916 1630 impunitatem
941 1568 979 1620 et
1000 1558 1122 1622 noenta

106 1640 330 1714 sempiternam.
379 1634 430 1700 85.
450 1638 517 1698 Non
543 1646 591 1699 est
610 1638 741 1700 humano
763 1637 910 1711 consilio,
932 1658 983 1702 ne
1005 1640 1121 1705 medical

107 1722 245 1798 quidem,
258 1719 391 1796 iudices,
409 1722 536 1783 deorum
549 1720 760 1783 immortalium
775 1736 914 1782 curares
930 1724 991 1785 illa
1006 1728 1121 1802 perlem

105 1803 283 1881 Religiones
299 1802 473 1865 mehercule
488 1806 586 1880 ipsae,
601 1819 681 1880 quae
696 1803 776 1864 illam
791 1804 913 1864 belnam
932 1807 1121 1870 caderevide

104 1897 189 1962 runt,
214 1885 420 1951 commovisse
434 1904 469 1947 se
484 1887 624 1949 videntur
637 1894 667 1947 et
682 1886 730 1956 ius
746 1887 778 1947 in
792 1887 844 1947 illo
860 1903 957 1949 suum
974 1890 1122 1953 retinniat

105 1973 172 2033 Vos
188 1969 358 2044 animiam,
374 1970 486 2031 Albani
505 1970 610 2032 tumuli
633 1978 723 2043 atque
737 1969 812 2043 luci,
834 1985 908 2042 vos,
924 1971 1075 2050 inquam,
1092 1972 1123 2032 in

105 2056 194 2130 ploro
209 2061 301 2128 alque
318 2061 421 2127 testor,
437 2070 565 2128 vosque,
583 2053 769 2113 Albanorum
789 2053 914 2113 obrutae
933 2071 1031 2132 arae,
1048 2071 1138 2149 sacro!

107 2153 173 2196 rum
189 2137 295 2211 populi
310 2135 440 2195 Romani
459 2136 563 2197 sociae
584 2143 613 2195 et
627 2137 787 2210 aequales,
809 2151 889 2210 quae
914 2135 972 2198 ille
996 2152 1139 2215 praeceps}

104 2220 237 2278 amentia
251 2217 351 2278 caesis
371 2218 594 2294 prostratisque
619 2217 818 2279 sanctissimis
839 2217 917 2280 lucis
939 2221 1140 2293 substructio}

106 2317 179 2360 num
194 2299 311 2360 insanis
323 2301 454 2362 molibus
466 2309 678 2377 oppresserat·
696 2310 816 2362 vestrae
829 2310 902 2374 turn,
917 2318 1019 2404 aree·
1027 2300 1142 2368 vestrae}

105 2380 269 2456 religiones
284 2384 453 2458 viguerunt,
473 2391 575 2445 vestra
587 2383 634 2444 vis
650 2383 751 2458 valuit,
764 2383 915 2460 quamille
927 2388 1021 2450 omni
1032 2390 1128 2451 scelere

106 2466 269 2540 polluerat·
286 2475 380 2541 tuque
395 2483 434 2528 ex
448 2475 499 2528 tuo
512 2466 593 2527 edito
606 2476 717 2540 monte,
732 2467 859 2528 Latiaris
871 2479 986 2531 sancte
1000 2472 1144 2565 Iuppiter,

105 2547 194 2609 cuins
209 2551 259 2610 ille
273 2549 376 2623 lacus,
395 2565 520 2611 nemora
535 2550 675 2624 finesque
690 2567 784 2625 saepe
799 2551 878 2610 omni
895 2552 1024 2617 nefario
1041 2516 1144 2630 ειιιιιιιΙ

106 2641 137 2693 et
151 2636 267 2694 scelere
285 2635 466 2705 macularat,
486 2634 650 2707 aliquando
667 2633 705 2692 ad
723 2651 790 2693 eum
807 2635 1023 2707 poeniendum
1041 2638 1130 2700 ocuos

105 2715 269 2790 aperuistis
290 2714 379 2776 vobis
395 2717 479 2789 illae,
500 2716 589 2776 vobis
608 2724 710 2776 vestro
725 2716 754 2775 in
771 2726 940 2791 conspectu
953 2736 1068 2794 serae,
1092 2716 1131 2780 sed

106 2797 206 2860 iustae
219 2806 318 2858 tamen
335 2805 364 2858 et
380 2798 500 2858 debitae
516 2815 634 2873 poenae
655 2801 774 2860 solutae
789 2808 868 2860 sunt
910 2799 966 2862 86.
984 2804 1056 2866 Nisi
1073 2805 1131 2865 lortc

105 2881 166 2942 lroc
180 2881 268 2942 etiam
280 2896 355 2941 casu
365 2882 476 2941 tactum
488 2898 559 2943 esse
570 2881 715 2953 dicemus,
731 2890 764 2943 ut
778 2891 846 2943 ante
858 2883 960 2979 ipsum
975 2885 1148 2951 sacrarinu

105 2964 211 3025 Bonae
226 2965 317 3036 deae,
336 2964 420 3038 quod
436 2973 483 3026 est
497 2964 527 3024 in
544 2966 636 3027 londo
652 2968 684 3025 T
703 2964 793 3026 Sestii
809 2963 923 3037 Gallis
915 2983 946 3025 ιιι
966 2970 1081 3042 primis
1095 2969 1132 3028 lto·
1144 2962 1150 3019 l

106 3046 185 3106 nesti
197 3056 227 3108 et
237 3047 334 3107 ornati
345 3047 549 3108 adolescentrs
551 3048 756 3123 ,anteipsam
767 3047 900 3123 inquam,
910 3047 1039 3115 Bonam
1051 3056 1149 3115 dean
1146 3092 1150 3107 ·

106 3144 200 3201 quum
219 3132 366 3204 proelium
382 3129 585 3193 commisisset
592 3131 741 3206 ,primurn
756 3131 829 3192 illud
844 3133 1021 3192 vulnus
979 3152 1021 3196 a
1005 3137 1150 3213 ciperet*

107 3226 169 3284 quo
181 3213 381 3274 taeterrimam
395 3222 521 3274 mortem
536 3215 645 3287 obiret,
663 3223 769 3275 utnon
784 3216 943 3275 absolutus
958 3216 1084 3282 iudicio
1097 3218 1134 3279 illo

106 3292 222 3353 nelarie
239 3294 405 3368 videretur,
422 3297 484 3357 sed
493 3298 533 3356 ad
547 3296 648 3357 lianc
640 3297 788 3371 insignem
805 3314 937 3372 poenam
951 3311 1135 3365 reservatus

106 3374 224 3436 xxxa.
235 3377 297 3436 Nec
309 3393 381 3440 vero
395 3395 456 3441 non
473 3380 580 3440 eadem
594 3379 639 3440 ira
650 3381 776 3441 deornm
787 3381 865 3440 hanc
879 3379 948 3441 eius
959 3386 1134 3449 satettttlou
