2340 3788
284 198 368 259 cAP.
383 208 515 261 12—15.
536 205 563 266 s.
576 207 707 263 to-st.
970 194 1012 261 ll

50 356 72 421 t,
93 357 127 408 ut
148 347 175 409 si
196 347 320 433 quando
337 349 471 410 nuditum
489 349 543 422 sit,
564 350 695 424 portenti
710 367 748 412 ac
767 352 898 428 prodigii
912 352 1009 415 senile

50 439 173 504 uretur,
215 430 326 506 quibus
353 433 475 493 tandem
498 439 546 505 tu,
573 431 605 491 C.
624 432 728 505 Eruci,
753 435 937 510 argumentis
958 453 1010 497 uc-

50 522 160 575 ttorem
181 529 292 574 censes
311 513 354 575 uti
379 522 546 589 oporteret
577 514 684 574 Nonne
703 524 733 576 et
751 519 911 579 audaciam
931 521 1008 592 eius,

58 595 89 655 in
103 597 219 657 odmen
233 604 373 670 vocetur,
393 597 577 671 singularem
591 598 753 657 ostendere
766 608 796 660 et
810 618 911 662 mores
924 603 1008 662 leros

50 695 208 753 unamque
228 688 366 740 naturam
389 688 419 740 et
442 678 534 740 vitum
554 678 634 740 vitiis
659 679 843 756 flagitiisque
867 684 1008 745 omnibus

50 761 117 823 item
126 770 159 823 et
170 762 354 839 [addictam]
367 761 499 836 denique
511 762 610 822 omnia
621 764 660 823 ad
670 760 835 837 perniciem
849 764 1008 841 profligata
1070 822 1075 833 ,

50 861 76 905 re
86 844 228 919 perditae
262 845 396 918 Quorum
418 852 449 905 tu
467 843 542 905 nihil
561 844 593 905 in
614 845 688 905 Sex·
705 845 852 907 Roscium
869 863 908 907 ne
934 847 1010 908 obii-

50 927 84 987 di
98 927 223 1002 quidem
238 944 334 989 causa
348 926 509 987 contulisti.

67 1011 148 1071 XIV.
170 1008 221 1071 39.
252 1010 371 1070 Patrem
396 1009 507 1070 occidit
531 1009 604 1071 Sex.
629 1010 772 1073 Roscius.
815 1009 1010 1084 euthemon

50 1094 242 1154 »lescentulus
254 1100 415 1167 corruptus
427 1101 456 1153 et
466 1094 504 1152 ab
515 1092 688 1154 hominibus
699 1111 830 1168 nequam
845 1094 1010 1155 induetust

50 1191 82 1237 os
102 1184 192 1237 natus
214 1175 310 1235 maior
330 1175 538 1251 quadraginta.
578 1178 676 1237 Vetus
702 1176 846 1238 videlicet
868 1176 1006 1248 sicarius,

50 1275 75 1319 to
88 1259 195 1319 audax
215 1267 246 1319 et
259 1274 353 1335 saepe
366 1259 397 1318 in
415 1260 510 1319 caede
526 1266 674 1327 versatus.
701 1260 812 1322 Athon
828 1261 867 1321 ab
880 1276 1007 1321 accusa-

50 1358 103 1403 =ne
117 1341 178 1401 dici
193 1341 314 1417 quidem
328 1340 466 1403 audistis.
490 1343 640 1403 Luxuries
653 1341 743 1416 igitur
756 1342 908 1403 hominem
922 1343 1006 1403 nimi·

50 1434 101 1486 ,οι
121 1424 202 1485 aeris
222 1423 312 1485 alieni
332 1424 506 1500 magnitudo
528 1434 560 1487 et
578 1425 741 1486 indomitae
755 1425 845 1487 ammi
859 1426 1007 1501 cupidiu-

50 1508 164 1569 adhoc
185 1509 285 1569 scelus
300 1509 505 1584 impulerunt?
528 1511 573 1569 De
586 1508 706 1569 luxuria
719 1509 860 1584 purgavit
867 1509 1006 1580 EnrciuS,

90 1591 170 1653 dixit
183 1591 263 1663 hunc
277 1608 315 1652 ne
331 1592 363 1652 in
378 1590 519 1653 convivio
535 1590 658 1667 quidem
668 1593 730 1654 ullo
744 1594 807 1652 iere
822 1591 1006 1653 interfuisse.

50 1676 183 1737 latitem
198 1691 341 1750 umquam
360 1674 474 1736 debuit
516 1673 701 1750 cupiditates
721 1691 813 1750 porro
835 1692 914 1749 quae
934 1691 1002 1750 pos-

50 1774 142 1821 ;esse
154 1756 187 1819 in
202 1774 256 1827 eo,
273 1757 341 1833 qui,
362 1765 396 1817 ut
409 1757 477 1831 ipse
491 1765 651 1818 accusator
665 1757 790 1829 obiecit,
807 1757 870 1816 ruri
886 1772 1007 1831 semper

50 1840 124 1905 turn
145 1847 178 1900 et
196 1839 227 1899 in
243 1855 317 1913 agro
332 1839 461 1898 colendo
482 1837 604 1908 vixerit,
629 1855 709 1912 quae
727 1838 790 1897 vita
803 1840 932 1898 maxime
945 1837 1007 1897 dis·

50 1934 83 1987 de
96 1941 117 1985 a
132 1921 300 1998 cupiditate
315 1928 363 1981 est
382 1929 413 1981 et
430 1936 497 1981 cum
518 1918 619 1980 officio
636 1918 817 1980 coniunctae
853 1918 904 1980 to.
925 1918 1008 1991 oeae

50 2008 138 2085 igitur
154 2013 268 2066 tantum
283 2003 374 2066 istum
389 2005 520 2065 furorem
536 2002 608 2064 Sex.
621 2002 734 2064 Roscio
758 2001 890 2063 obiecit?
910 2000 1007 2072 Patri,

50 2091 86 2165 dt,
98 2106 164 2152 non
177 2088 326 2164 placebat
345 2086 433 2165 [Petri
448 2103 507 2147 non
522 2087 662 2162 placebat
668 2093 693 2159 t]
706 2086 800 2159 Quam
811 2086 852 2146 ob
863 2091 1009 2147 eeusamt

50 2191 116 2239 esse
133 2181 184 2234 est
196 2171 277 2233 enim
299 2188 367 2233 eam
381 2187 505 2246 quoque
515 2170 626 2231 iustam
645 2179 676 2232 et
690 2185 828 2244 magnam
843 2178 874 2231 et
888 2168 1006 2246 perspi·

50 2256 193 2319 ciuisse.
225 2256 301 2315 Nom
320 2253 441 2315 utillud
455 2253 632 2316 incredibile
648 2261 710 2326 est,
731 2260 857 2315 mortem
874 2253 1006 2314 oblatam

69 2339 155 2417 putri
175 2356 195 2398 a
215 2338 278 2399 filio
301 2337 367 2400 sine
382 2337 520 2412 plurimis
541 2345 573 2398 et
592 2336 733 2398 maximis
746 2337 865 2409 causis,
886 2334 1005 2397 sithoc

53 2424 158 2485 dmde
169 2439 230 2483 non
242 2430 304 2493 est,
316 2421 387 2482 odio
400 2420 495 2481 luisse
507 2420 623 2495 parenti
636 2420 806 2481 filium-sine
817 2419 920 2481 causis
931 2418 1006 2479 mul-

50 2517 67 2570 t
88 2503 211 2580 magnis
231 2512 261 2565 et
279 2501 473 2564 necessariis.
513 2502 564 2565 41.
585 2505 703 2565 Rursus
723 2502 813 2579 igitur
833 2505 942 2565 eodem
959 2516 1006 2559 re-

50 2607 134 2653 ttnur
148 2595 179 2648 et
191 2600 468 2663 quaeramus-qnae
481 2593 563 2645 tenta
578 2587 648 2647 vitia
667 2587 778 2649 luerint
790 2587 821 2646 in
837 2585 927 2646 unico
943 2580 1005 2641 lilio

50 2691 74 2735 e
87 2672 117 2732 is
132 2671 212 2746 patri
226 2669 411 2745 displiceret.
446 2669 694 2742 supersitionum
709 2677 756 2730 est
769 2669 883 2728 nullum
899 2662 1005 2724 luisse.

50 2774 63 2816 r
81 2754 177 2830 igitur
193 2769 299 2814 emens
320 2751 373 2828 qui
388 2750 506 2811 odisset
519 2767 588 2811 eum
603 2753 670 2812 sine
689 2767 812 2822 ceusu·
824 2764 915 2823 quem
936 2761 1005 2820 pro-

50 2846 106 2900 rat
145 2839 188 2898 At
207 2837 235 2897 is
258 2834 380 2911 quidem
400 2833 456 2895 luit
470 2833 601 2894 omnium
616 2830 890 2896 constantissimus.
925 2829 1004 2903 nugo

68 2925 134 2982 iam
153 2919 351 2995 perspicuum
373 2918 509 2993 prolecto
531 2925 593 2988 est,
615 2916 763 2990 sineque
787 2929 893 2973 amens
919 2919 1006 2989 pater

50 3023 78 3067 re
95 3003 235 3080 perditus
251 3002 331 3063 filius
345 2999 451 3072 tuerit,
479 3014 580 3072 neque
596 2998 660 3059 odii
673 3013 798 3058 eausam
815 2995 891 3071 patri
905 3013 1005 3072 neque

50 3087 106 3151 tris
127 3087 192 3147 filio
215 3085 321 3147 luisse.
354 3084 420 3144 XV.
440 3079 492 3144 42.
514 3083 639 3151 Nescio,
666 3079 778 3155 inquit,
808 3096 886 3155 quae
910 3096 1006 3142 causa

57 3170 168 3233 lucrio
189 3169 285 3230 luisse
306 3168 408 3229 odium
422 3164 573 3240 intelligo,
595 3162 667 3239 qnia
687 3174 790 3238 antea,
812 3182 904 3239 quum
925 3165 1004 3225 duos

50 3255 218 3325 thoberet,
238 3253 322 3312 illum
343 3252 485 3321 alterum,
506 3247 558 3322 qui
571 3255 783 3319 monument,
805 3264 909 3308 secum
922 3243 1004 3306 omni

50 3354 117 3399 tore
138 3336 262 3396 volebat
287 3350 372 3405 esse,
397 3334 478 3392 hunc
502 3330 532 3390 in
557 3329 684 3406 praedia
708 3328 821 3391 rustica
844 3332 1003 3402 relegarat.

50 3422 66 3481 d
86 3418 200 3481 Erucio
223 3416 383 3477 accidebat
403 3415 434 3475 in
456 3417 536 3474 nrale
556 3413 777 3491 nugatoriaque
797 3410 1012 3481 accusatione,
