2340 3788
107 179 172 245 tro
253 177 294 238 ιι
307 175 349 238 u.
362 175 564 239 snmnrnu
577 126 998 242 omnioruuuercnn
1057 128 1071 159 ⁹

106 331 232 395 quedam
247 328 331 379 oblate
347 329 492 380 ridebatur:
513 330 587 379 erecti
609 336 680 379 erant
701 342 749 395 spe
765 329 893 380 libertatis
912 339 940 380 et
956 333 1014 385 ccli
1031 334 1125 384 boum

66 442 71 451 .
98 399 198 465 'animiz
223 397 358 447 constituta
383 395 548 461 respublica
569 398 712 461 putabatur.
752 395 804 447 Sed
819 398 874 449 cito
891 397 942 449 ille
961 400 1125 452 sindulae·

107 465 210 516 sustulit
226 465 316 528 saiqm
332 463 421 514 similis
439 464 573 518 visus-ast.
609 463 699 515 Habito
716 464 784 515 eninr
801 464 929 517 Kalendis
946 467 1038 527 Iuniis
1054 478 1124 525 amaa

106 547 158 585 uon
176 547 233 583 eum
256 547 329 597 quem
349 541 424 582 antea
453 532 485 581 de
502 531 646 597 republica
667 545 778 582 mnsam·
794 547 841 583 neo
866 536 1044 599 superiorum
1059 538 1125 588 dieu
1151 586 1156 593 ,

107 603 171 652 sctis
189 602 385 652 annuntiantem
401 599 555 651 voluntatem
573 600 689 651 ostendit.
725 600 794 650 llllril
811 601 907 651 deinde
924 603 966 655 ad
985 612 1124 657 senemr

107 669 218 721 larebat:
232 684 279 735 per
295 669 427 735 populum,
444 667 473 719 id
489 675 536 728 ast,
552 682 600 734 per
611 668 722 719 intimam
739 674 938 735 corruptamque
958 672 1079 736 plebem,
1090 686 1125 724 aa

106 743 202 803 tempta
214 736 364 803 amplissimi
382 735 479 788 ordinis
491 737 653 797 auctoritate,
667 737 759 802 agebat
769 737 854 787 omnia
871 744 970 789 nonus
980 748 1125 792 ιοιιιιιιιι

106 805 209 866 tultum,
226 806 294 870 quod
308 808 363 871 ipse
376 805 431 855 fleri
441 803 561 864 voluerat¹
579 804 678 855 tabulas
688 804 791 871 llgabat,
809 805 944 855 civitatem
965 807 1124 861 immunitas

106 889 156 938 que
172 874 263 933 dabat,
287 874 389 925 exsules
405 872 555 923 reducebat:
572 887 652 936 eaque
670 886 698 923 se
716 872 799 922 latare
811 873 900 923 omnia
913 874 1028 927 dicebat
1045 892 1077 928 cx
1087 876 1124 941 lsi

105 943 153 995 bus
167 941 281 993 Gemens
304 950 347 992 sut
369 956 401 992 ex
420 941 475 989 eins
490 940 685 994 commentariis.
721 938 786 993 'lum
803 938 903 1002 Cicero,
923 942 1069 1008 desperata
1080 958 1124 1010 pre

91 1025 152 1077 sans
169 1011 279 1061 Antonio
299 1010 402 1060 comula
423 1007 552 1068 libertate,
576 1009 664 1059 urbem
682 1008 790 1071 reliquit,
807 1009 833 1059 ia
850 1006 1001 1061 Graeciam
1019 1013 1124 1079 iturust

105 1085 197 1142 meam,
216 1085 244 1128 nt
259 1079 377 1130 Kalendis
393 1078 526 1142 Ianuariis,
545 1088 599 1141 quo*
611 1077 652 1128 die
669 1077 752 1127 Pansa
766 1084 792 1126 et
801 1076 900 1127 Hirtius
919 1080 1086 1131 comiatum
1097 1078 1124 1131 ὃ

105 1148 156 1197 turi
168 1153 248 1206 erant.
266 1146 376 1198 adessa.
410 1145 463 1196 Nec
480 1152 564 1197 umen
583 1147 631 1196 itar
648 1144 714 1196 illud
729 1144 846 1199 absolut.
886 1144 959 1197 Nam
978 1148 1124 1215 Lsneopttn

105 1215 213 1265 adversa
225 1222 374 1279 tempestate
383 1214 510 1278 astamus,
526 1214 559 1265 ab
576 1216 618 1277 iis,
635 1214 680 1276 qni
698 1212 730 1263 sb
747 1213 811 1263 urbe
823 1220 963 1279 veneram,
975 1225 1005 1267 et
1015 1219 1124 1269 coatia·

105 1283 335 1414 acerra»
350 1280 687 1401 arrarum
696 1280 1125 1418 aar

105 1417 187 1469 lendis
206 1417 289 1482 Sept,
305 1423 334 1465 nt
349 1416 415 1467 Phil.
434 1417 467 1471 V.
483 1416 591 1483 legitur,
612 1418 640 1467 in
665 1418 729 1468 sads
741 1416 899 1476 Gcncordias
913 1369 1081 1487 habebamb,
1094 1430 1124 1469 ιι

105 1486 184 1536 venit.
203 1484 257 1544 Quo
272 1484 383 1550 graviter
399 1491 540 1536 commotus
556 1486 692 1550 Antonius,
710 1485 794 1537 inlitos
803 1498 832 1535 se
846 1486 998 1539 missurum
1011 1499 1040 1540 et
1052 1490 1124 1541 dtu

106 1554 162 1603 eius
182 1552 378 1604 disturbaturum
408 1553 526 1607 audiente
553 1561 644 1605 moun
660 1554 735 1608 dixit.
767 1552 905 1618 Postridie,
921 1555 954 1607 ld
973 1565 1026 1618 est,
1043 1554 1124 1610 im

106 1634 153 1671 nas
180 1619 267 1687 Sept,
292 1619 379 1672 dicero
404 1624 442 1672 in·
453 1629 568 1672 sanatam
597 1623 666 1673 venit
681 1623 786 1673 absente
801 1622 914 1673 Antonio
933 1630 965 1675 et
981 1625 1067 1693 haas,
1084 1636 1124 1689 qn

106 1688 172 1740 inira
184 1688 284 1756 legitur,
303 1692 431 1741 amionem
448 1689 546 1741 habuit.

170 1858 193 1917 l.
215 1856 244 1919 1.
265 1860 346 1919 Ante
362 1874 453 1933 quarn
468 1858 508 1918 da
519 1872 553 1917 re
565 1856 701 1931 publica,
723 1864 826 1932 patres
844 1858 1046 1937 conscripti,
1057 1859 1126 1920 dicat

107 1956 158 2014 ea,
175 1955 254 2017 quae
269 1940 400 2000 dicenda
416 1940 475 2001 hoc
491 1950 629 2014 ternpore
645 1934 783 2009 arbitror,
798 1955 959 2015 exponam
979 1942 1126 2004 vobisut

105 2024 183 2084 viter
194 2022 354 2085 consilium
367 2032 396 2083 et
408 2021 606 2099 profectionis
619 2031 650 2083 et
659 2021 845 2083 reversionis
857 2038 960 2083 meae.
979 2026 1051 2102 ligo
1064 2037 1126 2100 qun·

107 2122 262 2180 sperarem
287 2107 457 2182 aliquando·
471 2107 511 2166 ad
530 2114 665 2166 vestrum
688 2105 849 2166 consilium
868 2108 1128 2182 auctoritatemque

105 2206 170 2248 rem
198 2187 349 2264 publicam
370 2205 441 2250 esse
462 2197 650 2262 revocatam,
679 2191 861 2249 manendum
878 2188 957 2249 mihi
983 2192 1129 2254 statuebu

108 2270 199 2347 quasi
223 2271 252 2332 in
276 2270 379 2346 vigilia
401 2274 532 2347 quadarn
555 2271 708 2333 consulari
728 2288 764 2332 ac
784 2272 950 2332 senatoria.
1004 2277 1069 2337 Nec
1082 2284 1129 2333 rm

107 2369 238 2428 usquam
260 2352 455 2416 discedebam
479 2373 536 2416 nec
556 2372 625 2416 are
644 2354 767 2430 publica
782 2353 969 2416 deiiciebam
988 2361 1130 2421 ccmosct

107 2453 145 2498 eo
162 2436 220 2507 die,
241 2454 302 2510 quo
318 2437 348 2496 in
363 2439 471 2499 aedem
486 2437 613 2499 Telluris
631 2436 793 2499 convocati
808 2454 927 2497 sumus.
950 2440 993 2500 ln
1008 2451 1129 2516 quater

107 2520 169 2595 plo,
181 2528 325 2594 quantum
338 2519 368 2581 in
384 2538 432 2580 me
443 2521 510 2594 luit,
523 2520 580 2581 ieci
594 2521 787 2581 fundamenta
797 2519 884 2595 pacis
896 2521 1130 2588 Atheniensium

109 2619 169 2678 que
183 2598 332 2663 renovavi
347 2612 437 2664 vetus
449 2606 637 2680 exemplum:
652 2604 800 2664 Graecum
815 2602 906 2663 etiarn
918 2607 1062 2670 verbum
1071 2618 1130 2668 usu

107 2683 194 2760 pavi,
212 2703 272 2761 quo
289 2694 350 2748 tum
367 2685 398 2746 in
414 2687 560 2748 sedandis
575 2685 740 2748 discordiis
755 2693 893 2747 usserat
908 2686 1032 2752 civitas
1050 2690 1132 2753 illast·

108 2785 169 2843 que
188 2785 310 2829 omnem
331 2769 506 2830 memoriam
528 2769 750 2830 discordiarum
778 2768 937 2829 oblivione
959 2775 1132 2852 sempiterna

108 2852 269 2912 delendam
281 2852 396 2912 censui.
439 2852 469 2914 2.
485 2854 643 2912 Praeclara
656 2863 718 2914 turn
737 2852 832 2914 oratio
847 2851 887 2911 Μ.
903 2854 1061 2932 Antonii,
1074 2867 1133 2932 apt

108 2933 158 3009 gia
173 2936 263 2996 etiarn
280 2937 434 2996 voluntas:
454 2935 662 3012 ponderique
680 2951 734 3010 par
747 2952 817 2995 eum
831 2941 861 2994 et
876 2950 935 3008 per
949 2937 1077 3002 liberos
1090 2939 1134 2999 ein

109 3032 179 3076 curn
194 3018 464 3092 praestantissimis
481 3017 599 3080 civibus
611 3019 788 3080 confirmata
803 3025 859 3077 est.
881 3018 995 3094 Atque
1011 3023 1064 3084 lris
1079 3020 1135 3099 prin

109 3097 198 3173 cipiis
224 3100 343 3177 reliqua
366 3101 606 3164 consentiebant.
653 3104 702 3162 Ad
721 3098 959 3163 deliberationes
981 3121 1061 3179 eas,
1081 3115 1136 3180 qntt

108 3181 241 3242 habebat
261 3183 344 3245 domi
367 3185 613 3260 damnabiles,
635 3184 789 3259 principes
811 3182 945 3246 civitatis
970 3189 1136 3250 adhibebat

108 3264 243 3324 adhunc
258 3265 396 3327 ordinem
412 3284 462 3327 res
478 3268 607 3343 optimas
623 3269 799 3328 deferebam
818 3265 890 3326 nihil
905 3275 976 3328 tum
993 3272 1060 3333 nisi
1076 3263 1138 3348 quad

108 3354 173 3407 erat
187 3357 292 3409 notum
307 3349 446 3411 omnibns
466 3350 497 3410 in
514 3351 545 3410 C.
562 3350 701 3412 caesaris
723 3347 951 3410 commentariis
974 3353 1138 3432 repericba

103 3433 166 3487 tura
183 3446 301 3492 summa
312 3433 485 3519 constantia
498 3432 539 3493 ad
550 3449 596 3507 aa,
612 3449 693 3510 qnae
710 3431 849 3509 quaesita
861 3442 961 3508 erant,
977 3436 1138 3516 responde
