2340 3788
149 188 189 247 ΙΝ
199 188 232 247 L.
243 186 453 247 CATILINAM
464 185 606 247 ORATIO
618 188 655 246 11.
683 187 841 249 CAP.1.2.
863 193 888 255 S·
901 194 986 250 1-3.
1032 186 1094 252 135

144 371 166 429 l.
191 367 220 441 1,
248 335 392 439 Tandem
409 341 742 449 aliquandoQuirites,
759 338 973 446 ficatilinam,
991 372 1091 432 luren-

54 466 68 519 t
88 473 118 515 m
135 434 275 527 addititia,
292 434 394 529 sddlus
408 453 518 513 anhela
539 461 609 525 tem,
631 458 702 539 pest
765 454 880 539 patriae
895 453 1010 516 nefarie
1027 472 1092 517 mo·

56 540 78 601 li
119 547 182 600 tem
214 516 304 598 vobis
321 543 413 633 atqye
426 536 497 597 huie
513 555 533 596 u
549 535 581 595 bi
598 536 710 595 fe'rrum
725 534 939 613 flammamque
952 518 1092 600 minitan-

56 581 320 694 tem,exl1rbevel
332 618 478 680 eiecimus
489 621 537 678 vel
550 604 706 680 emiiimus
719 619 767 678 vel
779 618 880 695 ipsum
887 605 1107 709 egredientem]

55 703 162 767 verbis
173 701 330 779 prosecuti
343 719 458 765 sumus.
485 702 577 776 Abiit,
594 701 739 776 excessit,
754 703 862 775 evasit,
879 702 987 778 erupit.
1005 706 1093 766 Nulla

56 769 295 875 iffiyperuicies
310 801 329 845 a
347 795 485 847 monstro
500 785 551 846 lllo
573 794 667 861 atque
683 784 824 861 prodigio
842 785 1001 846 moenibus
1015 775 1120 897 ipsis]

54 872 145 1017 Ἠ
157 868 280 931 moenia
299 867 534 944 comparabitur.
566 870 669 944 Atque
689 868 769 930 huno
787 854 1094 945 quiderm-'unumun-

54 974 66 1017 ι
89 972 106 1016 s
144 951 195 1014 elli
217 940 593 1019 domesuoilducembile
615 968 652 1013 eo
676 942 985 1013 troversialvieirnus.
1027 952 1094 1011 Nou

54 1037 224 1100 animiam
248 1035 327 1096 iuter
348 1037 443 1096 latera
467 1043 571 1099 nostra
593 969 734 1104 sioa7illa
760 1033 945 1095 versabitur:
975 1052 1037 1096 non
1062 1034 1094 1093 in

56 1137 187 1196 eampo,
202 1134 264 1179 uon
281 1117 314 1179 io
327 1119 410 1191 loro,
428 1134 489 1179 non
506 1119 537 1179 iu
554 1120 652 1194 ouda,
669 1119 881 1193 nondumque
898 1117 977 1179 intra
990 1120 1094 1179 dome-

55 1206 154 1266 sticos
169 1201 304 1279 parietes
321 1201 583 1276 pertimescemus.
617 1202 701 1283 Lupo
722 1202 773 1262 ille
794 1210 895 1263 motus
916 1210 978 1274 est,
991 1218 1095 1277 ,quum

55 1296 106 1350 est
128 1302 169 1347 ex
187 1284 264 1347 urbe
286 1286 446 1361 depulsus.
485 1286 588 1347 Palam
608 1283 757 1355 iamioum
776 1272 1094 1366 hustelnullonpe-

55 1354 292 1461 dieutb)b‘e·llum
311 1368 425 1452 iustum
445 1374 597 1446 geremus.
627 1368 700 1430 Sine
721 1368 814 1431 dubio
835 1368 1024 1445 perdidimus
1039 1369 1095 1429 ho·

54 1454 171 1517 minem
191 1452 414 1529 magnificeque
434 1452 581 1528 vicimus,
603 1436 799 1529 quamlillum
815 1467 854 1512 ex
875 1453 1003 1523 oooultis
1020 1451 1094 1527 insi

54 1536 117 1598 diis
132 1538 164 1597 iu
185 1520 324 1623 apbrtprm
337 1537 528 1611 latro-ciuium
548 1534 744 1602 eouieeimus.
789 1535 818 1599 2.
841 1535 1016 1626 Quodvero
1032 1520 1102 1596 nori

55 1628 216 1682 cruentum
237 1620 488 1703 mueronem,th
510 1602 634 1719 voluitj·
645 1621 766 1692 extulit,
794 1620 878 1694 quod
902 1619 980 1697 vitris
1004 1618 1094 1681 nobis

54 1719 206 1781 egressus
227 1710 290 1775 est,
315 1702 400 1777 quod
419 1701 449 1761 ei
465 1703 578 1761 ferrum
594 1718 612 1761 e
627 1701 768 1762 manibus
786 1699 987 1775 extorsimus,
1010 1703 1094 1778 quod

53 1788 229 1861 inopiumes
245 1785 346 1854 cives,
369 1783 453 1856 quod
467 1790 594 1857 staulam
616 1785 722 1842 urbem
735 1782 872 1857 reliquit,
897 1792 1010 1857 quanto
1030 1793 1093 1845 tan-

52 1872 130 1932 dem
149 1868 394 1947 illum,maerore
414 1879 486 1923 esse
507 1863 663 1941 adflictum
686 1873 716 1924 et
742 1862 937 1938 profligatum
962 1865 1096 1940 putatis?

51 1935 142 2015 θεει
157 1949 208 2006 ille
222 1940 552 2021 nuno'prostratusque
570 1953 618 2005 est
632 1938 670 2006 ἐι
695 1962 730 2005 se
744 1948 920 2020 perculsum
936 1953 1028 2020 atque
1043 1948 1094 2007 ab

51 2018 171 2097 idolum
196 2030 273 2090 esse'
294 2013 438 2099 sentiflet
458 2036 614 2103 retorquet
640 2029 748 2089 oeulos
771 2028 910 2104 prolecto
938 2044 1033 2103 saepe
1055 2030 1094 2089 ad

53 2119 137 2179 hane
154 2113 270 2185 urbem,
290 2129 381 2189 quam
397 2129 415 2172 e
429 2114 494 2174 suis
506 2111 645 2173 saucibus
660 2119 796 2188 ereptam
814 2127 885 2173 esse
899 2111 997 2187 luget:
1014 2128 1094 2187 quae

56 2199 184 2277 quidem
199 2195 273 2257 mihi
286 2190 392 2257 laetari
406 2196 541 2270 videtur,
563 2197 647 2273 quod
664 2204 777 2258 tanam
794 2202 912 2271 pestem
927 2195 1095 2257 evomuerit

56 2285 207 2358 forasque
221 2278 393 2355 proiecerit.

142 2414 178 2473 ll.
194 2410 224 2474 3.
245 2415 292 2472 Ae
307 2410 334 2473 si
349 2410 418 2486 quis
433 2421 481 2475 est
495 2411 573 2485 talis,
590 2415 698 2488 quales
714 2429 786 2483 osse
801 2428 908 2473 omues
923 2410 1092 2488 oportebat

56 2495 113 2575 qui
127 2496 159 2557 iu
172 2496 233 2556 hoe
248 2495 328 2570 ipso,
344 2493 376 2555 iu
391 2510 452 2570 quo
467 2498 601 2557 exsultat
614 2505 645 2557 ει
661 2495 830 2570 triumphat
839 2495 935 2557 oratio
952 2511 1029 2566 mee,
1044 2509 1107 2554 me.
1161 2560 1165 2573 Ι

56 2581 256 2642 vehementer
271 2586 411 2651 eeeuset,
433 2579 518 2653 quod
536 2585 598 2638 tam
612 2578 773 2654 capitalem
793 2579 914 2639 hostem
929 2594 991 2637 non
1012 2590 1093 2637 oom—

57 2661 274 2741 prehenderim
288 2662 391 2736 potius
408 2677 500 2737 quam
514 2661 681 2735 emiserim,
700 2679 761 2723 nou
776 2671 824 2722 est
837 2661 897 2722 ista
911 2676 980 2719 mee
995 2659 1094 2732 eulpa,

58 2746 119 2808 sed
144 2754 327 2820 tempomm.
370 2745 566 2805 interiectum
592 2760 663 2814 esse
688 2745 722 2807 L.
743 2744 900 2805 Catilinam
927 2751 958 2802 et
977 2740 1094 2816 gravis-

57 2829 139 2891 simo
157 2827 309 2906 supplicio
324 2827 478 2889 adiectum
498 2826 558 2887 iam
576 2827 693 2902 pridem
707 2828 883 2903 oportebat,
904 2825 999 2899 idque
1013 2842 1031 2885 a
1045 2841 1093 2884 me

56 2922 91 2975 ει
114 2912 351 2973 mosmaiorum
374 2917 405 2971 et
425 2909 516 2972 huius
539 2909 660 2986 imperii
682 2909 831 2970 severitas
850 2916 881 2968 et
900 2925 951 2969 res
971 2907 1125 2984 publiea.

56 2996 244 3073 postulabat.
281 2993 344 3055 Sed
365 3010 457 3069 quam
472 2996 584 3056 multos
605 2992 702 3054 luisse
722 2991 834 3069 putatis
859 2991 912 3067 qui
932 3008 1011 3068 quae
1034 3007 1093 3067 ego

57 3081 212 3140 deferrem
228 3094 290 3139 nou
308 3078 488 3140 crederent?
503 3094 592 3153 quam
606 3078 717 3138 multos
732 3075 786 3152 qui
800 3083 926 3151 proptor
939 3073 1095 3138 stultitiam

55 3179 122 3223 non
143 3167 306 3237 putareult
329 3177 422 3237 quam
442 3163 554 3222 multos
577 3161 629 3236 qui
652 3160 742 3222 etlam
760 3159 978 3223 defenderentt
1002 3175 1095 3235 quam

57 3246 173 3306 multos
197 3243 250 3319 qui
271 3253 399 3321 proptor
420 3243 643 3320 improbitatem
659 3245 817 3304 levarent?
849 3244 896 3305 Ao
912 3246 939 3306 si
953 3243 1005 3305 illo
1022 3241 1093 3301 sub-

56 3328 122 3389 lato
137 3328 250 3403 depelli
265 3344 285 3388 a
302 3328 391 3391 vobis
412 3344 502 3389 omne
517 3327 685 3403 perieulum
700 3325 879 3400 iudiearem,
904 3322 1094 3400 iampridem

55 3424 120 3487 ego
130 3410 164 3472 L.
176 3410 334 3473 catilinam
345 3429 408 3474 non
422 3413 516 3474 modo
530 3411 664 3473 invidiae
680 3426 775 3485 meae,
793 3409 999 3472 verumetiam
1015 3405 1095 3468 vitae
