2340 3788
119 165 161 233 76
340 175 379 233 IN
401 173 433 233 C.
454 173 617 232 VERREM
635 173 721 233 Act.
735 173 771 233 ll.
792 173 864 233 ΜΒ.
880 174 933 234 lv.

114 324 226 387 nuncio
239 340 303 385 rem
314 324 509 395 demonstrat,
522 330 613 397 negat
622 322 683 383 ullo
700 323 792 383 modo
806 322 873 383 lieri
882 338 993 398 posse.
1016 326 1079 387 xl..
1088 326 1132 391 St
1163 346 1167 370 ι

58 456 61 461 .
115 412 218 483 Atque
233 407 308 466 haec
321 438 365 451 —
378 404 450 465 nihil
468 403 547 465 enim
561 404 858 479 practennittendum
879 406 919 466 de
938 406 1031 468 istius
1046 409 1131 486 impu·
1158 468 1161 477 ,

115 490 218 555 dentia
231 489 351 549 videtur
364 521 408 533 —
422 487 588 563 agebantur
602 486 632 546 in
647 496 807 561 conventu,
822 490 938 562 palam,
953 490 996 550 dc
1014 492 1091 553 sella
1102 508 1130 553 ae
1163 520 1170 526 -

115 574 237 634 deloco
254 571 421 646 superiore.
451 571 522 631 Erat
537 568 635 629 hiems
648 586 779 641 somma,
795 578 978 645 tempestas,
993 581 1028 634 ut
1040 574 1131 650 ipsun
1158 601 1161 620 ι

116 656 277 730 Sopatrum
291 654 393 715 dicere
405 652 540 725 aodIstis,
561 651 732 727 perfrigida,
753 653 849 713 imber
861 653 1032 730 maximus,
1049 674 1130 733 quun

115 739 172 799 iste
186 738 314 813 imperat
328 736 499 808 lictoribuS,
514 744 548 795 nt
564 734 725 808 Sopatrum
740 736 780 795 de
793 735 928 810 porticu,
944 736 976 797 in
994 754 1058 813 qua
1072 740 1130 815 ipae

116 822 250 891 sedebat,
273 819 470 895 praecipitem
490 817 521 876 in
545 819 643 877 iorum
667 817 811 879 deiiciant
830 820 1010 894 nudumque
1028 822 1129 883 consti·
1151 836 1159 876 ι

116 912 207 965 tuant.
234 902 296 962 Vix
311 910 375 963 erat
388 902 447 961 hoc
460 901 550 974 plane
565 900 751 974 imperatum,
767 919 860 976 quum
873 901 958 962 illurn
975 903 1130 978 spoliatum
1151 920 1154 929 ’

115 988 319 1062 stipatumque
332 982 488 1045 lictoribus
503 984 632 1043 videres.
666 983 776 1043 Omnes
792 984 823 1043 nt
840 986 906 1044 iore
920 987 1085 1060 putabant,
1105 994 1130 1047 nt
1151 1004 1160 1046 ι

114 1071 207 1131 miser
223 1078 314 1142 atque
332 1068 479 1129 innocens
493 1065 588 1141 virgis
606 1067 796 1127 caederetur:
815 1066 920 1127 ietellit
935 1066 987 1127 hic
1000 1068 1129 1129 homines

115 1152 229 1227 opinio.
254 1150 357 1225 virgis
374 1151 432 1210 iste
453 1150 595 1210 caederet
613 1147 679 1208 sine
701 1165 795 1209 causa
816 1150 933 1211 socium
953 1152 1064 1226 populi
1078 1152 1130 1213 llo
1151 1157 1161 1211 ι’

113 1234 194 1294 mani
205 1240 296 1306 atque
308 1233 458 1293 amicum?
471 1233 536 1293 Non
551 1248 650 1308 usque
663 1247 701 1291 eo
716 1241 763 1293 est
773 1230 946 1308 improbust
959 1250 1025 1293 non
1039 1234 1130 1297 omnia
1150 1266 1170 1295 ι

114 1315 226 1376 suntin
241 1331 302 1375 uno
316 1314 401 1375 vitta:
422 1331 586 1389 numquam
608 1313 663 1374 luit
676 1314 819 1375 crudelis.
849 1314 971 1379 Leniter
985 1315 1130 1379 hominen
1150 1324 1161 1377 t

114 1400 337 1470 clementerque
351 1398 476 1473 accepit.
498 1399 666 1472 Equestres
681 1404 752 1458 sunt
764 1396 865 1457 medio
882 1397 913 1457 in
930 1400 999 1459 loro
1010 1399 1129 1463 Marad
1155 1437 1156 1441 =

113 1482 211 1549 lorum
232 1486 364 1551 statuae,
392 1479 470 1540 siout
497 1481 560 1539 lere
582 1479 710 1540 caeteris
735 1480 766 1540 in
790 1480 913 1556 oppidis
935 1480 1074 1543 Siciliae:
1099 1498 1131 1543 ex
1144 1506 1170 1543 .·,.

115 1563 227 1638 quibus
243 1561 301 1622 iste
320 1562 350 1620 C.
364 1561 499 1622 Marcelli
514 1570 642 1622 statuam
657 1562 782 1637 delegit,
797 1564 884 1623 cuius
896 1562 1001 1623 cilicia
1013 1564 1044 1624 in
1058 1565 1160 1633 iliano

115 1644 265 1707 civitatem
278 1654 432 1719 totamque
442 1644 629 1719 provinciam
640 1644 850 1705 recentissima
861 1654 946 1706 erant
955 1653 987 1706 et
997 1649 1130 1709 maximo.
1149 1672 1156 1713 ι

113 1731 146 1789 ln
162 1744 198 1788 ea
211 1727 387 1802 Sopatrum
408 1727 559 1788 hominem
575 1745 666 1803 quum
688 1727 769 1788 domi
791 1727 922 1789 nobilem
937 1736 1001 1789 turn
1020 1744 1130 1791 summo
1154 1765 1156 1791 t

114 1810 289 1886 magistratu
306 1800 492 1886 praeditum,
513 1811 673 1872 divaricari
687 1827 723 1870 ac
738 1810 864 1886 deligari
880 1811 973 1872 iubet.
1004 1810 1057 1875 at.
1072 1814 1130 1887 ouo
1152 1851 1170 1880 ι.

114 1895 248 1957 cruciatu
265 1894 304 1956 sit
318 1895 456 1956 adiectas
474 1893 577 1955 venire
591 1894 621 1954 in
636 1903 765 1955 mentem
781 1910 911 1955 necesse
926 1902 975 1955 est
989 1896 1131 1969 omnious,

114 1995 208 2054 quum
222 1987 305 2039 esset
319 1978 438 2039 vinctus
452 1976 570 2039 nudus'
562 1995 592 2036 m
604 1981 683 2050 aere,
696 1976 726 2034 in
738 1976 855 2050 imbri,
847 1994 877 2035 m
894 1978 1018 2051 frigore.
1033 1979 1170 2055 nequer

112 2071 211 2122 tamen
226 2061 295 2120 finis
310 2061 379 2120 huic
394 2060 520 2120 iniuriae
533 2058 763 2133 crudelitatique
774 2060 874 2131 fiebat,
891 2061 990 2121 donec
1002 2064 1130 2138 popum
1148 2092 1161 2128 ,ι

113 2152 206 2216 atque
218 2143 362 2203 universa
371 2143 540 2215 multitudo,
552 2142 707 2202 atrocitate
718 2141 762 2201 rei
773 2141 1046 2219 misericordiaque
1058 2160 1130 2207 conr
1150 2156 1154 2205 t

113 2232 206 2295 mota,
222 2234 361 2286 senatum
376 2228 508 2285 clamore
524 2223 748 2299 coegitque
764 2225 958 2286 simulacrum
971 2225 1049 2287 illud
1061 2228 1130 2287 Mor·
1149 2246 1158 2296 ι

114 2305 189 2366 curii
203 2305 405 2379 polliceretur.
438 2309 611 2368 clamabant
628 2308 709 2378 iore,
729 2315 761 2366 ut
780 2308 840 2383 ipsi
852 2324 895 2368 se
908 2308 940 2368 di
954 2309 1132 2371 immortales
1157 2320 1160 2332 ·

113 2387 346 2449 ulciscerentur:
350 2389 539 2450 ,hominem
531 2398 646 2450 interea
657 2387 757 2463 perire
768 2390 960 2452 innocentem
971 2408 1034 2452 non
1049 2408 1131 2468 opor-
1155 2436 1157 2445 .

112 2481 186 2532 tere.
201 2471 275 2531 Tum
288 2471 432 2544 frequens
445 2480 569 2533 senatus
580 2472 639 2532 ad
631 2481 721 2533 rstum
732 2473 829 2535 vemt
840 2474 1132 2561 pollicetursignum.
1153 2500 1162 2547 t

112 2557 158 2616 lta
169 2553 299 2650 Sopater
313 2554 352 2614 de
368 2564 466 2615 statua
483 2557 513 2615 C.
528 2556 671 2628 Marcelli,
693 2573 785 2631 quum
800 2556 859 2616 iam
874 2573 975 2633 paene
989 2544 1132 2635 obriguis-

113 2647 175 2711 set,
195 2636 350 2698 vixvivus
365 2639 508 2698 aufertur.

38 2727 46 2741 ·
195 2722 262 2782 Non
277 2736 405 2816 possum
420 2719 591 2797 disposite
583 2730 673 2782 istum
687 2737 850 2794 accusare,
867 2721 893 2782 si
909 2721 1045 2797 copiam·
1061 2738 1134 2799 opus
1160 2767 1170 2796 .,

113 2815 161 2865 est
177 2822 239 2866 non
254 2803 378 2865 solum
370 2805 501 2878 ingenio,
517 2821 622 2865 verum
638 2805 727 2864 etiam
741 2768 869 2864 artificio
885 2804 1063 2879 quodam
1037 2822 1133 2881 singu-
1164 2853 1167 2872 .,

112 2886 176 2946 lari.
204 2889 279 2948 XLl.
301 2888 352 2950 88.
374 2887 474 2948 Unum
496 2888 556 2949 hoc
579 2888 690 2947 crimen
712 2887 831 2948 videtur
847 2902 919 2947 esse
939 2895 971 2947 et
988 2903 1071 2949 arne
1083 2902 1135 2963 pro

111 2985 173 3028 uno
186 2973 322 3044 ponitur,
345 2972 384 3031 de
402 2969 553 3031 Mercurio
568 2969 787 3046 Tyndaritano:
810 2971 897 3044 plura
919 2979 1006 3045 sunt,
1028 2970 1085 3031 sed
1103 2986 1137 3029 ea
1165 3017 1166 3039 ,

114 3066 175 3123 quo
197 3062 287 3125 pacto
305 3054 491 3129 distinguere
511 3070 546 3113 ac
570 3070 714 3128 separare
727 3053 846 3129 possim
867 3052 983 3117 nescio.
1012 3052 1069 3114 Est
1086 3069 1136 3129 pe·

113 3132 270 3195 cuniarum
285 3145 448 3211 captarum,
464 3138 548 3212 quod
563 3136 681 3211 signum
692 3136 730 3196 ab
743 3136 836 3196 sociis
848 3136 1000 3210 pecuniae
1012 3148 1138 3211 magnae
1167 3203 1170 3208 ,

112 3215 242 3277 sustulit.
258 3216 313 3276 Est
324 3221 491 3292 peculatus,
505 3217 998 3294 quodpublicumpopuliRomani
1010 3219 1137 3293 signum,
1168 3284 1170 3294 Α

113 3299 152 3358 de
176 3298 289 3373 praeda
303 3300 434 3362 hostiurn
452 3311 588 3376 captum,
609 3301 742 3376 positum
764 3299 956 3374 imperatoris
972 3301 1073 3361 nostri
1087 3316 1136 3361 no

111 3382 207 3456 mine,
231 3397 292 3442 non
313 3382 459 3444 dubitavit
479 3385 609 3445 auterre.
636 3384 690 3445 Est
709 3383 890 3458 maiestatis,
913 3384 999 3458 quod
1020 3380 1137 3459 imperii
1166 3426 1169 3431 -
