2340 3788
92 212 136 275 84
328 207 910 270 mc.vER1tEllAcT11.L1B.lv.

94 364 244 450 cunabula
259 360 449 437 reperiuntur
458 359 593 431 deorum,
608 357 684 417 miro
698 358 848 433 quaedam
862 367 927 421 tota
942 358 1048 423 Sicilia
1064 366 1111 440 pri

92 436 183 509 vatim
197 463 234 507 ac
247 445 369 520 publice
374 442 487 541 religio
503 451 551 503 est
563 440 679 502 cereris
690 440 872 503 Hennensis.
893 444 1015 505 Etenim
1028 450 1111 509 mult

93 547 187 607 saepe
199 527 338 605 prodigia
352 526 413 586 vim
424 527 490 585 eius
502 540 674 599 numenque
682 525 849 585 declarant
864 525 967 586 multis
980 544 1079 605 saepe
1092 531 1111 593 ir

92 612 276 674 difficillimis
286 613 378 671 rehus
391 625 538 685 praesens
552 607 695 667 auxilium
708 606 774 685 cius
786 608 919 668 oblatum
930 618 988 684 est,
1000 620 1034 672 ut
1044 613 1111 675 haet

75 697 190 777 ⁴insula
207 697 246 756 ab
264 712 301 756 ea
315 711 376 755 uon
394 694 492 754 solum
509 690 601 764 diligi,
621 691 677 750 sed
691 678 779 750 etiam
794 690 885 751 incoli
907 694 1111 772 custodirique

91 780 238 841 videatur.
255 778 325 840 108.
340 779 401 836 Nec
416 776 513 835 solum
522 772 624 846 Siculi,
640 789 742 833 verum
754 773 844 834 etiarn
856 782 998 837 caeterae
1011 786 1111 852 gentes

91 863 292 938 nationesque
305 852 501 921 Hennensem
517 855 655 916 cererem
668 855 797 916 maxime
812 859 925 919 colunt.
951 852 1073 923 Ete'nim
1089 862 1111 935 si

89 945 321 1008 Atheniensium
336 956 423 1002 sacra
444 954 562 999 summa
580 938 743 1014 cupiditate
757 948 954 1015 expetuntur,
975 944 1016 1002 ad
1038 962 1111 1020 quos

90 1031 181 1090 Ceres
196 1033 227 1088 in
241 1028 292 1087 illo
304 1040 407 1084 errore
418 1021 542 1082 venisse
553 1020 660 1081 dicitur
676 1023 840 1098 frugesque
850 1022 1005 1085 attulisse:
1021 1045 1111 1103 quan·

87 1122 149 1173 tam
167 1127 238 1172 esse
253 1107 430 1181 religionem
448 1105 590 1166 convenit
603 1121 717 1177 eorum,
739 1106 823 1180 apud
838 1122 917 1181 quos
932 1123 1001 1167 eam
1015 1119 1111 1173 natam

88 1210 160 1256 esse
177 1200 207 1251 et
224 1193 327 1265 lruges
341 1189 496 1249 invenisse
507 1194 647 1249 onustati
663 1188 769 1262 ltaque
779 1190 862 1263 apud
876 1197 980 1265 patres
992 1202 1111 1256 nostros

86 1277 182 1337 atroci
199 1290 235 1334 ac
250 1271 365 1333 dilficiti
380 1270 575 1346 reipublicae
589 1279 734 1347 tempore,
751 1288 844 1347 quum
854 1273 897 1333 Ti.
912 1272 1053 1339 Graccho
1064 1294 1111 1339 oc·

88 1359 152 1418 eisc
167 1372 345 1431 magnorum
361 1355 565 1431 periculorum
575 1362 673 1415 metus
685 1371 723 1414 cx
736 1354 862 1416 ostentis
872 1358 1111 1435 portenderetur,

85 1441 117 1499 P.
131 1439 232 1500 Mucio
246 1440 279 1498 L.
309 1438 470 1514 Calpurnio
486 1437 676 1515 consulibus,
698 1437 811 1498 aditum
828 1446 877 1499 est
895 1439 936 1499 ad
950 1440 1047 1503 libros
1068 1442 1111 1505 Si-

85 1522 234 1600 byllinos=
262 1539 302 1582 ex
322 1521 433 1596 quihus
453 1520 608 1582 inventum
628 1529 689 1595 est,
711 1520 851 1581 Gererem
870 1523 1111 1598 antiquissimam

85 1604 200 1681 placari
221 1613 373 1681 oportere.
405 1605 478 1665 Tum
499 1621 538 1663 ex
559 1603 746 1679 amplissimo
766 1604 894 1679 collegio
918 1607 1111 1671 decemvirali

85 1689 262 1750 sacerdotes
277 1687 382 1763 populi
393 1687 531 1760 Romani,
544 1704 636 1762 quum
652 1694 735 1747 esset
748 1686 778 1746 in
793 1687 868 1747 urbe
879 1698 985 1750 nostra
993 1691 1111 1753 Cereris

84 1772 318 1848 pulcherrimum
339 1779 369 1831 et
382 1770 711 1846 magnificentissimum
728 1773 880 1846 templum,
896 1781 997 1834 tamen
1011 1790 1111 1851 usquc

83 1858 220 1916 Hennam
235 1856 364 1932 proiecti
380 1863 458 1915 sunt.
480 1854 575 1916 Tanta
589 1853 740 1915 eratenim
751 1852 917 1916 auctoritas
931 1864 1111 1919 etvetustas

83 1939 163 1999 illius
177 1939 343 2015 religionis,
364 1945 404 2011 ut,
422 1956 514 2014 quum
529 1938 599 1999 illuc
613 1937 704 2008 irent,
723 1954 785 1997 non
803 1938 843 1997 ad
858 1938 965 1998 aedem
981 1939 1110 2015 Cereris,

84 2022 139 2080 sed
154 2024 193 2080 ad
212 2023 310 2097 ipsam
326 2022 465 2082 Cererem
484 2020 640 2096 proficisci
659 2020 842 2080 viderentur.
877 2020 947 2083 109.
970 2022 1040 2084 Non
1058 2024 1109 2086 ch

83 2104 205 2163 tundam
226 2105 348 2165 diutius.
385 2104 502 2165 Etenim
522 2103 580 2163 iam
601 2104 713 2162 dudum
734 2121 843 2164 vereor
863 2120 902 2164 ne
923 2107 1021 2166 oratio
1044 2122 1111 2169 mea

26 2176 30 2185 “
82 2184 182 2244 aliena
195 2187 233 2245 ab
248 2188 428 2247 iudiciorum
444 2185 561 2247 ratione
582 2194 612 2246 et
629 2201 648 2245 a
673 2186 824 2247 cotidiana
841 2187 960 2247 dicendi
977 2204 1110 2252 consuo·

82 2266 186 2327 tudine
204 2283 275 2330 esse
291 2270 436 2330 videatur.
461 2271 528 2329 Hoc
545 2269 630 2343 dico,
653 2269 731 2329 hanc
746 2271 843 2345 ipsam
860 2271 1010 2344 Cererem,
1033 2274 1110 2335 anti·

82 2349 275 2425 quissimam,
296 2351 571 2427 religiosissimam,
598 2351 764 2427 principem
785 2353 918 2413 omnium
939 2371 1111 2433 sacrorum,

81 2450 161 2511 quae
183 2435 266 2509 apud
282 2452 387 2496 omnes
409 2442 515 2510 gentes
532 2435 731 2511 nationesque
750 2438 841 2510 fiunt,
862 2454 881 2496 a
900 2438 932 2496 C.
949 2439 1050 2500 Verre
1070 2456 1111 2501 ex

80 2518 145 2580 suis
161 2517 281 2593 templis
296 2534 332 2578 ac
347 2519 472 2579 sedibus
486 2535 557 2580 esse
575 2519 732 2580 sublatam.
762 2519 819 2593 Qui
833 2520 1010 2583 accessistis
1026 2524 1109 2584 Hen-

78 2620 164 2676 nam,
184 2601 303 2662 vidistis
327 2601 520 2662 simulacrum
543 2602 663 2664 Cereris
683 2620 701 2663 e
723 2619 873 2666 marmore
899 2611 930 2664 et
952 2603 985 2664 in
1010 2607 1108 2668 altero

78 2687 191 2761 templo
206 2684 343 2746 Liberae.
366 2684 443 2746 Sunt
456 2702 493 2745 ea
511 2688 668 2761 perampla
684 2694 776 2762 atque
791 2688 956 2763 praeclara,
973 2690 1032 2750 sed
1048 2706 1110 2751 non

77 2769 119 2829 ita
135 2770 268 2846 antiqua.
302 2769 349 2848 Ειι
374 2785 444 2829 aere
464 2769 520 2830 luit
539 2770 691 2846 quoddam
712 2770 834 2831 modica
852 2772 1054 2846 amplitudine
1072 2788 1110 2835 ac

78 2851 223 2926 singulari
238 2870 341 2929 opere,
358 2869 427 2912 curn
442 2853 568 2928 lacibus,
584 2853 810 2930 perantiquum,
828 2853 961 2917 omnium
975 2855 1107 2931 illorum,

79 2951 157 3007 quae
171 2934 241 2998 surit
255 2937 285 2996 in
301 2955 338 2998 eo
354 2938 440 3009 lano,
463 2937 556 2998 multo
574 2935 826 3010 antiquissimum.
860 2938 895 2998 ld
909 2938 1049 3014 sustulit,
1071 2956 1110 3003 ac

76 3023 176 3075 tamen
198 3036 234 3078 eo
257 3027 415 3082 contentus
436 3036 497 3080 non
522 3019 585 3081 luit.
621 3018 691 3081 110
708 3023 787 3082 Ante
808 3021 914 3082 aedem
936 3021 1057 3085 cerens
1076 3023 1109 3085 in

76 3106 181 3172 aperto
197 3118 232 3159 ac
248 3106 408 3178 propatulo
424 3106 493 3164 loco
511 3103 599 3178 signa
613 3104 674 3164 duo
690 3113 775 3164 sunt
797 3103 915 3165 Cereris
929 3122 1041 3180 unum,
1064 3109 1109 3167 al-

75 3191 172 3242 terum
186 3182 376 3259 Triptolemi,
397 3186 599 3260 pulcherrima
613 3202 649 3245 aa
663 3189 828 3262 perampla.
857 3188 1031 3252 Pulcritudo
1052 3206 1111 3266 pe-

74 3264 186 3338 riculo,
213 3267 378 3359 amplitudo
400 3270 488 3331 saluti
514 3269 584 3342 luit,
600 3271 683 3344 quod
703 3287 807 3332 eorum
831 3272 988 3334 demolitio
1011 3283 1109 3351 atque

74 3347 240 3423 asportatio
268 3350 456 3422 perdifficilis
486 3351 652 3413 videbatur
698 3353 891 3415 insistebat
883 3372 913 3414 m
934 3372 1029 3417 manu
1051 3358 1109 3419 Ce

68 3431 148 3491 reris
170 3432 276 3493 dextra
297 3434 411 3508 grande
429 3435 621 3496 simulacrum
643 3435 845 3511 pulcherrime
869 3439 981 3501 laetum
999 3440 1105 3503 Victo-
