2340 3788
356 207 439 268 cde.
453 212 580 268 eo-aa.
601 211 627 273 §-
642 211 774 269 ra-ta
1029 208 1093 274 325

57 360 148 422 ritum
165 357 238 434 quia
251 366 282 420 te
295 350 374 420 teste
390 372 565 434 cognoram,
586 363 618 417 te
633 356 744 416 eodem
758 362 883 416 auctore
898 356 1046 418 defendit
1065 366 1095 420 et

59 445 88 504 ei
103 442 205 503 dices=
220 443 319 514 oneres
329 439 406 518 que?
420 457 511 517 quem
524 455 629 514 negas,
642 438 727 514 quod
740 454 797 512 pro
814 436 917 514 cispio.
929 442 1093 502 contende

57 527 130 600 rim,
149 525 312 601 impetrare
330 524 490 600 potuisset
504 523 579 582 Nam
593 521 682 583 istius
697 518 784 580 verbi
801 537 895 596 quous
906 540 962 598 pue
975 533 1095 599 poterat

57 611 135 670 haec
150 625 221 669 esse
238 607 366 668 invidia:
383 608 472 667 datus
486 613 534 667 est
549 604 602 666 tibi
616 605 675 679 ille,
693 606 885 683 condonatus
899 604 965 664 ille=
976 622 1038 668 non
1050 609 1093 669 la-

58 694 103 752 cis
118 692 227 752 finem=
249 693 329 751 lerre
343 707 404 751 non
416 705 602 765 possumus:
626 688 653 748 ei
673 687 811 762 quidem,
834 688 886 762 qui
901 704 958 762 pro
975 704 1038 750 uno
1051 691 1093 750 la-

56 773 184 848 borarit,
203 774 234 834 id
248 774 350 850 ipsum
369 789 430 832 non
445 771 619 845 obtinuerit,
639 770 714 830 dici=
733 771 831 842 Quoue
847 768 926 846 pue?
941 770 1094 834 irridentis

56 858 154 932 magis
169 866 217 918 est
234 874 326 932 quam
347 854 615 930 reprehendentur
644 855 703 913 nisl
718 854 796 915 lorte
812 869 869 930 ego
883 870 964 915 unus
983 854 1026 914 ita
1046 870 1095 915 me

56 940 141 1016 gessi
155 940 185 1000 in
197 939 336 1013 iudiciis,
355 938 397 999 ita
412 948 443 1000 et
457 955 524 998 cum
538 939 587 997 his
601 945 632 999 et
648 937 726 997 inter
738 937 797 998 hos
811 937 884 1010 vixi,
900 937 927 996 is
945 936 976 997 in
992 936 1094 998 causis

56 1033 221 1099 patronus,
243 1023 271 1082 is
291 1023 321 1080 in
342 1039 376 1082 re
392 1021 515 1097 publica
531 1021 606 1081 civis
621 1028 650 1080 et
665 1037 732 1080 sum
747 1029 777 1080 et
793 1036 916 1096 semper
931 1019 989 1095 lui,
1009 1022 1094 1080 solus

56 1116 91 1166 ut
107 1123 124 1165 a
140 1112 170 1165 te
186 1104 353 1166 constituar
373 1105 426 1180 qui
441 1104 515 1164 nihil
536 1102 720 1164 aiudicibus
735 1102 863 1164 debeam
878 1119 1025 1178 umquam
1040 1102 1095 1163 im·

56 1198 188 1264 patrare.
237 1186 289 1250 76.
315 1187 354 1248 Et
372 1187 445 1247 milri
466 1187 652 1246 lacrimulam
668 1185 801 1260 Cispiani
823 1186 926 1249 iudicii
948 1184 1094 1247 obiectas.

58 1271 110 1332 Sic
125 1272 204 1330 enim
221 1269 342 1330 dixisti:
364 1272 434 1332 Vidi
448 1287 502 1344 epo
517 1277 597 1330 mam
611 1271 810 1330 lacrimulam.
840 1270 921 1330 Vide
938 1286 1030 1344 quam
1044 1282 1094 1328 me

57 1352 143 1412 verbi
163 1352 206 1413 tui
227 1354 390 1428 poeniteat.
432 1353 500 1412 Non
515 1353 607 1412 modo
622 1351 824 1426 lacrimulam,
843 1353 901 1414 sed
928 1355 1038 1414 multas
1052 1353 1094 1411 la·

58 1437 167 1495 emmas
183 1444 213 1496 et
230 1435 334 1496 ilatum
352 1452 420 1496 cum
438 1435 573 1511 singultu
587 1433 692 1495 videre
706 1435 843 1510 potuisti.
885 1438 935 1495 An
949 1452 1024 1509 ego,
1042 1435 1094 1511 qui

56 1534 194 1578 meorum
209 1517 341 1579 lacrimis
355 1535 404 1579 me
419 1519 546 1579 absente
560 1526 731 1579 commotus
747 1519 923 1591 simultates,
941 1535 1018 1593 quas
1030 1533 1093 1578 me·

58 1617 126 1661 cum
147 1601 293 1676 habebat,
321 1601 520 1676 deposuisset
537 1616 686 1675 meaeque
708 1601 815 1662 salutis
835 1617 897 1662 non
918 1604 1011 1662 modo
1031 1617 1094 1662 non

57 1693 261 1758 oppugnator,
275 1693 310 1745 ut
323 1683 435 1745 inimici
451 1685 511 1743 mei
527 1690 675 1757 putarant,
691 1685 746 1743 sed
761 1683 851 1745 etiam
863 1684 1008 1745 defensor
1019 1684 1094 1746 luis-

57 1774 119 1839 set,
139 1766 231 1826 huius
247 1766 279 1825 in
294 1766 430 1840 periculo
445 1782 507 1825 non
523 1764 728 1838 significarem
743 1766 880 1825 dolorem
894 1773 1017 1825 meum?
1040 1761 1092 1829 77.

57 1848 101 1908 Tu
117 1856 227 1921 autem,
241 1847 427 1921 Laterensis,
444 1848 495 1923 qui
510 1855 573 1906 tum
587 1848 727 1906 lacrimas
742 1863 827 1907 meas
842 1853 944 1923 gratas
962 1862 1034 1908 esse
1049 1846 1093 1907 di-

57 1931 160 2002 cebas‚
177 1945 258 1990 nunc
276 1930 400 1989 easdem
415 1929 461 1990 vis
476 1927 646 1990 invidiosas
659 1929 766 1989 videri.
806 1950 810 1957 ·

120 2012 238 2072 xxxll.
261 2012 363 2087 Negas
381 2011 563 2073 tribunatum
578 2010 691 2072 Plancii
706 2012 873 2087 quidquam
888 2009 1027 2073 attulisse
1041 2013 1094 2072 ad-

57 2095 180 2156 iumenti
196 2095 332 2171 dignitati
349 2111 451 2155 measa
473 2103 566 2172 utque
586 2095 745 2169 hocloco,
769 2096 853 2170 quod
874 2094 1035 2156 verissime
1048 2097 1093 2155 la-

58 2195 129 2239 cere
144 2178 243 2254 potes,
257 2178 290 2240 L.
307 2177 424 2253 Racilii,
439 2176 595 2240 fortissimi
610 2186 640 2240 et
654 2177 893 2239 constantissimi
908 2176 974 2250 viri,
991 2178 1094 2239 divium

56 2261 88 2320 in
104 2277 152 2323 me
169 2260 275 2321 merita
291 2276 521 2322 commemoras.
555 2260 609 2321 Cui
625 2261 748 2336 quidem
763 2272 832 2336 ego,
848 2260 926 2323 sicut
943 2262 994 2327 Cn,
1006 2261 1093 2322 Plan·

60 2345 122 2416 cio,
145 2361 310 2418 numquam
325 2343 514 2406 dissimulavi
532 2359 581 2404 me
597 2345 761 2420 plurimum
782 2343 895 2405 debere
909 2359 1094 2420 semperque

60 2441 135 2501 praa
151 2445 200 2487 ma
215 2428 325 2487 ieram=
342 2427 441 2488 nullas
453 2427 533 2488 enim
549 2426 608 2487 sibi
626 2429 792 2502 illoneque
810 2427 1020 2489 contentiones
1040 2443 1094 2486 ne·

61 2526 121 2584 que
141 2509 312 2578 inimicitias
331 2527 433 2584 neque
455 2511 535 2573 vitae
552 2510 761 2572 dimicationes
780 2524 837 2570 nec
850 2526 908 2586 pro
922 2524 957 2569 re
971 2508 1094 2584 publica

57 2607 115 2652 neo
135 2608 191 2667 pro
208 2608 256 2653 me
275 2593 476 2667 defugiendas
495 2594 622 2667 putavit.
666 2594 768 2669 Atque
784 2591 909 2666 utinam,
928 2608 1019 2668 quam
1034 2607 1093 2666 ego

59 2691 126 2734 sum
139 2674 170 2734 in
184 2675 267 2736 illum
287 2683 405 2751 gratus,
429 2683 490 2736 tam
504 2675 641 2736 licuisset
659 2692 716 2751 per
728 2674 884 2736 hominum
898 2673 960 2735 vim
971 2683 1005 2735 et
1018 2672 1094 2733 inlu-

57 2758 132 2816 riam
147 2774 165 2816 a
181 2759 295 2835 populo
311 2758 449 2819 Romano
465 2757 493 2818 ei
508 2760 635 2833 gratiam
649 2758 775 2819 reterri!
793 2758 855 2819 Sed
867 2757 894 2818 si
908 2774 970 2819 non
985 2757 1093 2816 eadem

59 2839 213 2901 contendit
231 2840 262 2900 in
284 2840 604 2916 tribunatuPlancius,
629 2841 803 2904 existimare
821 2842 917 2902 debes
939 2856 1000 2901 non
1023 2839 1093 2901 huic

57 2923 244 2982 voluntatem
261 2923 412 2996 defuisse,
433 2925 490 2984 sed
504 2940 568 2997 me,
590 2941 683 3000 quum
697 2933 813 2986 tantum
831 2925 890 2984 iam
902 2922 1025 2984 Plancio
1040 2923 1093 2983 de-

58 3003 171 3078 berem,
189 3002 296 3066 Racilii
309 3005 468 3067 beneficiis
483 3006 580 3068 luisse
597 3016 781 3069 contentum.
817 3004 867 3069 78.
882 3006 931 3066 An
945 3022 1020 3067 vero
1035 3020 1093 3082 pu·

58 3094 106 3146 tas
121 3087 235 3148 idcirco
250 3089 350 3150 minus
365 3089 484 3150 iudices
496 3105 565 3151 mea
582 3105 676 3151 causa
696 3091 841 3163 tacturos,
858 3086 942 3165 quod
956 3104 1005 3150 me
1020 3086 1093 3150 esse
1121 3140 1123 3145 .

58 3177 176 3245 gratum
188 3170 378 3234 crimineris?
397 3173 462 3247 An,
483 3189 575 3247 quum
595 3181 699 3248 patres
718 3171 883 3248 conscripti
899 3172 1092 3234 iltosenatos

57 3255 209 3329 consulto,
226 3255 353 3330 quadiu
371 3264 566 3316 monumento
580 3254 668 3316 illarii
683 3258 795 3318 lactum
809 3262 865 3332 est,
881 3270 942 3332 quo
958 3271 1028 3315 mea
1042 3269 1091 3314 sa·

56 3338 105 3395 lus
120 3335 262 3398 omnibus
276 3343 324 3398 est
339 3337 482 3412 gentibus
497 3339 723 3412 commendata,
743 3339 796 3400 uni
812 3338 864 3399 (ln.
881 3338 1006 3400 Plancio
1023 3351 1092 3412 gm-

56 3416 116 3479 tias
131 3420 227 3494 egerit
248 3452 286 3466 -
307 3435 388 3482 unus
401 3420 483 3482 enim
498 3422 554 3483 luit
564 3423 604 3481 de
617 3421 845 3509 magistratibus
857 3429 910 3483 aut
924 3436 982 3497 pro
996 3416 1090 3495 magt
