2340 3788
311 210 314 215 ’
410 236 510 296 cnr.
528 245 624 296 1-4.
646 241 782 302 s-n—c.
1085 240 1106 304 a

83 402 180 461 posse
205 384 357 458 obtinere,
381 388 521 446 damnato
544 393 574 446 et
594 385 692 445 eiecto
712 395 813 460 sperat
834 404 869 448 se
889 403 1000 463 posse,
1022 389 1105 464 quod

85 470 215 545 adeptus
238 479 286 530 est
309 485 365 544 per
388 469 504 543 scelus,
533 468 564 528 id
585 484 641 543 per
664 467 811 528 luxuriam
836 470 993 531 effundere
1013 479 1105 547 utque

89 566 276 613 consumere.
309 552 397 612 Hunc
423 551 482 611 sibi
509 567 547 610 ex
568 550 669 610 animo
691 554 880 627 scrupulum,
908 554 1014 628 quise
1037 554 1104 615 dies

90 642 254 710 noctesque
280 633 411 695 stimulat
432 651 468 694 ac
488 632 609 710 pungit,
635 641 668 693 ut
688 633 824 694 evellatis
842 639 990 710 postulat,
1011 644 1045 697 nt
1065 638 1104 697 ad

48 764 50 773 .
90 715 161 777 han'c
182 732 270 777 suam
291 718 436 792 praedam
456 724 518 777 tam
539 715 685 777 nefariam
707 715 861 777 adiutores
881 736 938 781 vos
963 721 1103 794 profitea-

48 792 60 881 t
94 798 165 863 nini.
208 797 238 862 7.
262 799 295 859 si
314 799 403 861 vobis
419 816 519 876 aequa
536 808 566 861 et
580 799 709 861 honesta
722 801 887 876 postulatio
903 801 1035 877 videtur,
1059 802 1104 864 iu·

48 886 56 963 ζ’
98 880 184 955 dices,
205 898 263 957 ego
291 891 396 943 contra
417 884 541 943 brevem
561 881 795 959 postulationem
819 883 940 954 adlero;
963 891 1007 957 et,
1028 900 1103 960 quo·

49 968 61 997 ²
98 965 271 1033 nodomibi
292 967 481 1040 persuadeo,
501 965 654 1041 aliquanto
676 967 862 1042 aequiorem.
904 966 954 1025 ΙΙΙ.
974 964 1104 1027 Primum

48 1039 64 1059 ¹
102 1047 318 1127 amrysogono
333 1057 404 1123 peto
420 1057 453 1110 ut
466 1049 596 1124 pecunia
611 1051 800 1125 fortunisque
815 1048 928 1111 nostris
944 1057 1104 1111 contentus

102 1128 141 1202 sit,
161 1131 338 1207 sanguinem
359 1142 389 1193 et
409 1132 499 1193 vitam
516 1150 554 1193 ne
568 1140 670 1208 petat=
693 1132 803 1194 deinde
819 1149 838 1192 a
852 1131 956 1206 vobis,
977 1131 1104 1207 iudices,

48 1188 65 1299 ¹}
103 1215 293 1275 mandacium
311 1215 419 1275 sceleri
434 1215 600 1290 resistatis,
622 1215 826 1278 innocentium
846 1215 1043 1277 calamitatem
1060 1216 1103 1275 le-

48 1298 64 1378 ζῗ
103 1296 163 1359 vetis
183 1308 213 1358 et
232 1298 263 1358 in
278 1313 372 1359 causa
388 1299 460 1359 Sex.
475 1299 579 1359 Roscii
595 1299 777 1378 periculum,
793 1300 876 1376 quod
890 1298 920 1359 in
939 1314 1045 1375 omqes
1059 1298 1102 1357 in-

48 1382 62 1459 ῗ
102 1379 228 1456 tenditur,
243 1383 440 1457 propulsetis.
467 1379 497 1443 8.
513 1381 628 1455 Quodsi
643 1391 694 1443 aut
708 1399 802 1443 causa
819 1381 950 1443 criminis
965 1392 1017 1443 aut
1031 1381 1102 1445 lacti

48 1460 61 1495 ¹
103 1462 218 1539 suspicio
241 1471 293 1526 aut
315 1465 467 1540 quaelibet
486 1465 619 1540 denique
640 1467 689 1525 vel
709 1464 831 1526 minima
853 1481 903 1526 res
923 1465 1100 1541 reperietur,

48 1552 60 1577 ·’
103 1547 277 1617 quamobrem
298 1547 459 1610 videantur
477 1547 520 1608 illi
539 1547 675 1608 nonnihil
696 1556 795 1609 tamen
817 1548 848 1608 in
863 1549 1028 1610 deserendo
1045 1565 1100 1608 no·
1159 1594 1163 1603 .

48 1621 58 1662 ²
100 1626 163 1689 nine
179 1629 290 1704 secuti,
312 1639 467 1706 postremo
485 1630 512 1691 si
528 1640 646 1707 praeter
660 1647 727 1691 eam
740 1633 900 1708 praedam,
924 1649 1013 1709 quam
1027 1630 1100 1704 dixi,

48 1720 57 1728 '
100 1710 248 1788 quidquam
262 1714 344 1774 aliud
359 1730 471 1775 causae
484 1714 674 1788 inveneritis,
688 1730 750 1775 non
761 1730 939 1776 recusamus
952 1714 1024 1790 quin
1035 1714 1100 1774 illo·

48 1788 56 1830 Ξ
96 1808 147 1855 mm
164 1794 283 1856 libidini
298 1796 371 1856 Sex.
385 1796 491 1856 Roscii
505 1795 718 1855 vita'dedatur.
747 1796 800 1855 Sin
820 1797 901 1857 aliud
915 1799 1012 1872 agitur
1028 1796 1100 1855 nihil

48 1855 54 1912 ¹
96 1874 140 1939 riti
153 1887 188 1939 ut
203 1877 242 1937 iis
257 1893 296 1938 ne
314 1877 388 1952 quid
402 1877 496 1949 desit,
513 1876 623 1951 quibus
635 1877 709 1937 satis
723 1877 796 1937 nihil
811 1889 871 1948 est3
888 1877 914 1938 si
927 1880 987 1938 hoc
1003 1879 1101 1938 solum

48 1983 52 1999 ·
94 1958 139 2021 loc
154 1970 298 2034 tempore
318 1968 484 2035 pugnatur,
504 1968 537 2021 ut
556 1961 595 2020 ad
610 1958 690 2020 illam
708 1960 838 2034 opimam
852 1963 1101 2036 praeclaramque

48 2053 50 2060 '
91 2044 223 2118 paedom
241 2042 391 2104 damnatio
405 2043 475 2104 Sex.
485 2042 683 2104 Roscii‘velut
694 2044 832 2104 cumulus
847 2043 988 2120 accedat,
1000 2059 1101 2106 nonne

90 2140 171 2203 quum
191 2128 286 2186 multo
307 2125 431 2203 indigna
450 2136 513 2188 tum
533 2127 583 2187 rel
607 2126 666 2187 hoc
688 2126 930 2203 indignissimum
953 2136 1013 2199 est,
1043 2142 1100 2188 vos

88 2206 210 2272 idoneos
235 2209 370 2285 habitos,
396 2226 454 2287 per
475 2226 603 2286 quorum
624 2210 789 2271 sententias
810 2210 919 2286 iusque
939 2209 1099 2271 iurandum

85 2290 110 2353 id
131 2294 357 2369 adsequantur,
385 2295 468 2370 quod
492 2301 580 2354 antea
602 2293 663 2370 ipsi
681 2295 796 2356 scelere
821 2303 851 2355 et
871 2296 950 2356 lerro
970 2290 1099 2369 adsequi

85 2383 286 2439 consuerunt?
316 2375 367 2451 qui
390 2394 428 2438 ex
446 2375 566 2438 civitate
579 2377 609 2437 in
625 2386 761 2438 senatum
776 2386 901 2454 propter
915 2377 1096 2453 dignitatem,

83 2467 248 2521 exsenatu
270 2458 301 2519 in
320 2459 380 2521 boc
401 2459 561 2520 consilium
582 2460 690 2521 delecti
710 2460 784 2522 estis
807 2469 934 2537 propter
954 2459 1098 2522 severita-

81 2550 153 2618 tem,
178 2542 219 2602 ab
239 2541 286 2602 bis
304 2542 364 2604 hoc
378 2544 534 2620 postulare
547 2543 686 2604 homines
704 2542 831 2604 sicarios
846 2552 937 2618 atque
952 2541 1099 2618 gladiato·

79 2640 142 2700 res,
163 2642 228 2687 non
246 2627 337 2686 modo
349 2635 382 2687 ut
402 2624 553 2701 supplicia
572 2624 678 2699 vitent,
706 2642 784 2702 quac
803 2644 822 2685 a
844 2626 932 2687 vobis
955 2639 1012 2699 pro
1035 2637 1098 2680 ma-

79 2708 185 2770 leficiis
214 2709 278 2769 suis
303 2717 437 2769 metuere
462 2717 553 2783 atque
573 2708 697 2769 horrere
719 2709 845 2782 debent,
875 2723 982 2766 verum
1009 2703 1098 2764 etiam

78 2798 108 2852 ut
132 2786 245 2868 spoliis
274 2808 314 2851 ex
335 2792 395 2852 hoe
417 2789 530 2852 iudicio
553 2793 648 2852 ornati
668 2791 809 2867 auctique
834 2789 1013 2848 discedant?
1044 2790 1096 2848 IV.

78 2873 105 2935 c.
124 2874 183 2935 His
211 2873 364 2935 derebus
390 2872 480 2935 tantis
507 2882 627 2949 tamque
651 2873 805 2934 atrocibus
829 2888 929 2947 neque
956 2872 1028 2933 satis
1049 2889 1096 2933 me

79 2957 240 3018 commode
261 2957 363 3017 dicere
384 2973 484 3032 neque
500 2956 574 3017 satis
595 2957 725 3031 graviter
740 2954 885 3029 conqueri
907 2971 1007 3032 neque
1022 2956 1096 3016 satis

79 3040 170 3101 libere
198 3039 360 3100 vociferari
385 3057 480 3115 posse
507 3040 650 3114 intelligo.
692 3040 767 3098 Nam
788 3038 990 3102 commoditati
1013 3042 1097 3114 inge·

79 3124 172 3198 nium,
198 3123 339 3198 gravitmi
358 3130 458 3197 aetas,
481 3122 609 3184 libertati
629 3131 766 3197 tempora
784 3130 854 3182 sunt
872 3120 1096 3199 impedimento.

79 3205 140 3267 linc
161 3206 284 3268 accedit
304 3223 439 3267 summus
460 3205 563 3278 timor,
594 3222 683 3281 quem
708 3204 781 3264 mihi
808 3214 913 3267 natura
935 3207 1096 3282 pudorque

79 3304 161 3351 meus
190 3289 325 3350 attribuit
349 3299 379 3350 et
405 3299 506 3349 vestra
535 3288 665 3364 dignitas
687 3297 717 3349 et
737 3287 782 3350 vis
803 3289 1044 3350 adversariorum
1068 3293 1098 3345 et

80 3369 146 3433 Sex.
166 3370 275 3435 Roscii
294 3374 438 3447 pericula.
480 3371 669 3449 Quapropter
688 3388 745 3434 vos
768 3389 821 3435 oro
846 3380 937 3447 atque
959 3371 1096 3440 obsecro,

79 3451 211 3530 indices,
232 3463 268 3516 ut
289 3463 400 3516 attente
422 3456 564 3531 bonaque
579 3472 646 3516 cum
661 3455 751 3518 venia
766 3455 864 3519 uerba
875 3471 950 3516 mea
963 3450 1112 3515 audiatis.

883 3557 940 3622 l*
