2340 3788
315 189 768 254 enr.r>4-ec..s.1n-rro.
991 193 1055 263 287

28 343 98 400 dem
118 349 148 399 et
163 340 328 413 palmarum
340 337 472 400 intentus
488 347 518 398 et
532 337 759 398 maledictorum
771 339 932 400 clamorem
945 358 1051 403 omnes

25 423 237 500 profuderunt.
260 420 330 483 118.
354 419 415 481 Sed
432 421 504 496 quid
517 437 574 494 ego
589 419 697 495 populi
707 420 835 480 Romani
849 425 980 483 animum
993 425 1050 484 vir-

26 516 184 578 tutemque
204 521 408 565 commemoro
428 505 594 564 libertatem
614 503 674 563 iarn
695 519 733 561 ex
751 504 890 563 diuturna
905 509 1050 569 servitute

26 587 234 663 dispicimus,
260 588 290 647 in
305 604 342 648 co
360 588 497 657 bomine,
522 585 570 646 cui
585 595 647 645 tum
664 586 779 659 petenti
796 585 855 645 iam
869 589 1051 651 aedilitatem
1154 605 1160 616 ’

26 689 66 732 ne
97 668 261 731 histriones
292 670 414 746 quidem
440 685 541 729 coram
576 668 694 729 sedenti
721 677 943 742 pepercerunt?
977 673 1051 733 Nam

27 770 123 830 quum
144 762 283 827 ageretur
306 761 421 827 togata,
449 751 616 822 simulans,
644 760 676 831 ut
697 751 821 824 opinor,
848 761 970 815 caterua
989 762 1052 815 tota

27 835 197 899 clarissima
214 837 413 896 concentione
428 835 458 894 in
474 852 527 895 ore
541 835 651 911 impuri
662 834 792 895 hominis
806 836 965 894 imminens
978 853 1051 898 con-

26 924 143 982 tionata
153 928 216 979 est:
231 921 309 980 Huic
322 923 398 980 vitoe
407 927 534 979 tuae.....
544 925 587 978 et:
666 919 882 993 Postprr’rwr’pr'o
895 926 982 994 aque
988 925 1051 981 exi-
1136 921 1140 928 “

26 1013 74 1064 tus
88 1006 207 1063 melosae
219 1001 313 1062 uitae!
443 1000 576 1061 Sedebat
593 1001 797 1061 exanimatus:
819 1010 849 1061 et
863 1000 905 1074 is,
927 1002 979 1076 qui
998 1020 1051 1061 an-

26 1096 78 1147 tea
106 1094 261 1148 cantorum
286 1084 426 1144 convicio
453 1084 610 1144 condones
640 1085 793 1143 celebrare
823 1101 897 1144 suas
924 1086 1050 1158 solebat,
1112 1146 1115 1152 Α

29 1175 187 1228 cantorum
208 1167 344 1242 ipsorum
365 1168 494 1228 vocibus
517 1167 702 1227 eliciebatur.
743 1168 780 1227 Et
806 1167 948 1242 quoniam
973 1171 1052 1230 lacta

26 1251 142 1312 mentio
158 1260 205 1312 est
219 1251 373 1324 ludorum,
395 1267 434 1311 ne
448 1251 521 1310 illud
537 1251 659 1325 quidem
673 1252 920 1325 praetermittam,
941 1251 971 1310 in
988 1269 1051 1312 nra·

26 1352 89 1412 gna
106 1337 247 1395 varietate
263 1333 478 1395 sententiarum
493 1340 657 1410 numquam
673 1334 767 1395 ullum
783 1333 879 1395 luisse
895 1336 1004 1409 locum,
1020 1336 1050 1396 in

29 1434 92 1493 quo
110 1416 224 1493 aliquid
241 1422 364 1494 epacta
379 1418 496 1481 dictum,
508 1419 616 1478 cadere
633 1418 664 1476 in
681 1426 801 1493 tempus
814 1426 951 1479 nostrum
968 1419 1051 1479 vide-

25 1509 112 1560 retur
134 1504 216 1576 quod
241 1511 292 1563 aut
315 1503 462 1578 populum
485 1504 660 1562 universum
676 1502 793 1574 lugeret
807 1509 858 1562 aut
875 1518 935 1562 non
951 1503 1051 1577 expri-

26 1592 125 1644 meret
149 1585 216 1659 ipse
239 1594 332 1646 actor.
361 1583 441 1647 119.
469 1586 520 1656 Et,
537 1600 668 1658 quaeso,
691 1583 751 1643 hoe
772 1583 803 1644 in
818 1586 902 1655 loco,
923 1584 1050 1658 iudicer,

26 1683 68 1726 ne
84 1684 146 1740 qua
166 1668 286 1728 levitate
303 1685 352 1726 me
373 1670 496 1728 ductum
517 1668 556 1726 ad
576 1666 731 1726 insolitum
745 1682 841 1740 genus
856 1667 977 1726 dicendi
992 1670 1052 1728 labi

24 1750 157 1826 putetis,
175 1749 254 1809 side
269 1749 383 1823 poetis,
400 1752 439 1809 de
454 1748 666 1820 histrionibus,
692 1748 822 1807 deludis
836 1749 866 1807 in
882 1749 993 1809 iudicio
1008 1753 1051 1810 lo·
1075 1778 1082 1785 ν

51 1845 116 1891 uer.
143 1885 145 1888 .

26 1854 48 1908 q
113 1911 190 1968 LVl.
218 1912 284 1970 Non
301 1927 367 1970 sum
383 1919 443 1971 tam
464 1910 604 1985 ignarus,
629 1910 762 1983 iudices,
792 1928 968 1984 causarum,
991 1930 1051 1972 nou

26 2009 90 2059 tam
108 1994 245 2054 insolens
260 1994 450 2067 indicendo,
475 2004 509 2055 ut
526 1995 607 2054 omni
628 2011 667 2055 ex
689 2011 802 2069 genere
819 1996 984 2054 orationem
998 2012 1051 2055 au-

28 2095 127 2154 cuper
148 2088 178 2138 et
199 2093 304 2138 omnes
325 2078 460 2152 undique
479 2077 628 2139 flosculos
655 2094 777 2154 carpam
798 2087 889 2153 atque
913 2079 1051 2138 delibem.
1089 2107 1091 2117 ·

31 2164 103 2223 Scio
120 2161 193 2235 quid
211 2161 347 2241 gravitas
368 2170 484 2233 vestra,
513 2162 587 2236 quid
606 2162 682 2223 haec
703 2163 880 2233 advocatio,
905 2161 978 2237 quid
1002 2161 1055 2222 llle

31 2254 215 2316 conventus,
236 2245 309 2320 quid
324 2243 454 2320 dignitas
469 2246 501 2304 P.
516 2245 622 2320 Sestii,
638 2246 712 2321 quid
728 2245 854 2320 periculi
868 2246 1052 2321 magnitudo,

31 2329 105 2404 quid
120 2337 220 2401 aetas,
239 2329 311 2404 quid
326 2329 426 2388 honos
437 2345 523 2390 meus
539 2331 682 2404 postulet.
705 2329 767 2389 Sed
778 2328 850 2388 milri
863 2329 980 2405 sumpsi
993 2329 1052 2390 hoc

29 2414 99 2471 loco
118 2412 285 2472 doctrinam
309 2412 471 2486 quamdam
490 2413 653 2485 iuventuti,
685 2413 737 2487 qui
757 2421 861 2473 essent
881 2413 1052 2488 optimates.
1148 2424 1150 2426 ·

28 2496 63 2554 ln
91 2511 128 2554 ea
152 2496 335 2570 explicanda
356 2496 624 2557 demonstrandum
645 2505 774 2556 estnon
796 2511 866 2556 esse
886 2498 1052 2571 populares

31 2594 137 2637 omnes
153 2595 222 2649 eos,
242 2577 294 2654 qui
309 2586 459 2653 putentur.
480 2581 515 2639 ld
530 2579 670 2639 facillime
682 2595 869 2653 consequar,
881 2580 908 2638 si
919 2577 1053 2639 universi

29 2661 139 2734 populi
152 2661 295 2722 iudicium
312 2678 416 2721 verum
433 2670 463 2723 et
483 2662 690 2737 incorruptum
708 2671 737 2722 et
756 2662 783 2722 si
803 2661 925 2721 intimos
940 2677 1052 2721 sensus
1124 2672 1133 2681 ‘

31 2743 159 2804 civitatis
172 2761 366 2819 expressero.
395 2744 465 2809 120.
482 2746 559 2819 Quid
577 2746 632 2805 luit
645 2745 732 2818 illud,
750 2746 833 2820 quod
846 2744 960 2804 recenti
978 2760 1054 2802 nun·

32 2826 82 2885 cio
98 2828 136 2886 dc
148 2828 199 2886 illo
216 2837 345 2889 senatus
359 2831 514 2902 consulto,
528 2830 612 2904 quod
627 2829 738 2888 factum
753 2837 800 2889 est
814 2828 970 2903 intemplo
984 2826 1052 2885 Vir·

30 2908 117 2981 tutis,
134 2913 173 2969 ad
189 2913 276 2972 ludos
292 2928 496 2986 scaenamque
514 2912 646 2987 perlato,
662 2928 813 2972 consessu
828 2910 958 2970 maximo
972 2927 1053 2970 surn-

30 3009 99 3052 mus
114 2994 222 3053 artilex
237 3005 267 3055 et
283 2995 454 3057 mehercule
471 3012 593 3070 semper
607 2994 737 3069 pardum
753 2995 783 3055 in
804 3012 837 3054 re
853 2992 975 3068 publica
992 3003 1052 3054 tarn

32 3091 123 3149 quam
141 3077 171 3135 in
187 3092 299 3138 scaena
314 3079 508 3153 optimarum,
524 3078 602 3138 ilens
617 3086 647 3138 et
660 3078 774 3137 recenti
789 3077 900 3138 laetitia
915 3084 945 3136 et
958 3075 1054 3137 mixto

31 3160 139 3220 dolore
159 3177 195 3219 ac
211 3162 363 3223 desiderio
378 3162 453 3232 mei,
478 3161 539 3237 egit
557 3163 596 3221 ad
613 3162 759 3236 populum
774 3163 943 3221 Romanum
958 3163 1051 3219 multo
1076 3160 1081 3165 ”

30 3242 221 3315 gravioribus
239 3244 338 3305 verbis
351 3261 449 3305 meam
464 3261 596 3316 causam,
616 3261 705 3318 quarn
720 3253 839 3318 egomet
854 3244 892 3304 de
903 3259 951 3303 me
962 3257 1053 3316 agere

30 3325 224 3398 potuissene
247 3325 361 3406 Summi
378 3328 456 3387 enim
474 3331 582 3402 poetae
605 3327 758 3402 ingenium
783 3343 843 3386 non
867 3328 965 3388 solum
988 3333 1053 3383 arte

30 3425 97 3482 suu,
111 3410 167 3468 scd
179 3409 268 3471 etiam
278 3410 384 3470 dolore
396 3412 622 3487 exprimebat.†
634 3411 699 3484 Qua
710 3410 805 3471 enim:
816 3414 868 3487 qm‘
879 3426 942 3471 rem
949 3407 1053 3484 publi-
