<?xml version="1.0" encoding="UTF-8"?>
<!DOCTYPE html PUBLIC "-//W3C//DTD XHTML 1.0 Transitional//EN"
    "http://www.w3.org/TR/xhtml1/DTD/xhtml1-transitional.dtd">
<html xmlns="http://www.w3.org/1999/xhtml" xml:lang="en" lang="en">
 <head>
  <title>
</title>
<meta http-equiv="Content-Type" content="text/html;charset=utf-8" />
  <meta name='ocr-system' content='tesseract 3.04.00' />
  <meta name='ocr-capabilities' content='ocr_page ocr_carea ocr_par ocr_line ocrx_word'/>
</head>
<body>
  <div class='ocr_page' id='page_1' title='image "./orationesselect01cicegoog_0350.png"; bbox 0 0 2340 3788; ppageno 0'>
   <div class='ocr_carea' id='block_1_1' title="bbox 356 156 1080 258">
    <p class='ocr_par' dir='ltr' id='par_1_1' title="bbox 356 156 1080 258">
     <span class='ocr_line' id='line_1_1' title="bbox 356 156 1080 258; baseline 0.008 -6"><span class='ocrx_word' id='word_1_1' title='bbox 356 173 777 257; x_wconf 34' lang='lat' dir='ltr'><strong>clathrata-sa</strong></span> <span class='ocrx_word' id='word_1_2' title='bbox 884 192 896 209; x_wconf 75' lang='lat'><strong>¹·</strong></span> <span class='ocrx_word' id='word_1_3' title='bbox 947 156 950 163; x_wconf 37' lang='lat'>¹</span> <span class='ocrx_word' id='word_1_4' title='bbox 1018 192 1080 258; x_wconf 79' lang='lat'><strong>³15</strong></span> 
     </span>
    </p>
   </div>
   <div class='ocr_carea' id='block_1_2' title="bbox 51 341 1092 3494">
    <p class='ocr_par' dir='ltr' id='par_1_2' title="bbox 51 341 1092 3494">
     <span class='ocr_line' id='line_1_2' title="bbox 61 341 1092 425; baseline -0.007 -15"><span class='ocrx_word' id='word_1_5' title='bbox 61 350 135 425; x_wconf 91' lang='lat' dir='ltr'><strong>quid</strong></span> <span class='ocrx_word' id='word_1_6' title='bbox 148 344 379 420; x_wconf 71' lang='lat' dir='ltr'><strong>tergiversaris?</strong></span> <span class='ocrx_word' id='word_1_7' title='bbox 396 341 493 402; x_wconf 85' lang='lat' dir='ltr'><strong>Etiam</strong></span> <span class='ocrx_word' id='word_1_8' title='bbox 508 350 600 417; x_wconf 89' lang='lat' dir='ltr'><strong>atque</strong></span> <span class='ocrx_word' id='word_1_9' title='bbox 611 343 700 402; x_wconf 90' lang='lat' dir='ltr'><strong>etiam</strong></span> <span class='ocrx_word' id='word_1_10' title='bbox 716 343 795 402; x_wconf 92' lang='lat' dir='ltr'><strong>insto</strong></span> <span class='ocrx_word' id='word_1_11' title='bbox 811 350 902 419; x_wconf 79' lang='lat' dir='ltr'><strong>atque</strong></span> <span class='ocrx_word' id='word_1_12' title='bbox 916 343 1092 420; x_wconf 73' lang='lat' dir='ltr'><strong>urgeo,‘in··</strong></span> 
     </span>
     <span class='ocr_line' id='line_1_3' title="bbox 61 423 1084 503; baseline -0.005 -10"><span class='ocrx_word' id='word_1_13' title='bbox 61 439 176 502; x_wconf 90' lang='lat' dir='ltr'><strong>sector,</strong></span> <span class='ocrx_word' id='word_1_14' title='bbox 202 443 298 503; x_wconf 88' lang='lat' dir='ltr'><strong>posco</strong></span> <span class='ocrx_word' id='word_1_15' title='bbox 318 435 411 500; x_wconf 88' lang='lat' dir='ltr'><strong>atque</strong></span> <span class='ocrx_word' id='word_1_16' title='bbox 430 426 509 488; x_wconf 90' lang='lat' dir='ltr'><strong>adeo</strong></span> <span class='ocrx_word' id='word_1_17' title='bbox 524 423 627 498; x_wconf 80' lang='lat' dir='ltr'><strong>flagito</strong></span> <span class='ocrx_word' id='word_1_18' title='bbox 651 426 779 485; x_wconf 80' lang='lat' dir='ltr'><strong>crimen:</strong></span> <span class='ocrx_word' id='word_1_19' title='bbox 795 441 1017 501; x_wconf 81' lang='lat' dir='ltr'><strong>quamcumque</strong></span> <span class='ocrx_word' id='word_1_20' title='bbox 1032 429 1084 488; x_wconf 91' lang='lat' dir='ltr'><strong>tri·</strong></span> 
     </span>
     <span class='ocr_line' id='line_1_4' title="bbox 59 507 1083 585; baseline -0.004 -9"><span class='ocrx_word' id='word_1_21' title='bbox 59 519 140 585; x_wconf 89' lang='lat' dir='ltr'><strong>bum,</strong></span> <span class='ocrx_word' id='word_1_22' title='bbox 156 513 288 585; x_wconf 91' lang='lat' dir='ltr'><strong>inquam,</strong></span> <span class='ocrx_word' id='word_1_23' title='bbox 303 507 462 584; x_wconf 82' lang='lat' dir='ltr'><strong>delegeris,</strong></span> <span class='ocrx_word' id='word_1_24' title='bbox 481 523 579 582; x_wconf 66' lang='lat' dir='ltr'><strong>quam,</strong></span> <span class='ocrx_word' id='word_1_25' title='bbox 589 508 688 568; x_wconf 91' lang='lat' dir='ltr'><strong>tulerit</strong></span> <span class='ocrx_word' id='word_1_26' title='bbox 701 507 858 581; x_wconf 83' lang='lat' dir='ltr'><strong>Plancius,</strong></span> <span class='ocrx_word' id='word_1_27' title='bbox 877 519 907 570; x_wconf 93' lang='lat' dir='ltr'><strong>tu</strong></span> <span class='ocrx_word' id='word_1_28' title='bbox 923 512 1083 584; x_wconf 75' lang='lat' dir='ltr'><strong>ostendito,</strong></span> 
     </span>
     <span class='ocr_line' id='line_1_5' title="bbox 61 591 1085 673; baseline -0.003 -14"><span class='ocrx_word' id='word_1_29' title='bbox 61 600 87 659; x_wconf 90' lang='lat' dir='ltr'><strong>si</strong></span> <span class='ocrx_word' id='word_1_30' title='bbox 110 595 260 673; x_wconf 92' lang='lat' dir='ltr'><strong>potueris,</strong></span> <span class='ocrx_word' id='word_1_31' title='bbox 282 591 400 653; x_wconf 87' lang='lat' dir='ltr'><strong>vitium:</strong></span> <span class='ocrx_word' id='word_1_32' title='bbox 417 607 475 666; x_wconf 82' lang='lat' dir='ltr'><strong>ego</strong></span> <span class='ocrx_word' id='word_1_33' title='bbox 491 608 552 664; x_wconf 90' lang='lat' dir='ltr'><strong>qua</strong></span> <span class='ocrx_word' id='word_1_34' title='bbox 566 592 683 651; x_wconf 91' lang='lat' dir='ltr'><strong>ratione</strong></span> <span class='ocrx_word' id='word_1_35' title='bbox 707 592 804 652; x_wconf 90' lang='lat' dir='ltr'><strong>tulerit</strong></span> <span class='ocrx_word' id='word_1_36' title='bbox 817 592 946 652; x_wconf 80' lang='lat' dir='ltr'>docebo.</span> <span class='ocrx_word' id='word_1_37' title='bbox 980 595 1085 669; x_wconf 83' lang='lat' dir='ltr'><strong>Neque</strong></span> 
     </span>
     <span class='ocr_line' id='line_1_6' title="bbox 60 673 1084 750; baseline -0.003 -9"><span class='ocrx_word' id='word_1_38' title='bbox 60 682 116 741; x_wconf 90' lang='lat' dir='ltr'><strong>erit</strong></span> <span class='ocrx_word' id='word_1_39' title='bbox 129 681 204 738; x_wconf 88' lang='lat' dir='ltr'><strong>haec</strong></span> <span class='ocrx_word' id='word_1_40' title='bbox 219 675 368 738; x_wconf 80' lang='lat' dir='ltr'><strong>alienatio</strong></span> <span class='ocrx_word' id='word_1_41' title='bbox 385 673 506 733; x_wconf 89' lang='lat' dir='ltr'><strong>Plancio</strong></span> <span class='ocrx_word' id='word_1_42' title='bbox 521 689 558 732; x_wconf 88' lang='lat' dir='ltr'><strong>ae</strong></span> <span class='ocrx_word' id='word_1_43' title='bbox 572 674 634 747; x_wconf 90' lang='lat' dir='ltr'><strong>tibi,</strong></span> <span class='ocrx_word' id='word_1_44' title='bbox 648 674 831 735; x_wconf 79' lang='lat' dir='ltr'><strong>Laterensis.</strong></span> <span class='ocrx_word' id='word_1_45' title='bbox 866 675 940 734; x_wconf 87' lang='lat' dir='ltr'><strong>Nam</strong></span> <span class='ocrx_word' id='word_1_46' title='bbox 958 684 990 735; x_wconf 91' lang='lat' dir='ltr'><strong>ut</strong></span> <span class='ocrx_word' id='word_1_47' title='bbox 1007 694 1084 750; x_wconf 87' lang='lat' dir='ltr'><strong>quas</strong></span> 
     </span>
     <span class='ocr_line' id='line_1_7' title="bbox 62 756 1085 832; baseline -0.006 -7"><span class='ocrx_word' id='word_1_48' title='bbox 62 765 155 825; x_wconf 91' lang='lat' dir='ltr'><strong>tribus</strong></span> <span class='ocrx_word' id='word_1_49' title='bbox 171 771 203 822; x_wconf 88' lang='lat' dir='ltr'><strong>tu</strong></span> <span class='ocrx_word' id='word_1_50' title='bbox 214 757 317 832; x_wconf 89' lang='lat' dir='ltr'><strong>tulisti,</strong></span> <span class='ocrx_word' id='word_1_51' title='bbox 332 758 358 818; x_wconf 94' lang='lat' dir='ltr'><strong>si</strong></span> <span class='ocrx_word' id='word_1_52' title='bbox 372 757 487 826; x_wconf 84' lang='lat' dir='ltr'><strong>iamex</strong></span> <span class='ocrx_word' id='word_1_53' title='bbox 500 765 530 816; x_wconf 91' lang='lat' dir='ltr'><strong>te</strong></span> <span class='ocrx_word' id='word_1_54' title='bbox 544 756 704 830; x_wconf 81' lang='lat' dir='ltr'><strong>requiram,</strong></span> <span class='ocrx_word' id='word_1_55' title='bbox 718 760 822 831; x_wconf 90' lang='lat' dir='ltr'><strong>possis</strong></span> <span class='ocrx_word' id='word_1_56' title='bbox 838 774 967 832; x_wconf 90' lang='lat' dir='ltr'><strong>quorum</strong></span> <span class='ocrx_word' id='word_1_57' title='bbox 985 761 1085 819; x_wconf 91' lang='lat' dir='ltr'><strong>studio</strong></span> 
     </span>
     <span class='ocr_line' id='line_1_8' title="bbox 58 841 1085 919; baseline -0.009 -11"><span class='ocrx_word' id='word_1_58' title='bbox 58 847 162 909; x_wconf 89' lang='lat' dir='ltr'><strong>tuleris</strong></span> <span class='ocrx_word' id='word_1_59' title='bbox 177 845 342 919; x_wconf 86' lang='lat' dir='ltr'><strong>explicare,</strong></span> <span class='ocrx_word' id='word_1_60' title='bbox 358 841 404 900; x_wconf 89' lang='lat' dir='ltr'><strong>sie</strong></span> <span class='ocrx_word' id='word_1_61' title='bbox 418 857 475 916; x_wconf 82' lang='lat' dir='ltr'><strong>ego</strong></span> <span class='ocrx_word' id='word_1_62' title='bbox 491 841 550 900; x_wconf 85' lang='lat' dir='ltr'><strong>lroc</strong></span> <span class='ocrx_word' id='word_1_63' title='bbox 568 841 728 914; x_wconf 86' lang='lat' dir='ltr'><strong>contendo,</strong></span> <span class='ocrx_word' id='word_1_64' title='bbox 743 857 792 900; x_wconf 92' lang='lat' dir='ltr'><strong>me</strong></span> <span class='ocrx_word' id='word_1_65' title='bbox 806 841 859 901; x_wconf 88' lang='lat' dir='ltr'><strong>tibi</strong></span> <span class='ocrx_word' id='word_1_66' title='bbox 871 841 931 914; x_wconf 92' lang='lat' dir='ltr'><strong>ipsi</strong></span> <span class='ocrx_word' id='word_1_67' title='bbox 942 842 1085 902; x_wconf 76' lang='lat' dir='ltr'><strong>adversa.</strong></span> 
     </span>
     <span class='ocr_line' id='line_1_9' title="bbox 58 922 1061 1000; baseline -0.008 -9"><span class='ocrx_word' id='word_1_68' title='bbox 58 931 104 991; x_wconf 87' lang='lat' dir='ltr'><strong>rio</strong></span> <span class='ocrx_word' id='word_1_69' title='bbox 120 929 340 1000; x_wconf 89' lang='lat' dir='ltr'><strong>cuiuscumque</strong></span> <span class='ocrx_word' id='word_1_70' title='bbox 356 923 451 985; x_wconf 88' lang='lat' dir='ltr'><strong>tribus</strong></span> <span class='ocrx_word' id='word_1_71' title='bbox 466 922 613 983; x_wconf 91' lang='lat' dir='ltr'><strong>rationem</strong></span> <span class='ocrx_word' id='word_1_72' title='bbox 630 925 811 999; x_wconf 85' lang='lat' dir='ltr'><strong>poposceris</strong></span> <span class='ocrx_word' id='word_1_73' title='bbox 828 925 1025 985; x_wconf 88' lang='lat' dir='ltr'><strong>redditurum.</strong></span> <span class='ocrx_word' id='word_1_74' title='bbox 1058 978 1061 983; x_wconf 92' lang='lat'>.</span> 
     </span>
     <span class='ocr_line' id='line_1_10' title="bbox 120 1005 1086 1083; baseline -0.003 -12"><span class='ocrx_word' id='word_1_75' title='bbox 120 1013 184 1071; x_wconf 84' lang='lat' dir='ltr'><strong>XX.</strong></span> <span class='ocrx_word' id='word_1_76' title='bbox 209 1009 260 1070; x_wconf 79' lang='lat'><strong>49.</strong></span> <span class='ocrx_word' id='word_1_77' title='bbox 282 1008 344 1068; x_wconf 87' lang='lat' dir='ltr'><strong>Sed</strong></span> <span class='ocrx_word' id='word_1_78' title='bbox 365 1005 477 1066; x_wconf 87' lang='lat' dir='ltr'><strong>cursio</strong></span> <span class='ocrx_word' id='word_1_79' title='bbox 492 1013 572 1080; x_wconf 77' lang='lat' dir='ltr'><strong>agot</strong></span> <span class='ocrx_word' id='word_1_80' title='bbox 592 1007 680 1081; x_wconf 90' lang='lat' dir='ltr'><strong>quasi</strong></span> <span class='ocrx_word' id='word_1_81' title='bbox 700 1022 761 1066; x_wconf 89' lang='lat' dir='ltr'><strong>non</strong></span> <span class='ocrx_word' id='word_1_82' title='bbox 777 1007 906 1069; x_wconf 88' lang='lat' dir='ltr'><strong>comitiis</strong></span> <span class='ocrx_word' id='word_1_83' title='bbox 920 1007 980 1068; x_wconf 89' lang='lat' dir='ltr'><strong>iam</strong></span> <span class='ocrx_word' id='word_1_84' title='bbox 994 1025 1086 1083; x_wconf 92' lang='lat' dir='ltr'><strong>supe·</strong></span> 
     </span>
     <span class='ocr_line' id='line_1_11' title="bbox 58 1088 1087 1166; baseline -0.002 -12"><span class='ocrx_word' id='word_1_85' title='bbox 58 1096 190 1156; x_wconf 90' lang='lat' dir='ltr'><strong>rioribus</strong></span> <span class='ocrx_word' id='word_1_86' title='bbox 203 1092 242 1152; x_wconf 92' lang='lat' dir='ltr'><strong>sit</strong></span> <span class='ocrx_word' id='word_1_87' title='bbox 252 1091 392 1151; x_wconf 88' lang='lat' dir='ltr'><strong>Plancius</strong></span> <span class='ocrx_word' id='word_1_88' title='bbox 400 1088 577 1163; x_wconf 81' lang='lat' dir='ltr'><strong>designatus</strong></span> <span class='ocrx_word' id='word_1_89' title='bbox 591 1090 713 1150; x_wconf 88' lang='lat' dir='ltr'><strong>aedilis:</strong></span> <span class='ocrx_word' id='word_1_90' title='bbox 731 1107 810 1165; x_wconf 90' lang='lat' dir='ltr'><strong>quae</strong></span> <span class='ocrx_word' id='word_1_91' title='bbox 828 1090 949 1151; x_wconf 89' lang='lat' dir='ltr'><strong>comitia</strong></span> <span class='ocrx_word' id='word_1_92' title='bbox 959 1091 1087 1166; x_wconf 88' lang='lat' dir='ltr'><strong>primum</strong></span> 
     </span>
     <span class='ocr_line' id='line_1_12' title="bbox 58 1166 1087 1249; baseline -0.001 -12"><span class='ocrx_word' id='word_1_93' title='bbox 58 1166 289 1249; x_wconf 76' lang='lat' dir='ltr'><strong>liabere&#39;coepit</strong></span> <span class='ocrx_word' id='word_1_94' title='bbox 305 1173 413 1233; x_wconf 89' lang='lat' dir='ltr'><strong>consul</strong></span> <span class='ocrx_word' id='word_1_95' title='bbox 427 1189 520 1247; x_wconf 89' lang='lat' dir='ltr'><strong>quum</strong></span> <span class='ocrx_word' id='word_1_96' title='bbox 535 1173 674 1233; x_wconf 89' lang='lat' dir='ltr'><strong>omnibus</strong></span> <span class='ocrx_word' id='word_1_97' title='bbox 697 1174 726 1231; x_wconf 94' lang='lat' dir='ltr'><strong>in</strong></span> <span class='ocrx_word' id='word_1_98' title='bbox 745 1175 838 1235; x_wconf 89' lang='lat' dir='ltr'><strong>rebus</strong></span> <span class='ocrx_word' id='word_1_99' title='bbox 852 1190 970 1235; x_wconf 89' lang='lat' dir='ltr'><strong>summa</strong></span> <span class='ocrx_word' id='word_1_100' title='bbox 983 1184 1087 1236; x_wconf 91' lang='lat' dir='ltr'><strong>aucto·</strong></span> 
     </span>
     <span class='ocr_line' id='line_1_13' title="bbox 60 1256 1086 1331; baseline -0.002 -11"><span class='ocrx_word' id='word_1_101' title='bbox 60 1261 147 1320; x_wconf 88' lang='lat' dir='ltr'><strong>ritate</strong></span> <span class='ocrx_word' id='word_1_102' title='bbox 161 1267 223 1319; x_wconf 90' lang='lat' dir='ltr'><strong>tum</strong></span> <span class='ocrx_word' id='word_1_103' title='bbox 238 1258 344 1317; x_wconf 88' lang='lat' dir='ltr'><strong>harum</strong></span> <span class='ocrx_word' id='word_1_104' title='bbox 360 1257 494 1331; x_wconf 90' lang='lat' dir='ltr'><strong>ipsarum</strong></span> <span class='ocrx_word' id='word_1_105' title='bbox 508 1257 609 1330; x_wconf 84' lang='lat' dir='ltr'><strong>legum</strong></span> <span class='ocrx_word' id='word_1_106' title='bbox 624 1256 753 1318; x_wconf 87' lang='lat' dir='ltr'><strong>ambitus</strong></span> <span class='ocrx_word' id='word_1_107' title='bbox 767 1267 886 1318; x_wconf 81' lang='lat' dir='ltr'><strong>auctor:</strong></span> <span class='ocrx_word' id='word_1_108' title='bbox 909 1258 1018 1319; x_wconf 90' lang='lat' dir='ltr'><strong>deinde</strong></span> <span class='ocrx_word' id='word_1_109' title='bbox 1033 1259 1086 1318; x_wconf 92' lang='lat' dir='ltr'><strong>ha-</strong></span> 
     </span>
     <span class='ocr_line' id='line_1_14' title="bbox 58 1338 1088 1421; baseline 0.001 -18"><span class='ocrx_word' id='word_1_110' title='bbox 58 1345 133 1403; x_wconf 88' lang='lat' dir='ltr'><strong>bere</strong></span> <span class='ocrx_word' id='word_1_111' title='bbox 147 1339 249 1416; x_wconf 91' lang='lat' dir='ltr'><strong>coepit</strong></span> <span class='ocrx_word' id='word_1_112' title='bbox 265 1340 364 1401; x_wconf 91' lang='lat' dir='ltr'><strong>subito</strong></span> <span class='ocrx_word' id='word_1_113' title='bbox 380 1338 688 1421; x_wconf 29' lang='lat' dir='ltr'><strong>praeteraopinionem</strong></span> <span class='ocrx_word' id='word_1_114' title='bbox 704 1340 851 1415; x_wconf 88' lang='lat' dir='ltr'><strong>omnium,</strong></span> <span class='ocrx_word' id='word_1_115' title='bbox 865 1351 949 1402; x_wconf 91' lang='lat' dir='ltr'><strong>utne</strong></span> <span class='ocrx_word' id='word_1_116' title='bbox 964 1343 991 1402; x_wconf 93' lang='lat' dir='ltr'><strong>si</strong></span> <span class='ocrx_word' id='word_1_117' title='bbox 1006 1342 1088 1418; x_wconf 79' lang='lat' dir='ltr'><strong>cogi·</strong></span> 
     </span>
     <span class='ocr_line' id='line_1_15' title="bbox 59 1422 1087 1501; baseline -0.003 -15"><span class='ocrx_word' id='word_1_118' title='bbox 59 1435 155 1488; x_wconf 88' lang='lat' dir='ltr'><strong>lasset</strong></span> <span class='ocrx_word' id='word_1_119' title='bbox 167 1425 292 1500; x_wconf 91' lang='lat' dir='ltr'><strong>quidem</strong></span> <span class='ocrx_word' id='word_1_120' title='bbox 310 1423 413 1498; x_wconf 80' lang='lat' dir='ltr'><strong>largiri</strong></span> <span class='ocrx_word' id='word_1_121' title='bbox 428 1422 587 1499; x_wconf 86' lang='lat' dir='ltr'><strong>quispiam,</strong></span> <span class='ocrx_word' id='word_1_122' title='bbox 605 1424 726 1485; x_wconf 89' lang='lat' dir='ltr'><strong>daretur</strong></span> <span class='ocrx_word' id='word_1_123' title='bbox 740 1425 870 1500; x_wconf 91' lang='lat' dir='ltr'><strong>spatium</strong></span> <span class='ocrx_word' id='word_1_124' title='bbox 881 1427 1087 1501; x_wconf 87' lang='lat' dir='ltr'><strong>comparandi.</strong></span> 
     </span>
     <span class='ocr_line' id='line_1_16' title="bbox 57 1506 1087 1585; baseline 0.002 -17"><span class='ocrx_word' id='word_1_125' title='bbox 57 1512 192 1570; x_wconf 78' lang='lat' dir='ltr'><strong>vocatae</strong></span> <span class='ocrx_word' id='word_1_126' title='bbox 203 1508 309 1580; x_wconf 89' lang='lat' dir='ltr'><strong>tribus,</strong></span> <span class='ocrx_word' id='word_1_127' title='bbox 321 1510 413 1568; x_wconf 91' lang='lat' dir='ltr'><strong>latum</strong></span> <span class='ocrx_word' id='word_1_128' title='bbox 420 1506 608 1581; x_wconf 80' lang='lat' dir='ltr'><strong>suffragium,</strong></span> <span class='ocrx_word' id='word_1_129' title='bbox 618 1507 764 1580; x_wconf 90' lang='lat' dir='ltr'><strong>diribitae,</strong></span> <span class='ocrx_word' id='word_1_130' title='bbox 774 1509 983 1570; x_wconf 69' lang='lat' dir='ltr'><strong>renunciatum</strong></span> <span class='ocrx_word' id='word_1_131' title='bbox 996 1510 1087 1585; x_wconf 82' lang='lat' dir='ltr'><strong>longe</strong></span> 
     </span>
     <span class='ocr_line' id='line_1_17' title="bbox 57 1589 1088 1668; baseline -0.001 -15"><span class='ocrx_word' id='word_1_132' title='bbox 57 1592 219 1668; x_wconf 86' lang='lat' dir='ltr'><strong>plurimum</strong></span> <span class='ocrx_word' id='word_1_133' title='bbox 234 1591 329 1651; x_wconf 91' lang='lat' dir='ltr'><strong>valuit</strong></span> <span class='ocrx_word' id='word_1_134' title='bbox 341 1592 496 1655; x_wconf 79' lang='lat' dir='ltr'><strong>Plancius:</strong></span> <span class='ocrx_word' id='word_1_135' title='bbox 516 1591 599 1650; x_wconf 92' lang='lat' dir='ltr'><strong>nulla</strong></span> <span class='ocrx_word' id='word_1_136' title='bbox 620 1589 786 1664; x_wconf 78' lang='lat' dir='ltr'><strong>largitionis</strong></span> <span class='ocrx_word' id='word_1_137' title='bbox 802 1609 858 1652; x_wconf 90' lang='lat' dir='ltr'><strong>nec</strong></span> <span class='ocrx_word' id='word_1_138' title='bbox 875 1593 931 1653; x_wconf 89' lang='lat' dir='ltr'><strong>luit</strong></span> <span class='ocrx_word' id='word_1_139' title='bbox 944 1610 1001 1653; x_wconf 89' lang='lat' dir='ltr'><strong>nec</strong></span> <span class='ocrx_word' id='word_1_140' title='bbox 1016 1609 1088 1654; x_wconf 88' lang='lat' dir='ltr'><strong>esse</strong></span> 
     </span>
     <span class='ocr_line' id='line_1_18' title="bbox 57 1673 1087 1751; baseline -0.003 -14"><span class='ocrx_word' id='word_1_141' title='bbox 57 1677 156 1751; x_wconf 91' lang='lat' dir='ltr'><strong>potuit</strong></span> <span class='ocrx_word' id='word_1_142' title='bbox 170 1673 317 1749; x_wconf 87' lang='lat' dir='ltr'><strong>suspicio.</strong></span> <span class='ocrx_word' id='word_1_143' title='bbox 338 1675 398 1734; x_wconf 88' lang='lat' dir='ltr'><strong>Ain</strong></span> <span class='ocrx_word' id='word_1_144' title='bbox 412 1675 556 1734; x_wconf 72' lang='lat' dir='ltr'><strong>tandem?</strong></span> <span class='ocrx_word' id='word_1_145' title='bbox 569 1689 631 1731; x_wconf 90' lang='lat' dir='ltr'><strong>una</strong></span> <span class='ocrx_word' id='word_1_146' title='bbox 644 1676 779 1734; x_wconf 91' lang='lat' dir='ltr'><strong>centuria</strong></span> <span class='ocrx_word' id='word_1_147' title='bbox 795 1677 1007 1749; x_wconf 82' lang='lat' dir='ltr'><strong>praerogativa</strong></span> <span class='ocrx_word' id='word_1_148' title='bbox 1021 1686 1087 1738; x_wconf 91' lang='lat' dir='ltr'><strong>tan·</strong></span> 
     </span>
     <span class='ocr_line' id='line_1_19' title="bbox 56 1756 1089 1831; baseline -0.001 -12"><span class='ocrx_word' id='word_1_149' title='bbox 56 1759 226 1819; x_wconf 83' lang='lat' dir='ltr'><strong>tum&#39;habet</strong></span> <span class='ocrx_word' id='word_1_150' title='bbox 247 1756 448 1827; x_wconf 91' lang='lat' dir='ltr'><strong>auctoritatis,</strong></span> <span class='ocrx_word' id='word_1_151' title='bbox 468 1765 500 1814; x_wconf 91' lang='lat' dir='ltr'><strong>ut</strong></span> <span class='ocrx_word' id='word_1_152' title='bbox 521 1771 609 1814; x_wconf 88' lang='lat' dir='ltr'><strong>nemo</strong></span> <span class='ocrx_word' id='word_1_153' title='bbox 629 1772 778 1829; x_wconf 81' lang='lat' dir='ltr'><strong>umquam.</strong></span> <span class='ocrx_word' id='word_1_154' title='bbox 798 1758 882 1831; x_wconf 91' lang='lat' dir='ltr'><strong>prior</strong></span> <span class='ocrx_word' id='word_1_155' title='bbox 902 1774 969 1816; x_wconf 88' lang='lat' dir='ltr'><strong>eam</strong></span> <span class='ocrx_word' id='word_1_156' title='bbox 989 1759 1089 1819; x_wconf 88' lang='lat' dir='ltr'><strong>tulerit</strong></span> 
     </span>
     <span class='ocr_line' id='line_1_20' title="bbox 59 1836 1089 1917; baseline 0 -17"><span class='ocrx_word' id='word_1_157' title='bbox 59 1841 132 1917; x_wconf 92' lang='lat' dir='ltr'><strong>quin</strong></span> <span class='ocrx_word' id='word_1_158' title='bbox 152 1838 347 1899; x_wconf 88' lang='lat' dir='ltr'><strong>renunciatus</strong></span> <span class='ocrx_word' id='word_1_159' title='bbox 369 1838 409 1897; x_wconf 88' lang='lat' dir='ltr'><strong>sit</strong></span> <span class='ocrx_word' id='word_1_160' title='bbox 427 1845 479 1897; x_wconf 94' lang='lat' dir='ltr'><strong>aut</strong></span> <span class='ocrx_word' id='word_1_161' title='bbox 498 1836 536 1897; x_wconf 94' lang='lat' dir='ltr'><strong>iis</strong></span> <span class='ocrx_word' id='word_1_162' title='bbox 552 1836 628 1910; x_wconf 89' lang='lat' dir='ltr'><strong>ipsis</strong></span> <span class='ocrx_word' id='word_1_163' title='bbox 651 1837 781 1898; x_wconf 90' lang='lat' dir='ltr'><strong>comitiis</strong></span> <span class='ocrx_word' id='word_1_164' title='bbox 804 1840 1017 1900; x_wconf 87' lang='lat' dir='ltr'><strong>consularibus</strong></span> <span class='ocrx_word' id='word_1_165' title='bbox 1037 1849 1089 1900; x_wconf 90' lang='lat' dir='ltr'><strong>aut</strong></span> 
     </span>
     <span class='ocr_line' id='line_1_21' title="bbox 58 1920 1085 1984; baseline -0.001 -2"><span class='ocrx_word' id='word_1_166' title='bbox 58 1932 141 1984; x_wconf 87' lang='lat' dir='ltr'><strong>certe</strong></span> <span class='ocrx_word' id='word_1_167' title='bbox 156 1921 186 1982; x_wconf 95' lang='lat' dir='ltr'><strong>in</strong></span> <span class='ocrx_word' id='word_1_168' title='bbox 201 1921 285 1980; x_wconf 86' lang='lat' dir='ltr'><strong>illurn</strong></span> <span class='ocrx_word' id='word_1_169' title='bbox 297 1936 425 1980; x_wconf 70' lang='lat' dir='ltr'><strong>annum:</strong></span> <span class='ocrx_word' id='word_1_170' title='bbox 439 1920 605 1980; x_wconf 87' lang='lat' dir='ltr'><strong>aedilemin</strong></span> <span class='ocrx_word' id='word_1_171' title='bbox 619 1920 772 1981; x_wconf 88' lang='lat' dir='ltr'><strong>Plancium</strong></span> <span class='ocrx_word' id='word_1_172' title='bbox 788 1922 899 1982; x_wconf 87' lang='lat' dir='ltr'><strong>iactum</strong></span> <span class='ocrx_word' id='word_1_173' title='bbox 913 1938 985 1983; x_wconf 90' lang='lat' dir='ltr'><strong>esse</strong></span> <span class='ocrx_word' id='word_1_174' title='bbox 997 1923 1085 1982; x_wconf 89' lang='lat' dir='ltr'><strong>mira·</strong></span> 
     </span>
     <span class='ocr_line' id='line_1_22' title="bbox 57 2002 1087 2081; baseline 0.001 -16"><span class='ocrx_word' id='word_1_175' title='bbox 57 2008 117 2079; x_wconf 89' lang='lat' dir='ltr'><strong>ris,</strong></span> <span class='ocrx_word' id='word_1_176' title='bbox 141 2006 170 2063; x_wconf 91' lang='lat' dir='ltr'><strong>in</strong></span> <span class='ocrx_word' id='word_1_177' title='bbox 192 2018 252 2080; x_wconf 94' lang='lat' dir='ltr'><strong>quo</strong></span> <span class='ocrx_word' id='word_1_178' title='bbox 268 2020 329 2064; x_wconf 91' lang='lat' dir='ltr'><strong>non</strong></span> <span class='ocrx_word' id='word_1_179' title='bbox 345 2002 457 2078; x_wconf 82' lang='lat' dir='ltr'><strong>exigua</strong></span> <span class='ocrx_word' id='word_1_180' title='bbox 472 2019 545 2078; x_wconf 88' lang='lat' dir='ltr'><strong>pars</strong></span> <span class='ocrx_word' id='word_1_181' title='bbox 560 2003 680 2078; x_wconf 92' lang='lat' dir='ltr'><strong>populi,</strong></span> <span class='ocrx_word' id='word_1_182' title='bbox 705 2005 761 2065; x_wconf 89' lang='lat' dir='ltr'><strong>sed</strong></span> <span class='ocrx_word' id='word_1_183' title='bbox 776 2004 936 2065; x_wconf 89' lang='lat' dir='ltr'><strong>universus</strong></span> <span class='ocrx_word' id='word_1_184' title='bbox 954 2007 1087 2081; x_wconf 92' lang='lat' dir='ltr'><strong>populus</strong></span> 
     </span>
     <span class='ocr_line' id='line_1_23' title="bbox 58 2085 1086 2151; baseline -0.002 -2"><span class='ocrx_word' id='word_1_185' title='bbox 58 2091 243 2149; x_wconf 91' lang='lat' dir='ltr'><strong>voluntatem</strong></span> <span class='ocrx_word' id='word_1_186' title='bbox 260 2103 347 2148; x_wconf 89' lang='lat' dir='ltr'><strong>suam</strong></span> <span class='ocrx_word' id='word_1_187' title='bbox 368 2086 547 2147; x_wconf 69' lang='lat' dir='ltr'><strong>declararit?</strong></span> <span class='ocrx_word' id='word_1_188' title='bbox 567 2088 654 2147; x_wconf 91' lang='lat' dir='ltr'><strong>cuius</strong></span> <span class='ocrx_word' id='word_1_189' title='bbox 674 2085 705 2147; x_wconf 91' lang='lat' dir='ltr'><strong>in</strong></span> <span class='ocrx_word' id='word_1_190' title='bbox 723 2088 839 2149; x_wconf 87' lang='lat' dir='ltr'><strong>honore</strong></span> <span class='ocrx_word' id='word_1_191' title='bbox 856 2105 917 2148; x_wconf 92' lang='lat' dir='ltr'><strong>non</strong></span> <span class='ocrx_word' id='word_1_192' title='bbox 932 2089 1021 2151; x_wconf 90' lang='lat' dir='ltr'><strong>unius</strong></span> <span class='ocrx_word' id='word_1_193' title='bbox 1039 2088 1086 2151; x_wconf 90' lang='lat' dir='ltr'><strong>tri·</strong></span> 
     </span>
     <span class='ocr_line' id='line_1_24' title="bbox 57 2168 1085 2247; baseline -0.002 -14"><span class='ocrx_word' id='word_1_194' title='bbox 57 2174 115 2233; x_wconf 90' lang='lat' dir='ltr'><strong>bus</strong></span> <span class='ocrx_word' id='word_1_195' title='bbox 132 2188 219 2246; x_wconf 89' lang='lat' dir='ltr'><strong>pars,</strong></span> <span class='ocrx_word' id='word_1_196' title='bbox 237 2170 293 2230; x_wconf 90' lang='lat' dir='ltr'><strong>sed</strong></span> <span class='ocrx_word' id='word_1_197' title='bbox 306 2168 427 2230; x_wconf 89' lang='lat' dir='ltr'><strong>comitia</strong></span> <span class='ocrx_word' id='word_1_198' title='bbox 443 2178 506 2232; x_wconf 89' lang='lat' dir='ltr'><strong>tota</strong></span> <span class='ocrx_word' id='word_1_199' title='bbox 519 2170 648 2231; x_wconf 89' lang='lat' dir='ltr'><strong>comitiis</strong></span> <span class='ocrx_word' id='word_1_200' title='bbox 664 2170 773 2231; x_wconf 88' lang='lat' dir='ltr'><strong>luerint</strong></span> <span class='ocrx_word' id='word_1_201' title='bbox 787 2174 1019 2247; x_wconf 81' lang='lat' dir='ltr'><strong>praerogativat</strong></span> <span class='ocrx_word' id='word_1_202' title='bbox 1034 2169 1085 2234; x_wconf 81' lang='lat'><strong>50.</strong></span> 
     </span>
     <span class='ocr_line' id='line_1_25' title="bbox 57 2254 1087 2330; baseline 0.003 -15"><span class='ocrx_word' id='word_1_203' title='bbox 57 2257 122 2330; x_wconf 81' lang='lat' dir='ltr'><strong>Quo</strong></span> <span class='ocrx_word' id='word_1_204' title='bbox 140 2256 263 2329; x_wconf 90' lang='lat' dir='ltr'><strong>quidem</strong></span> <span class='ocrx_word' id='word_1_205' title='bbox 280 2264 431 2328; x_wconf 89' lang='lat' dir='ltr'><strong>tempore,</strong></span> <span class='ocrx_word' id='word_1_206' title='bbox 445 2254 633 2326; x_wconf 87' lang='lat' dir='ltr'><strong>Laterensis,</strong></span> <span class='ocrx_word' id='word_1_207' title='bbox 655 2254 682 2314; x_wconf 90' lang='lat' dir='ltr'><strong>si</strong></span> <span class='ocrx_word' id='word_1_208' title='bbox 701 2254 733 2314; x_wconf 90' lang='lat' dir='ltr'><strong>id</strong></span> <span class='ocrx_word' id='word_1_209' title='bbox 754 2255 854 2316; x_wconf 88' lang='lat' dir='ltr'><strong>iacere</strong></span> <span class='ocrx_word' id='word_1_210' title='bbox 867 2257 1019 2317; x_wconf 87' lang='lat' dir='ltr'><strong>voluisses</strong></span> <span class='ocrx_word' id='word_1_211' title='bbox 1034 2264 1087 2318; x_wconf 90' lang='lat' dir='ltr'><strong>aut</strong></span> 
     </span>
     <span class='ocr_line' id='line_1_26' title="bbox 57 2338 1088 2416; baseline 0.001 -17"><span class='ocrx_word' id='word_1_212' title='bbox 57 2341 84 2399; x_wconf 93' lang='lat' dir='ltr'><strong>si</strong></span> <span class='ocrx_word' id='word_1_213' title='bbox 103 2338 260 2413; x_wconf 81' lang='lat' dir='ltr'><strong>gravitatis</strong></span> <span class='ocrx_word' id='word_1_214' title='bbox 280 2353 352 2398; x_wconf 89' lang='lat' dir='ltr'><strong>esse</strong></span> <span class='ocrx_word' id='word_1_215' title='bbox 372 2345 516 2412; x_wconf 89' lang='lat' dir='ltr'><strong>putasses</strong></span> <span class='ocrx_word' id='word_1_216' title='bbox 539 2346 623 2411; x_wconf 89' lang='lat' dir='ltr'><strong>tuae,</strong></span> <span class='ocrx_word' id='word_1_217' title='bbox 648 2341 732 2412; x_wconf 88' lang='lat' dir='ltr'><strong>quod</strong></span> <span class='ocrx_word' id='word_1_218' title='bbox 754 2339 838 2401; x_wconf 90' lang='lat' dir='ltr'><strong>multi</strong></span> <span class='ocrx_word' id='word_1_219' title='bbox 856 2339 974 2400; x_wconf 89' lang='lat' dir='ltr'><strong>nobiles</strong></span> <span class='ocrx_word' id='word_1_220' title='bbox 992 2356 1088 2416; x_wconf 85' lang='lat' dir='ltr'><strong>saepe</strong></span> 
     </span>
     <span class='ocr_line' id='line_1_27' title="bbox 57 2418 1086 2499; baseline 0.003 -19"><span class='ocrx_word' id='word_1_221' title='bbox 57 2424 209 2494; x_wconf 90' lang='lat' dir='ltr'><strong>lecerunt,</strong></span> <span class='ocrx_word' id='word_1_222' title='bbox 233 2429 278 2494; x_wconf 90' lang='lat' dir='ltr'><strong>ut,</strong></span> <span class='ocrx_word' id='word_1_223' title='bbox 297 2438 389 2495; x_wconf 91' lang='lat' dir='ltr'><strong>quum</strong></span> <span class='ocrx_word' id='word_1_224' title='bbox 404 2418 503 2481; x_wconf 90' lang='lat' dir='ltr'><strong>minus</strong></span> <span class='ocrx_word' id='word_1_225' title='bbox 520 2421 688 2482; x_wconf 89' lang='lat' dir='ltr'><strong>valuissent</strong></span> <span class='ocrx_word' id='word_1_226' title='bbox 707 2421 861 2498; x_wconf 78' lang='lat' dir='ltr'><strong>suffragiis</strong></span> <span class='ocrx_word' id='word_1_227' title='bbox 879 2441 971 2498; x_wconf 87' lang='lat' dir='ltr'><strong>quarn</strong></span> <span class='ocrx_word' id='word_1_228' title='bbox 983 2434 1086 2499; x_wconf 86' lang='lat' dir='ltr'><strong>putas·</strong></span> 
     </span>
     <span class='ocr_line' id='line_1_28' title="bbox 57 2503 1087 2582; baseline 0.001 -18"><span class='ocrx_word' id='word_1_229' title='bbox 57 2514 133 2577; x_wconf 89' lang='lat' dir='ltr'><strong>sent,</strong></span> <span class='ocrx_word' id='word_1_230' title='bbox 150 2513 259 2579; x_wconf 86' lang='lat' dir='ltr'><strong>postea</strong></span> <span class='ocrx_word' id='word_1_231' title='bbox 272 2504 400 2579; x_wconf 87' lang='lat' dir='ltr'><strong>prolatis</strong></span> <span class='ocrx_word' id='word_1_232' title='bbox 415 2503 545 2565; x_wconf 89' lang='lat' dir='ltr'><strong>comitiis</strong></span> <span class='ocrx_word' id='word_1_233' title='bbox 559 2513 787 2580; x_wconf 88' lang='lat' dir='ltr'><strong>prosternerent</strong></span> <span class='ocrx_word' id='word_1_234' title='bbox 802 2521 836 2565; x_wconf 93' lang='lat' dir='ltr'><strong>se</strong></span> <span class='ocrx_word' id='word_1_235' title='bbox 852 2517 882 2568; x_wconf 87' lang='lat' dir='ltr'><strong>et</strong></span> <span class='ocrx_word' id='word_1_236' title='bbox 896 2509 1011 2582; x_wconf 92' lang='lat' dir='ltr'><strong>populo</strong></span> <span class='ocrx_word' id='word_1_237' title='bbox 1026 2508 1087 2566; x_wconf 83' lang='lat' dir='ltr'><strong>Ro-</strong></span> 
     </span>
     <span class='ocr_line' id='line_1_29' title="bbox 56 2587 1087 2662; baseline 0.002 -16"><span class='ocrx_word' id='word_1_238' title='bbox 56 2605 146 2647; x_wconf 90' lang='lat' dir='ltr'><strong>mano</strong></span> <span class='ocrx_word' id='word_1_239' title='bbox 174 2590 269 2648; x_wconf 82' lang='lat' dir='ltr'><strong>fracto</strong></span> <span class='ocrx_word' id='word_1_240' title='bbox 291 2587 392 2648; x_wconf 89' lang='lat' dir='ltr'><strong>animo</strong></span> <span class='ocrx_word' id='word_1_241' title='bbox 412 2595 504 2662; x_wconf 90' lang='lat' dir='ltr'><strong>atque</strong></span> <span class='ocrx_word' id='word_1_242' title='bbox 524 2588 628 2649; x_wconf 89' lang='lat' dir='ltr'><strong>humili</strong></span> <span class='ocrx_word' id='word_1_243' title='bbox 650 2587 871 2662; x_wconf 84' lang='lat' dir='ltr'><strong>supplicarent,</strong></span> <span class='ocrx_word' id='word_1_244' title='bbox 900 2607 961 2650; x_wconf 90' lang='lat' dir='ltr'><strong>non</strong></span> <span class='ocrx_word' id='word_1_245' title='bbox 981 2588 1087 2649; x_wconf 92' lang='lat' dir='ltr'><strong>dubito</strong></span> 
     </span>
     <span class='ocr_line' id='line_1_30' title="bbox 57 2671 1088 2746; baseline 0.003 -17"><span class='ocrx_word' id='word_1_246' title='bbox 57 2671 130 2745; x_wconf 91' lang='lat' dir='ltr'><strong>quin</strong></span> <span class='ocrx_word' id='word_1_247' title='bbox 151 2671 251 2732; x_wconf 91' lang='lat' dir='ltr'><strong>omnis</strong></span> <span class='ocrx_word' id='word_1_248' title='bbox 273 2671 312 2730; x_wconf 92' lang='lat' dir='ltr'><strong>ad</strong></span> <span class='ocrx_word' id='word_1_249' title='bbox 336 2679 365 2731; x_wconf 91' lang='lat' dir='ltr'><strong>te</strong></span> <span class='ocrx_word' id='word_1_250' title='bbox 384 2687 571 2732; x_wconf 87' lang='lat' dir='ltr'><strong>conversura</strong></span> <span class='ocrx_word' id='word_1_251' title='bbox 593 2671 683 2732; x_wconf 86' lang='lat' dir='ltr'><strong>luerit</strong></span> <span class='ocrx_word' id='word_1_252' title='bbox 702 2671 870 2732; x_wconf 87' lang='lat' dir='ltr'><strong>multitudo.</strong></span> <span class='ocrx_word' id='word_1_253' title='bbox 918 2674 1088 2746; x_wconf 86' lang='lat' dir='ltr'><strong>Numquam</strong></span> 
     </span>
     <span class='ocr_line' id='line_1_31' title="bbox 56 2753 1087 2830; baseline 0.002 -17"><span class='ocrx_word' id='word_1_254' title='bbox 56 2755 135 2813; x_wconf 90' lang='lat' dir='ltr'><strong>enim</strong></span> <span class='ocrx_word' id='word_1_255' title='bbox 150 2756 214 2814; x_wconf 88' lang='lat' dir='ltr'><strong>lere</strong></span> <span class='ocrx_word' id='word_1_256' title='bbox 230 2753 380 2826; x_wconf 90' lang='lat' dir='ltr'><strong>nobilitas,</strong></span> <span class='ocrx_word' id='word_1_257' title='bbox 396 2754 512 2828; x_wconf 79' lang='lat' dir='ltr'><strong>integra</strong></span> <span class='ocrx_word' id='word_1_258' title='bbox 527 2756 703 2829; x_wconf 84' lang='lat' dir='ltr'><strong>praesertim</strong></span> <span class='ocrx_word' id='word_1_259' title='bbox 717 2764 810 2829; x_wconf 87' lang='lat' dir='ltr'><strong>atque</strong></span> <span class='ocrx_word' id='word_1_260' title='bbox 822 2755 979 2827; x_wconf 90' lang='lat' dir='ltr'><strong>innocens,</strong></span> <span class='ocrx_word' id='word_1_261' title='bbox 998 2773 1017 2814; x_wconf 93' lang='lat' dir='ltr'><strong>a</strong></span> <span class='ocrx_word' id='word_1_262' title='bbox 1032 2771 1087 2830; x_wconf 91' lang='lat' dir='ltr'><strong>po-</strong></span> 
     </span>
     <span class='ocr_line' id='line_1_32' title="bbox 56 2837 1086 2914; baseline 0.004 -19"><span class='ocrx_word' id='word_1_263' title='bbox 56 2839 128 2910; x_wconf 90' lang='lat' dir='ltr'><strong>pulo</strong></span> <span class='ocrx_word' id='word_1_264' title='bbox 144 2838 283 2899; x_wconf 90' lang='lat' dir='ltr'><strong>Romano</strong></span> <span class='ocrx_word' id='word_1_265' title='bbox 306 2840 439 2914; x_wconf 85' lang='lat' dir='ltr'><strong>supplex</strong></span> <span class='ocrx_word' id='word_1_266' title='bbox 458 2837 618 2914; x_wconf 85' lang='lat' dir='ltr'><strong>repudiata</strong></span> <span class='ocrx_word' id='word_1_267' title='bbox 637 2851 694 2900; x_wconf 87' lang='lat' dir='ltr'><strong>est.</strong></span> <span class='ocrx_word' id='word_1_268' title='bbox 744 2837 807 2898; x_wconf 88' lang='lat' dir='ltr'><strong>Sed</strong></span> <span class='ocrx_word' id='word_1_269' title='bbox 827 2838 855 2899; x_wconf 90' lang='lat' dir='ltr'><strong>si</strong></span> <span class='ocrx_word' id='word_1_270' title='bbox 877 2839 930 2898; x_wconf 91' lang='lat' dir='ltr'><strong>tibi</strong></span> <span class='ocrx_word' id='word_1_271' title='bbox 951 2838 1086 2912; x_wconf 80' lang='lat' dir='ltr'><strong>gravitas</strong></span> 
     </span>
     <span class='ocr_line' id='line_1_33' title="bbox 56 2920 1087 2996; baseline 0.004 -19"><span class='ocrx_word' id='word_1_272' title='bbox 56 2928 107 2978; x_wconf 90' lang='lat' dir='ltr'><strong>tua</strong></span> <span class='ocrx_word' id='word_1_273' title='bbox 122 2927 152 2979; x_wconf 91' lang='lat' dir='ltr'><strong>et</strong></span> <span class='ocrx_word' id='word_1_274' title='bbox 163 2921 338 2996; x_wconf 75' lang='lat' dir='ltr'><strong>magnitudo</strong></span> <span class='ocrx_word' id='word_1_275' title='bbox 354 2920 444 2981; x_wconf 91' lang='lat' dir='ltr'><strong>animi</strong></span> <span class='ocrx_word' id='word_1_276' title='bbox 461 2922 555 2996; x_wconf 91' lang='lat' dir='ltr'><strong>pluris</strong></span> <span class='ocrx_word' id='word_1_277' title='bbox 572 2921 640 2992; x_wconf 87' lang='lat' dir='ltr'><strong>luit,</strong></span> <span class='ocrx_word' id='word_1_278' title='bbox 663 2921 752 2982; x_wconf 89' lang='lat' dir='ltr'><strong>sicuti</strong></span> <span class='ocrx_word' id='word_1_279' title='bbox 767 2937 837 2982; x_wconf 84' lang='lat' dir='ltr'><strong>esse</strong></span> <span class='ocrx_word' id='word_1_280' title='bbox 850 2920 968 2994; x_wconf 87' lang='lat' dir='ltr'><strong>debuit,</strong></span> <span class='ocrx_word' id='word_1_281' title='bbox 995 2936 1087 2996; x_wconf 86' lang='lat' dir='ltr'><strong>quam</strong></span> 
     </span>
     <span class='ocr_line' id='line_1_34' title="bbox 55 3001 1086 3080; baseline 0.006 -21"><span class='ocrx_word' id='word_1_282' title='bbox 55 3001 211 3074; x_wconf 84' lang='lat' dir='ltr'><strong>aedilitas,</strong></span> <span class='ocrx_word' id='word_1_283' title='bbox 227 3005 304 3078; x_wconf 91' lang='lat' dir='ltr'><strong>noli,</strong></span> <span class='ocrx_word' id='word_1_284' title='bbox 327 3023 420 3080; x_wconf 92' lang='lat' dir='ltr'><strong>quum</strong></span> <span class='ocrx_word' id='word_1_285' title='bbox 440 3005 555 3065; x_wconf 90' lang='lat' dir='ltr'><strong>habeas</strong></span> <span class='ocrx_word' id='word_1_286' title='bbox 570 3006 616 3076; x_wconf 93' lang='lat' dir='ltr'><strong>id,</strong></span> <span class='ocrx_word' id='word_1_287' title='bbox 632 3007 716 3078; x_wconf 93' lang='lat' dir='ltr'><strong>quod</strong></span> <span class='ocrx_word' id='word_1_288' title='bbox 733 3004 892 3076; x_wconf 89' lang='lat' dir='ltr'><strong>malueris,</strong></span> <span class='ocrx_word' id='word_1_289' title='bbox 909 3004 1086 3065; x_wconf 84' lang='lat' dir='ltr'><strong>desiderare</strong></span> 
     </span>
     <span class='ocr_line' id='line_1_35' title="bbox 54 3087 1085 3165; baseline 0.004 -21"><span class='ocrx_word' id='word_1_290' title='bbox 54 3087 95 3158; x_wconf 89' lang='lat' dir='ltr'><strong>id,</strong></span> <span class='ocrx_word' id='word_1_291' title='bbox 112 3088 195 3160; x_wconf 94' lang='lat' dir='ltr'><strong>quod</strong></span> <span class='ocrx_word' id='word_1_292' title='bbox 214 3089 338 3149; x_wconf 89' lang='lat' dir='ltr'><strong>minoris</strong></span> <span class='ocrx_word' id='word_1_293' title='bbox 357 3088 481 3165; x_wconf 89' lang='lat' dir='ltr'><strong>putaris.</strong></span> <span class='ocrx_word' id='word_1_294' title='bbox 502 3088 650 3163; x_wconf 87' lang='lat' dir='ltr'><strong>Equidem</strong></span> <span class='ocrx_word' id='word_1_295' title='bbox 663 3087 963 3163; x_wconf 88' lang='lat' dir='ltr'><strong>primumuthonore</strong></span> <span class='ocrx_word' id='word_1_296' title='bbox 975 3088 1085 3163; x_wconf 76' lang='lat' dir='ltr'><strong>dignius</strong></span> 
     </span>
     <span class='ocr_line' id='line_1_36' title="bbox 53 3171 1084 3248; baseline -0.002 -20"><span class='ocrx_word' id='word_1_297' title='bbox 53 3186 156 3229; x_wconf 91' lang='lat' dir='ltr'><strong>essem</strong></span> <span class='ocrx_word' id='word_1_298' title='bbox 170 3171 307 3232; x_wconf 74' lang='lat' dir='ltr'><strong>&#39;maxime</strong></span> <span class='ocrx_word' id='word_1_299' title='bbox 336 3189 458 3248; x_wconf 90' lang='lat' dir='ltr'><strong>semper</strong></span> <span class='ocrx_word' id='word_1_300' title='bbox 482 3171 633 3232; x_wconf 80' lang='lat' dir='ltr'><strong>laboravi:</strong></span> <span class='ocrx_word' id='word_1_301' title='bbox 662 3172 800 3232; x_wconf 88' lang='lat' dir='ltr'><strong>secundo</strong></span> <span class='ocrx_word' id='word_1_302' title='bbox 823 3178 857 3232; x_wconf 90' lang='lat' dir='ltr'><strong>ut</strong></span> <span class='ocrx_word' id='word_1_303' title='bbox 883 3171 1084 3232; x_wconf 81' lang='lat' dir='ltr'><strong>existimarem</strong></span> 
     </span>
     <span class='ocr_line' id='line_1_37' title="bbox 51 3253 1085 3331; baseline 0.002 -19"><span class='ocrx_word' id='word_1_304' title='bbox 51 3253 172 3314; x_wconf 89' lang='lat' dir='ltr'><strong>tertium</strong></span> <span class='ocrx_word' id='word_1_305' title='bbox 190 3254 261 3314; x_wconf 92' lang='lat' dir='ltr'><strong>mihi</strong></span> <span class='ocrx_word' id='word_1_306' title='bbox 279 3255 334 3316; x_wconf 89' lang='lat' dir='ltr'><strong>luit</strong></span> <span class='ocrx_word' id='word_1_307' title='bbox 346 3256 434 3328; x_wconf 91' lang='lat' dir='ltr'><strong>illud,</strong></span> <span class='ocrx_word' id='word_1_308' title='bbox 458 3257 539 3331; x_wconf 91' lang='lat' dir='ltr'><strong>quod</strong></span> <span class='ocrx_word' id='word_1_309' title='bbox 560 3254 716 3329; x_wconf 87' lang='lat' dir='ltr'><strong>plerisque</strong></span> <span class='ocrx_word' id='word_1_310' title='bbox 732 3256 859 3329; x_wconf 87' lang='lat' dir='ltr'><strong>primum</strong></span> <span class='ocrx_word' id='word_1_311' title='bbox 873 3263 933 3327; x_wconf 87' lang='lat' dir='ltr'><strong>est,</strong></span> <span class='ocrx_word' id='word_1_312' title='bbox 948 3253 1016 3330; x_wconf 85' lang='lat' dir='ltr'><strong>ipse</strong></span> <span class='ocrx_word' id='word_1_313' title='bbox 1030 3254 1085 3314; x_wconf 90' lang='lat' dir='ltr'><strong>ho·</strong></span> 
     </span>
     <span class='ocr_line' id='line_1_38' title="bbox 52 3335 1084 3413; baseline 0.002 -19"><span class='ocrx_word' id='word_1_314' title='bbox 52 3353 126 3396; x_wconf 80' lang='lat' dir='ltr'><strong>nos:</strong></span> <span class='ocrx_word' id='word_1_315' title='bbox 140 3339 191 3412; x_wconf 95' lang='lat' dir='ltr'><strong>qui</strong></span> <span class='ocrx_word' id='word_1_316' title='bbox 204 3338 242 3398; x_wconf 92' lang='lat' dir='ltr'><strong>iis</strong></span> <span class='ocrx_word' id='word_1_317' title='bbox 251 3338 383 3413; x_wconf 89' lang='lat' dir='ltr'><strong>denique</strong></span> <span class='ocrx_word' id='word_1_318' title='bbox 396 3339 487 3400; x_wconf 85' lang='lat' dir='ltr'><strong>debet</strong></span> <span class='ocrx_word' id='word_1_319' title='bbox 498 3354 569 3398; x_wconf 90' lang='lat' dir='ltr'><strong>esse</strong></span> <span class='ocrx_word' id='word_1_320' title='bbox 576 3338 738 3412; x_wconf 90' lang='lat' dir='ltr'><strong>iucundus,</strong></span> <span class='ocrx_word' id='word_1_321' title='bbox 750 3335 1023 3412; x_wconf 79' lang='lat' dir='ltr'><strong>quorumdignitati</strong></span> <span class='ocrx_word' id='word_1_322' title='bbox 1029 3352 1084 3412; x_wconf 91' lang='lat' dir='ltr'><strong>po·</strong></span> 
     </span>
     <span class='ocr_line' id='line_1_39' title="bbox 52 3419 1084 3494; baseline 0.002 -15"><span class='ocrx_word' id='word_1_323' title='bbox 52 3421 144 3494; x_wconf 88' lang='lat' dir='ltr'><strong>putus</strong></span> <span class='ocrx_word' id='word_1_324' title='bbox 155 3421 313 3482; x_wconf 89' lang='lat' dir='ltr'><strong>Romanus</strong></span> <span class='ocrx_word' id='word_1_325' title='bbox 326 3421 537 3493; x_wconf 87' lang='lat' dir='ltr'><strong>testimonium,</strong></span> <span class='ocrx_word' id='word_1_326' title='bbox 553 3439 614 3482; x_wconf 92' lang='lat' dir='ltr'><strong>non</strong></span> <span class='ocrx_word' id='word_1_327' title='bbox 627 3419 807 3483; x_wconf 81' lang='lat' dir='ltr'><strong>beneficium</strong></span> <span class='ocrx_word' id='word_1_328' title='bbox 821 3420 977 3482; x_wconf 91' lang='lat' dir='ltr'><strong>ambitioni</strong></span> <span class='ocrx_word' id='word_1_329' title='bbox 991 3419 1084 3481; x_wconf 85' lang='lat' dir='ltr'><strong>dedit</strong></span> 
     </span>
    </p>
   </div>
   <div class='ocr_carea' id='block_1_3' title="bbox 0 0 1174 3788">
    <p class='ocr_par' dir='ltr' id='par_1_3' title="bbox 0 0 1174 3788">
     <span class='ocr_line' id='line_1_40' title="bbox 0 0 1174 3788; baseline 0 2"><span class='ocrx_word' id='word_1_330' title='bbox 0 0 1174 3788; x_wconf 95' lang='lat' dir='ltr'><strong> </strong></span> 
     </span>
    </p>
   </div>
  </div>
 </body>
</html>
