2340 3788
95 215 157 278 120
293 206 343 266 DE
358 201 513 264 IMPERIO
530 203 586 261 CN.
599 202 752 263 POMPEII
766 202 917 263 ORATIO.

99 358 219 434 quando
240 353 290 415 isti
311 353 462 430 principes
483 361 513 414 et
526 351 584 413 sibi
598 360 629 412 et
643 353 770 413 caeteris
787 352 892 428 populi
907 353 1038 413 Romani
1053 355 1116 416 nni»

97 440 179 501 versi
204 437 373 498 auctoritati
396 437 562 510 parendum
586 449 658 494 csso
680 437 837 495 fateantur.
880 438 982 509 Atque
1003 435 1035 495 in
1057 438 1116 498 hoe

98 525 178 584 bello
192 519 330 581 AsiatIco
352 528 382 579 et
400 518 484 593 regio
499 535 560 578 non
578 519 676 577 solum
690 517 826 577 militaris
839 516 889 576 illa
904 518 1016 590 virtus,
1039 537 1118 594 quac

98 613 145 666 est
165 605 195 662 ln
218 604 269 663 Cn.
291 601 435 676 Pompeio
457 599 635 676 singularis,
660 601 717 660 sed
740 600 818 659 aliae
844 616 967 674 quoque
990 600 1118 663 virtutes

98 687 189 747 animi
209 701 337 760 magnae
358 694 388 745 et
406 687 517 744 multae
537 682 739 757 requiruntur.
772 682 901 742 Difficile
922 691 971 751 est
986 682 1017 742 in
1030 685 1117 754 Asia,

98 769 213 843 Cilicia,
236 768 325 846 SyrIa
339 767 502 841 regnisque
516 764 690 825 interiorum
708 763 861 825 nationum
878 764 919 825 ita
932 766 1051 825 versari
1065 783 1119 827 no-

98 862 191 914 strum
211 853 438 926 imperatorem,
458 858 491 908 ut
507 848 580 907 nihil
594 848 676 908 allud
690 847 748 908 nisi
763 848 802 907 de
818 847 906 907 hoste
920 864 956 907 ac
975 849 1013 908 de
1028 850 1118 911 laude

98 935 217 1010 cogitet.
252 934 369 994 Deinde
393 932 528 991 etiamsi
550 931 693 1005 quisunt
716 931 834 1005 pudore
857 946 894 989 ac
919 932 1118 1005 temperanda

97 1016 323 1084 moderatiores,
341 1023 438 1074 tamen
454 1029 509 1073 eos
524 1028 594 1072 esse
608 1014 683 1072 tales
701 1021 825 1087 propter
833 1012 1056 1073 multitudinem
1067 1031 1118 1075 cu·

97 1103 237 1176 pidorum
255 1095 408 1171 hominum
424 1111 512 1155 nemo
528 1094 695 1156 arbitratur.
733 1094 783 1156 65.
814 1095 944 1155 Difficile
961 1104 1010 1155 est
1026 1096 1118 1172 dictu,

100 1183 244 1256 Quirites,
268 1188 379 1253 quanto
403 1177 432 1236 in
456 1177 527 1237 odlo
550 1177 742 1255 simusapud
756 1186 876 1237 exteras
893 1177 1034 1239 nationes
1048 1195 1118 1254 pro·

97 1274 164 1340 pter
184 1278 303 1333 eorum,
327 1277 405 1335 quos
428 1261 467 1318 ad
489 1276 541 1319 cas
556 1277 611 1335 per
624 1261 682 1320 hos
697 1276 794 1320 annos
809 1276 877 1320 curn
893 1260 1022 1335 imperio
1037 1262 1119 1322 misi·

97 1362 180 1416 mus,
201 1343 342 1402 libidines
359 1352 389 1403 et
403 1342 537 1402 iniurias.
569 1343 657 1415 Quod
678 1344 756 1402 enlm
771 1345 872 1403 lanum
887 1343 999 1418 putatis
1014 1343 1120 1405 inillis

97 1428 184 1489 terris
200 1426 311 1486 nostris
329 1425 550 1498 magistratibus
565 1425 756 1499 religiosum,
778 1443 868 1500 quam
882 1425 1035 1486 civitatem
1049 1442 1118 1486 san-

98 1518 190 1580 ctam,
208 1510 435 1583 quam-domum
451 1508 525 1568 satis
541 1511 674 1568 clausam
689 1525 725 1567 ac
738 1509 880 1568 munitam
896 1509 1013 1569 fulsset
1026 1509 1118 1568 urbes

97 1593 155 1651 iam
177 1592 344 1666 locupletes
368 1599 397 1651 et
418 1590 563 1665 copiosae
581 1590 789 1666 requiruntur,
814 1591 924 1666 quibus
938 1607 1032 1651 causa
1048 1592 1120 1653 belli

97 1681 221 1749 propter
241 1673 401 1747 diripiendi
420 1673 612 1748 cupiditatem
627 1672 779 1735 inferatur.
816 1673 867 1734 66.
887 1673 1028 1735 Libenter
1039 1674 1120 1733 haec

97 1773 199 1818 eoram
217 1773 285 1816 cum
300 1756 332 1829 Q.
348 1757 451 1817 Catulo
467 1765 497 1817 et
512 1756 544 1829 Q.
562 1757 740 1831 Hortensio,
756 1756 881 1817 summIs
894 1764 925 1817 et
940 1755 1119 1816 clarissimis

98 1839 184 1911 viris,
203 1839 396 1915 disputarem.
432 1840 587 1900 Noverunt
603 1840 683 1898 enim
699 1841 851 1900 seclorum
867 1840 1000 1910 vulnera,
1015 1839 1122 1898 vident

96 1936 201 1984 eorum
216 1921 409 1994 calamitates,
426 1922 629 1996 querimonias
645 1922 778 1982 audiunt
798 1923 854 1981 Pro
868 1921 960 1982 socils
974 1938 1031 1981 vos
1046 1938 1120 1982 con·

96 2014 142 2065 tra
163 2006 267 2067 hostes
282 2004 447 2065 exercitum
463 2005 579 2065 mittere
597 2004 707 2079 putatis
722 2019 761 2063 an
778 2005 911 2064 hostium
927 2004 1121 2064 simulatione

97 2076 203 2147 contra
224 2087 327 2146 socios
349 2095 441 2161 atque
460 2087 597 2145 amicost
623 2086 705 2158 Quae
722 2086 828 2146 civitas
843 2095 891 2146 est
903 2088 934 2144 in
948 2088 1023 2147 rislo
1040 2102 1121 2161 quae

27 2166 31 2173 “
96 2183 169 2229 non
180 2168 271 2228 modo
295 2169 487 2263 imperatorIs
503 2169 673 2240 autlegati,
694 2168 853 2228 sedonius
869 2167 977 2228 tribuni
994 2168 1121 2229 militum

98 2248 216 2309 animos
230 2264 267 2307 ac
282 2250 404 2324 spiritus
420 2266 530 2324 capere
545 2249 665 2324 possitt

179 2330 282 2389 XXIII.
305 2332 425 2406 Quare,
440 2332 528 2392 etiam
544 2334 569 2392 sl
587 2348 675 2406 quem
689 2332 806 2392 habetIs
823 2332 875 2407 qui
891 2333 1009 2393 collatis
1024 2333 1122 2406 signis

41 2404 48 2421 '
97 2411 249 2475 exercitus
272 2415 374 2488 reglos
398 2431 544 2488 superare
566 2430 660 2489 posse
681 2416 833 2487 videatur,
859 2425 958 2475 tamen
984 2415 1044 2474 nisi
1065 2415 1122 2475 erit

45 2510 48 2516 ’
94 2494 191 2569 idem,
208 2494 310 2571 quise
325 2512 344 2555 a
358 2497 496 2571 pecuniis
514 2499 682 2571 sociorum,
698 2497 750 2572 qui
763 2499 802 2556 ab
817 2515 922 2559 eorum
939 2498 1122 2573 coniugibus

96 2594 134 2639 ao
154 2577 275 2650 liberis,
303 2577 355 2653 qui
377 2580 415 2637 ab
438 2579 622 2640 ornamentis
646 2582 784 2640 fanorum
810 2589 902 2655 atque
929 2581 1124 2655 oppidorum,

66 2722 70 2729 ,
98 2660 151 2737 qul
159 2662 203 2722 ab
222 2676 296 2722 auro
314 2677 451 2736 gazaque
465 2662 549 2736 regia
563 2678 680 2737 manus,
696 2664 812 2737 oculos,
827 2663 960 2723 enlmum
976 2662 1123 2723 cohibere

47 2766 51 2771 ·
97 2744 210 2819 possit,
225 2761 285 2806 non
300 2744 357 2805 erit
371 2744 500 2804 idoneas
517 2746 567 2819 qui
583 2747 622 2804 ad
635 2747 746 2806 bellum
763 2745 930 2806 Asiaticum
942 2745 1124 2820 regiumque

97 2824 235 2889 mittatur.
267 2824 319 2891 67.
340 2828 475 2902 Ecquam
488 2827 598 2901 putatis
612 2828 762 2887 civitatem
776 2836 914 2903 pacatam
931 2828 1028 2889 luisse
1044 2843 1123 2904 quae

97 2906 235 2983 locuples
252 2910 313 2972 sitt
326 2922 455 3007 ecquam
469 2926 540 2970 esse
553 2911 736 2985 locupletem
751 2928 830 2984 quae
847 2911 913 2972 istiS
928 2920 1039 2986 pacata
1052 2925 1124 2970 esse

89 2986 256 3051 aldcatmr
275 2993 334 3054 Ora
348 2993 511 3067 maritima,
527 2993 670 3066 Quirites,
686 2993 737 3053 Cn.
751 2993 927 3068 Pompeium
944 3011 1006 3053 non
1024 2996 1125 3054 solum

97 3076 224 3144 propter
242 3076 288 3135 roi
307 3076 443 3137 militarIs
461 3077 603 3150 gloriam,
622 3076 679 3135 sed
700 3075 789 3136 etiam
803 3085 928 3152 propter
943 3076 1036 3136 animi
1052 3093 1124 3136 con-

99 3149 252 3213 uncnuam
262 3159 429 3232 reqarsrvrt
447 3158 578 3218 videbat
589 3174 668 3218 emm
680 3168 837 3233 praetores
846 3159 1025 3234 locupletari
1036 3166 1125 3234 quot

97 3231 185 3295 annIs
199 3238 329 3311 pecunia
343 3242 464 3314 publica
479 3249 599 3315 praeter
614 3258 747 3316 paucos,
767 3259 868 3316 neque
882 3258 937 3302 eos
954 3243 1125 3337 quidquam

98 3314 181 3379 aliud
200 3319 330 3394 adsequi
351 3323 494 3383 classium
512 3323 634 3384 nomine
647 3324 708 3383 nIsi
723 3333 757 3385 ut
771 3325 957 3386 detrimentis
971 3326 1125 3398 accipien-

102 3396 148 3461 ἢκ
167 3400 282 3465 maiore
299 3403 389 3463 adfici
405 3406 590 3479 turpitudine
613 3407 795 3467 videremur.
826 3408 912 3468 Nunc
929 3424 991 3482 qua
1006 3405 1125 3482 eupidi-
