2340 3788
117 172 166 237 48.
354 158 927 240 rnc.vnaaunncr.11.nrarv.'
983 172 986 177 ’

120 347 215 393 amoc
228 346 444 405 qaomropara.
474 329 539 387 vll.
570 326 620 389 la.
652 325 738 388 Dicet
754 326 879 403 aliquisa
909 329 1010 403 ouidi
1031 338 1067 391 tu
1086 331 1145 395 ista

121 428 285 488 permagno
301 411 465 471 aestimas?
492 411 557 486 Ego
571 426 644 487 vero
660 410 701 469 ad
714 426 813 470 meam
827 410 976 473 rationem
988 428 1144 489 usumque

121 512 223 555 meum
238 511 298 554 non
313 493 455 569 aestimo,
473 509 578 553 verum
592 501 728 552 tamena
746 492 835 554 vobis
857 493 898 553 ita
920 493 1053 557 arbitror
1073 512 1143 573 spe

122 576 196 639 ctari
210 584 366 652 oportere,
384 575 487 653 quanti
500 576 577 636 haec
592 591 696 635 eorum
711 575 834 649 iudicio,
856 575 909 651 qui
924 576 1058 639 studiosi
1072 588 1144 641 sunt

120 661 228 720 harum
252 675 366 733 rerum,
391 659 594 729 aestimentur,
622 656 726 731 quanti
749 657 854 718 venire
876 659 1010 732 soleam,
1037 662 1142 737 quenti

120 744 197 804 baec
211 738 296 817 ipsa,
310 741 337 802 si
352 745 452 818 palam
465 741 622 814 libereque
635 739 786 812 venirent,
810 738 915 800 v'enire
926 751 1074 817 possent,
1089 744 1140 805 de

120 827 213 901 nique
232 823 301 900 ipse
314 827 427 886 Verres
451 821 555 898 quanti
575 821 720 883 aestimet
752 823 938 903 Numquam,
959 824 986 884 si
1007 825 1139 887 denariis

121 907 348 984 quadringentis
360 905 536 980 Cupidinem
550 904 632 964 illum
643 913 790 979 putasset,
806 904 1011 967 commisisset
1020 915 1055 968 ut
1071 924 1139 984 pro·

120 1001 187 1067 pter
203 1008 273 1053 eum
289 990 319 1050 in
336 1004 506 1050 sermonem
520 988 673 1047 hominurn
695 996 787 1062 atque
804 987 835 1053 in
854 995 967 1049 anum
985 988 1138 1065 vitupera·

119 1074 233 1135 tionem
249 1071 374 1133 veniret
406 1069 455 1131 14.
490 1069 565 1143 Quis
580 1078 713 1130 vestrum
728 1070 818 1145 igitur
831 1072 929 1131 nescit
944 1071 1052 1145 quanti
1064 1073 1138 1133 bace

119 1157 335 1219 aestimentur?
367 1154 401 1212 In
428 1152 567 1213 auctione
593 1151 712 1227 signum
736 1156 863 1215 aeneum
889 1170 950 1214 non
977 1156 1136 1217 maximum

118 1239 169 1299 HS
184 1253 222 1297 xc
235 1234 354 1296 milibus
370 1235 472 1296 venire
483 1252 544 1295 non
557 1235 709 1297 vidimus?
735 1235 821 1309 Quid,
839 1236 865 1297 si
880 1236 969 1297 velim
983 1236 1136 1298 nominare

118 1319 256 1381 homines
269 1317 321 1392 qui
332 1327 383 1379 aut
393 1336 454 1379 non
468 1318 592 1380 minoris
605 1318 755 1379 autetiam
767 1318 863 1393 pluris
880 1318 1023 1393 emerint,
1038 1336 1136 1382 nonne

86 1478 89 1483 Ι
118 1408 267 1476 possumt
280 1400 396 1461 Etenim
412 1401 463 1476 qui
475 1402 583 1461 modus
593 1401 677 1461 estin
691 1400 739 1461 his
753 1402 846 1463 rebus
860 1401 1044 1478 cupiditatis,
1058 1401 1134 1463 idem

118 1491 167 1545 est
179 1483 407 1545 aestimationis.
441 1483 570 1545 Difficile
589 1492 637 1544 est
651 1483 731 1544 enim
745 1485 836 1544 finem
851 1485 953 1544 iacere
968 1486 1090 1561 precio,
1110 1485 1135 1547 si

118 1565 235 1625 libidini
259 1583 320 1627 non
347 1566 466 1627 iecoris.
503 1566 603 1626 Video
627 1566 717 1641 igitur
729 1566 837 1627 Heium
860 1583 961 1641 neque
983 1568 1134 1631 voluntate

118 1664 219 1723 neque
233 1646 410 1710 difficultate
424 1648 527 1724 eliqua
537 1648 681 1723 temporis
697 1666 754 1710 nec
765 1650 973 1725 magnitudine
987 1651 1134 1725 pecuniae

117 1731 281 1793 adductum
301 1748 386 1806 esse,
410 1739 444 1795 ut
462 1732 538 1792 liaeo
555 1731 643 1806 signa
658 1734 815 1793 venderet:
833 1742 924 1809 teque
942 1733 1002 1793 isto
1014 1734 1135 1795 simum

117 1814 200 1877 none
220 1814 381 1891 emptionis
402 1815 447 1887 vi,
468 1823 564 1887 metu,
585 1814 727 1889 imperio,
747 1814 882 1876 fascibus
898 1816 938 1875 ab
952 1814 1073 1876 bomine
1086 1832 1133 1885 eo,

119 1914 209 1972 quem
224 1916 285 1960 una
300 1915 368 1960 cum
383 1897 510 1959 caeteris
527 1898 620 1959 sociis
635 1914 695 1958 non
711 1900 809 1959 solum
822 1898 967 1973 potestati
979 1906 1064 1973 tuae,
1079 1898 1134 1961 sed

117 1979 206 2041 etiam
226 1981 297 2041 fidei
320 1984 453 2057 populus
466 1983 622 2042 Romanus
646 1980 849 2055 commiserat,
869 1980 1020 2055 eripuisse
1044 1990 1133 2057 atque

119 2063 292 2124 abstulisse.

171 2214 173 2219 ,
200 2143 249 2205 15.
279 2143 355 2218 Quid
371 2145 442 2205 milri
456 2153 516 2207 tam
531 2146 712 2219 optandum,
735 2143 866 2221 iudices,
889 2154 989 2222 potest
1009 2163 1084 2209 esse
1104 2146 1132 2207 in

116 2224 174 2285 hoc
190 2227 327 2301 crimine,
352 2245 440 2302 quam
454 2237 487 2289 ut
507 2228 582 2287 hacc
603 2229 709 2288 eadem
729 2228 810 2293 dicat
831 2231 899 2306 ipsa
913 2228 1028 2291 Heiusl
1059 2230 1132 2291 Nihil

16 2312 19 2327 '
116 2310 271 2382 prolecto:
293 2311 349 2370 sed
369 2328 408 2370 ne
422 2310 555 2371 difficilia
568 2317 716 2385 optemus.
747 2312 842 2372 Heius
863 2321 910 2373 est
923 2312 1130 2375 Mamertiumr

116 2391 293 2453 Mamertina
309 2392 415 2453 civitas
430 2393 520 2454 istum
536 2394 655 2468 publice
671 2395 821 2455 communi
836 2394 964 2456 oonsilio
984 2398 1054 2457 sola
1071 2396 1131 2457 lau·

116 2476 182 2535 dat:
198 2473 338 2536 omnibus
353 2475 411 2535 iste
426 2477 553 2537 caeteris
565 2475 675 2537 Siculis
691 2478 761 2538 odio
773 2487 833 2551 est,
848 2479 887 2537 ab
901 2476 948 2537 his
963 2478 1041 2539 solis
1054 2492 1130 2539 ama·

119 2568 176 2619 tur.
191 2559 264 2620 Eius
282 2567 382 2620 autern
398 2558 566 2634 legationis,
582 2577 660 2634 quae
674 2562 713 2620 ad
727 2561 819 2621 istum
836 2561 1021 2621 laudandum
1041 2560 1130 2622 missa
1162 2598 1164 2603 -

115 2651 170 2715 est,
185 2642 329 2719 princeps
343 2650 391 2703 cst
404 2642 498 2702 Heius
511 2674 554 2686 —
568 2643 676 2704 etenim
692 2652 739 2705 est
753 2643 868 2719 primus
882 2642 1015 2706 civitatis
1029 2678 1081 2719 —,
1094 2656 1128 2704 ne

116 2727 206 2800 sorte,
223 2729 294 2789 dum
309 2724 438 2801 publicis
452 2726 601 2787 mandatis
617 2729 736 2799 serviat,
752 2729 791 2787 de
807 2728 931 2803 privatis
947 2726 1067 2791 iniuriis
1085 2740 1128 2789 re

114 2809 212 2870 liceat.
235 2811 284 2873 16.
306 2811 390 2870 Haec
405 2827 496 2884 quum
508 2809 618 2870 scirem
639 2819 669 2871 et
680 2811 857 2886 cogitarem,
874 2810 1010 2874 commisi
1026 2822 1129 2884 mmor,

115 2889 247 2967 iudices,
263 2895 354 2954 Heio=
375 2893 508 2975 produxi
521 2910 589 2953 eum
604 2894 702 2968 prima
715 2893 846 2954 actione=
866 2911 966 2968 neque
988 2897 1021 2956 id
1034 2904 1128 2957 umen

115 2972 176 3030 ullo
192 2975 327 3047 periculo
341 2976 409 3038 ieci.
443 2976 520 3050 Quid
539 2976 618 3036 enim
642 2984 759 3051 poterat
771 2975 866 3038 Heius
881 2980 1085 3052 respondere,
1104 2976 1127 3036 si

114 3061 197 3112 esset
210 3055 375 3131 improbus,
392 3059 419 3120 si
434 3059 481 3120 sui
493 3059 670 3121 dissimilis?
696 3060 774 3120 Esse
789 3061 840 3120 illa
853 3059 940 3134 signa
951 3061 1034 3122 domi
1048 3076 1126 3129 suaa,

114 3152 174 3195 non
193 3152 263 3197 esse
286 3143 367 3215 apud
386 3144 535 3203 Verrem?
561 3141 618 3215 Qui
638 3151 755 3217 poterat
777 3142 942 3219 quidquam
963 3139 1126 3205 eiusmodi

112 3217 236 3279 diceret
263 3221 303 3281 Ut
313 3222 403 3285 homo
414 3225 607 3299 turpissimus
622 3233 705 3285 esset
714 3225 1038 3303 impudentissimeque
1050 3242 1125 3287 men-

111 3301 230 3375 tiretur,
256 3303 314 3364 hoc
340 3304 467 3379 diceret,
493 3308 544 3367 illa
566 3323 601 3368 se
621 3307 765 3369 habuisse
788 3310 907 3370 venalia
931 3326 1030 3384 eaque
1061 3320 1125 3371 sese

113 3386 216 3459 quanti
237 3386 367 3448 voluerit
386 3389 570 3452 vendidisse.
601 3392 698 3452 Homo
721 3393 802 3454 domi
818 3410 893 3455 suae
913 3390 1124 3462 nobilissimus,
