2340 3788
242 258 244 263 .
340 186 831 254 cnr.aa-nr.s.ea-1oa..
892 194 897 240 ῑ
984 174 1074 261 ἰιι

10 340 112 414 equis
133 343 319 412 potestesse
337 343 517 398 tantusl-
531 335 588 397 sed
607 351 647 397 ne
665 336 748 397 bunc
763 337 910 434 quidem
902 357 1020 416 ipsum,
1040 351 1074 405 ul

26 419 208 494 pobliviscar
228 419 332 495 quanti
352 435 402 481 me
427 434 550 493 semper
570 418 714 480 feceritis
758 418 841 493 Quae
863 422 889 481 si
911 440 969 484 vos
992 424 1074 520 cepit

11 501 153 576 goblivio
168 509 219 562 aut
234 500 261 562 si
274 501 306 561 ιι
319 517 368 561 me
384 500 499 576 aliquid
513 500 693 575 offendistis,
710 517 763 562 eur
776 518 838 563 non
850 502 882 562 id
893 520 960 565 meo
972 508 1073 582 capite

21 585 142 663 potius
156 583 247 646 luitur
262 599 353 680 quam
368 582 514 645 Milonis?
536 583 696 643 Praeclare
715 583 797 645 enim
819 583 936 661 vixero,
957 589 1073 663 siquid

10 667 113 741 ·;,1nihi
136 667 280 728 acciderit
300 666 388 743 prius
406 681 497 740 quam
516 665 576 726 hoc
602 673 717 727 ιιιιιιι
732 666 808 727 mali
834 667 950 729 videro.
1001 668 1072 733 100.-

17 714 123 824 ;Νιιιι
137 765 186 809 me
200 766 262 811 una
272 748 443 810 consolatio
455 756 613 822 sustentat,
629 750 712 823 quod
726 749 789 824 tibi,
804 751 836 809 Τ
848 751 938 822 Αιιι,
956 754 1072 815 ιιιιιιι

10 851 57 908 ξι
73 848 121 893 me
136 831 265 907 amoris,
285 833 401 892 nullum
417 829 524 904 studii,
546 831 660 891 nullum
673 832 795 907 pietatis
816 833 951 893 olllcium
966 835 1072 897 deluit.

10 896 101 991 {Ego
126 914 296 975 inimicitias
316 912 485 991 potentium
499 928 555 988 pro
576 919 606 973 te
620 913 770 989 appetiti,
789 929 847 990 ego
861 931 961 976 meum
977 932 1072 992 saepe
1140 914 1145 925 ’

15 1014 154 1073 ;ιοιριι
176 1004 206 1057 et
225 996 318 1056 vitam
346 994 446 1057 obieci
472 993 563 1056 armis
583 995 772 1057 inimicorum
795 1005 930 1072 tuorum,
951 1013 1008 1072 ego
1023 1016 1072 1061 me
1142 1044 1146 1051 »

10 1079 177 1157 {plurimis
191 1094 249 1154 pro
262 1085 291 1139 te
304 1078 475 1154 supplicem
488 1077 602 1152 abieci,
619 1079 715 1151 bona,
733 1080 869 1141 fortunas
883 1096 969 1143 meas
985 1097 1020 1140 ao
1037 1082 1071 1142 li-

10 1165 179 1239 ;berorum
199 1176 335 1222 meorum
356 1161 387 1221 ιι
408 1159 650 1222 communionem
671 1170 789 1223 tuorum
809 1170 979 1239 temporum
999 1180 1073 1226 con·

10 1316 12 1321 ,
33 1244 105 1306 tuli=
121 1244 180 1304 hoc
196 1243 329 1320 denique
341 1243 411 1320 ipso
429 1242 494 1317 die,
516 1241 543 1304 si
567 1260 627 1318 qua
640 1243 689 1305 vis
706 1253 754 1305 est
768 1254 887 1321 parata,
910 1248 936 1308 si
953 1263 1013 1321 qua
1027 1248 1072 1309 di·

33 1325 158 1388 micatio
173 1325 282 1402 capitis
296 1327 412 1402 lutura,
427 1327 575 1401 deposco.
619 1325 701 1400 Quid
712 1326 772 1387 iam
794 1335 910 1389 restat?
930 1329 1003 1405 quid
1019 1330 1072 1391 lra-

32 1413 96 1471 beo
124 1410 208 1484 quod
228 1408 337 1481 faciem
361 1426 418 1485 pro
441 1409 501 1471 tuis
515 1407 546 1469 in
564 1425 614 1469 me
634 1409 748 1471 meritis
770 1410 829 1471 nisi
848 1421 881 1472 ut
895 1429 963 1473 eam
977 1414 1071 1475 lortu·

32 1508 115 1564 nam,
146 1509 357 1569 quaecumque
373 1493 433 1553 erit
446 1501 512 1566 lua,
533 1492 643 1553 ducam
657 1499 777 1553 meaml
801 1494 866 1553 Non
882 1496 994 1570 abnuo,
1009 1512 1072 1557 non

32 1591 162 1649 recuso,
183 1592 304 1652 vosque
319 1577 466 1648 obsecro,
482 1575 615 1647 iudices,
643 1583 676 1637 ιι
689 1584 792 1636 vestra
805 1577 969 1651 beneficia,
991 1594 1072 1654 qnae

32 1659 68 1720 in
85 1675 134 1719 me
149 1659 331 1732 contulistis,
342 1668 395 1721 aut
409 1659 441 1719 in
452 1659 543 1719 huius
561 1658 658 1718 salute
672 1657 809 1733 augeatis
825 1668 877 1720 aut
891 1659 922 1719 in
934 1662 1071 1723 eiusdem

35 1736 130 1803 exitio
146 1756 297 1802 occasura
311 1757 382 1802 essa
394 1739 533 1800 videatis.

98 1823 246 1884 XXXVII.
261 1820 332 1884 101.
345 1821 401 1883 llis
413 1819 546 1881 lacrimis
561 1837 624 1882 non
638 1830 778 1882 movetur
792 1794 864 1882 alno
876 1849 919 1867 -·-
930 1830 977 1883 est
994 1839 1070 1897 quo·

35 1907 109 1967 dem
124 1903 295 1967 incredibili
308 1904 421 1965 robore
436 1903 526 1963 animi
535 1935 595 1976 -,
607 1902 664 1964 sed
680 1903 819 1964 exsilium
833 1902 876 1963 ibi
890 1919 960 1965 esse
977 1913 1070 1979 putat,

32 1990 89 2051 ubi
103 1985 205 2048 virtuti
224 2001 286 2047 non
307 1985 347 2049 sit
368 1987 473 2047 loeus=
496 1994 624 2048 mortem
646 1994 771 2048 naturae
790 1985 881 2047 finem
895 2002 986 2058 esse,
1009 2004 1071 2048 non

32 2086 178 2149 poenam.
207 2068 253 2131 Sit
267 2069 317 2130 hic
331 2086 369 2131 ea
380 2078 488 2144 mente,
505 2087 566 2144 qua
579 2077 668 2131 natus
683 2076 744 2133 esa
762 2068 835 2143 quid
850 2085 916 2142 vos,
931 2067 1072 2130 iudices?

34 2170 100 2231 quo
125 2152 247 2214 tandem
277 2153 378 2214 animo
403 2152 509 2215 critis?
538 2151 716 2226 Memoriam
739 2151 861 2214 Milonis
892 2150 1070 2227 retinebitis,

33 2241 139 2313 ipsum
153 2234 301 2297 eiicietisl
322 2244 352 2298 et
372 2237 428 2298 erit
450 2235 570 2312 dignior
582 2237 669 2298 locus
683 2235 764 2298 ullus
778 2234 809 2294 in
821 2234 909 2297 terris
925 2236 976 2311 qui
990 2234 1070 2296 hanc

33 2321 179 2383 virtutem
199 2319 332 2395 excipiat
359 2319 450 2395 quam
470 2318 536 2394 hic,
560 2318 610 2396 qui
624 2319 821 2395 procrecvlta
837 2320 921 2394 Vos,
934 2334 992 2381 vos
1014 2334 1068 2393 ap·

34 2404 135 2481 pello,
151 2401 310 2464 fortissimi
325 2402 396 2475 viri,
420 2401 473 2478 qui
489 2405 614 2465 multum
629 2419 686 2478 pro
700 2419 735 2462 re
752 2401 875 2478 publiea
888 2400 1070 2478 sangninem

34 2484 205 2547 effudistisr
221 2502 278 2546 vos
292 2485 324 2546 in
335 2485 395 2545 viri
411 2485 485 2547 etin
499 2485 576 2547 civis
593 2485 696 2548 invicti
706 2485 843 2560 periculo
854 2486 986 2561 appello,
999 2499 1069 2544 cen·

32 2570 188 2643 turinnes,
216 2585 352 2645 vosque,
372 2567 497 2630 milites:
522 2568 612 2630 vobis
635 2585 697 2630 non
711 2569 803 2629 modo
818 2564 1069 2644 inspectantibus,

35 2653 93 2712 sed
108 2653 197 2712 etiam
212 2651 336 2712 armatis
351 2658 382 2713 et
400 2651 471 2712 huic
493 2649 606 2713 iudicio
626 2649 870 2727 praesidentibus
891 2650 968 2709 haec
987 2656 1070 2709 ιιιιι

33 2735 133 2793 virtus
156 2750 195 2793 ex
214 2734 272 2794 bac
291 2736 368 2795 urbe
388 2736 572 2809 expelletur,
594 2733 854 2806 exterminabitur,
875 2730 1070 2808 prolicietur?

35 2815 110 2878 102.
127 2815 150 2874 0
166 2832 215 2877 me
230 2817 384 2889 miserum,
400 2832 478 2877 ome
492 2817 658 2878 infelicem!
673 2814 832 2878 Revoc'ere
852 2824 885 2876 tu
906 2814 999 2874 mein
1014 2828 1069 2888 pa·

35 2899 141 2971 triam,
154 2898 243 2975 lliilo,
265 2899 389 2974 potuisti
401 2895 457 2974 per
473 2899 552 2973 hos,¹
571 2915 628 2975 ego
650 2910 680 2961 te
699 2901 730 2959 in
751 2897 849 2973 patria
871 2914 926 2973 per
942 2897 1067 2957 eosdem

35 2981 168 3042 retinere
183 2998 244 3042 non
263 2989 394 3058 poterut
413 2981 491 3056 Quid
511 2981 706 3057 respondebo
728 2981 830 3042 liberis
846 2979 938 3054 meis,
961 2977 1012 3054 qui
1039 2986 1069 3038 le

36 3074 193 3142 parentem
208 3067 335 3127 alterum
349 3071 478 3142 putante
500 3065 573 3141 quid
591 3065 658 3138 tibi,
683 3063 791 3138 Quinte
806 3065 907 3136 frater,
920 3062 970 3141 qui
987 3076 1068 3121 nunc

35 3150 129 3221 abes,
155 3151 290 3211 consorti
317 3165 436 3210 mecum
463 3156 631 3223 temporum
656 3147 795 3208 illorumt
817 3162 905 3206 mene
931 3161 991 3207 non
1012 3160 1069 3218 po-

32 3233 132 3293 tuisse
146 3231 270 3292 Milonis
286 3233 414 3294 salutem
428 3233 505 3292 tueri
521 3247 576 3305 per
590 3231 731 3302 eosdem,
757 3244 812 3305 per
834 3246 912 3305 quos
931 3236 1067 3288 nostram

34 3316 86 3375 ille
107 3321 284 3375 servasset?
309 3319 350 3376 At
380 3314 411 3373 in
437 3330 499 3389 qua
522 3329 615 3373 causa
639 3329 700 3372 non
727 3310 890 3407 potuisset
922 3317 1070 3385 quaeest

35 3404 123 3473 grata
143 3439 216 3462 .....
236 3396 377 3472 gentibus
392 3413 454 3459 non
468 3395 696 3471 potuissetis,
720 3395 770 3469 qui
786 3394 959 3479 maxinreP.
973 3388 1070 3452 clodii
