2340 3788
122 148 188 231 seo
348 122 763 207 nasamonium
779 142 946 207 enarro.
995 212 999 219 ,

79 348 85 363 ,
120 307 205 361 aum
225 291 413 369 eealtnoni
437 291 567 355 insidias
585 293 759 354 collocaret.
806 293 923 371 Atque
945 294 996 359 in
1085 337 1097 346 ,,

120 388 178 452 ost,
196 385 230 439 ut
246 377 420 439 canaonem
433 376 644 447 turbulentam,
657 373 690 435 in
704 391 766 452 qua
780 374 850 435 eiua
858 376 965 441 tutor
986 409 991 430 .
1010 408 1071 480 ''³.⁴.
1074 415 1090 430 ,,

120 469 178 534 est
192 459 417 536 quaeittoipso
428 457 591 519 dicbabita
599 457 877 533 astrelinqneret,
890 462 1046 536 quain
1015 464 1088 527 mse
1162 475 1168 532 ι

68 563 75 570 ·
120 542 266 606 iocinoris
286 543 388 603 locum
408 550 590 616 tempusque
604 538 770 613 voluisset,
790 556 974 617 numquam
986 548 1090 623 reiiqn

119 621 640 699 ae.u1r0antsmquuminsenstu
656 624 820 685 ltdseeteo
834 622 899 698 oie,
916 630 1037 703 quoad
1056 656 1076 681 ;,
1166 641 1168 697 j

123 716 173 771 est
192 707 355 777 dimissus,
369 706 492 768 domum
515 705 607 778 venit,
630 707 752 767 cuseos
767 713 798 767 et
819 708 1024 773 rasamenta
1085 748 1093 765 „

119 792 302 869 paullisper,
326 789 399 849 dum
414 803 555 862 scurror,
575 787 673 860 utllt,
692 795 865 863 comparat,
881 802 1095 857 commoratus

120 872 233 937 deinde
246 870 462 949 proiectueid
465 869 628 946 temporis,
648 886 741 945 quum
754 872 812 930 iarn
828 870 990 951 clodius,
1006 878 1036 940 si
1052 896 1088 955 q·

119 972 158 1017 eo
172 955 362 1017 diuitem
381 962 528 1015 venturus
548 961 621 1026 erat,
640 951 740 1013 redire
757 947 926 1029 poraneus
981 958 1042 1022 oh
1057 963 1088 1009 ³,

119 1037 149 1101 ei
163 1038 301 1110 modus,
322 1036 500 1115 expeditus,
520 1037 551 1096 in
572 1051 668 1111 equo,
689 1034 902 1109 nuliarbeda,
925 1042 1033 1104 nullis
1046 1045 1116 1105 im

119 1120 238 1194 mentis,
251 1118 342 1181 nullis
353 1119 479 1181 Graecis
489 1117 661 1189 comitibus
674 1127 710 1179 ut
722 1117 892 1214 solebat,
864 1136 943 1182 sme
951 1140 1072 1201 exose,
1089 1156 1091 1175 .

119 1218 285 1278 numquam
302 1201 380 1261 iere
372 1219 489 1276 quum
509 1202 559 1261 bic
573 1199 740 1274 insidiator,
756 1201 808 1276 qui
821 1199 881 1261 iter
892 1201 980 1266 illud
992 1210 1037 1269 ad
1099 1244 1114 1252 ι’

52 1326 55 1331 ,
119 1284 290 1347 laciendum
305 1292 502 1359 apparasset,
522 1299 592 1344 cunr
610 1298 710 1344 uxore
728 1282 912 1343 veheretur'
905 1301 939 1347 ra
956 1289 1074 1363 rheda
1097 1327 1121 1339 «-

119 1368 257 1440 nulatns,
279 1380 389 1440 magno
408 1375 439 1427 et
460 1364 608 1439 impedito
628 1375 660 1426 et
676 1364 814 1426 muliebri
827 1381 864 1425 ac
879 1367 1030 1435 delicato
1047 1370 1103 1435 ιιι·
1121 1410 1122 1417 ι

118 1465 185 1517 rum
200 1462 423 1523 puerorumque
437 1447 588 1509 comitatu
602 1438 654 1508 ao.
667 1445 715 1509 iot
728 1448 769 1509 ob
781 1447 858 1507 ιίιιιι
878 1448 1012 1515 clodio·
1008 1465 1102 1527 auu

120 1528 234 1589 dnm
207 1545 274 1589 erus
287 1529 364 1590 hora
378 1530 442 1590 lere
455 1530 615 1592 undecima
635 1539 762 1592 autnon
782 1531 876 1591 multo
898 1548 1020 1598 saeue.
1070 1545 1103 1581 'v

120 1611 292 1687 complures
312 1627 381 1672 curu
404 1611 506 1673 telis
497 1629 529 1673 ιιι
550 1613 631 1674 bunc
656 1614 769 1674 iaciunt
781 1614 820 1673 de
834 1613 909 1674 loco
927 1619 1107 1694 superiorc'

118 1703 237 1771 petuma
265 1694 388 1757 adversi
407 1695 582 1757 rhedarinm
602 1696 755 1758 occidunt.
804 1695 1042 1770 Quum-autern
1059 1703 1099 1763 bic

117 1778 213 1839 rheda
227 1777 340 1839 reiecto
355 1780 486 1854 paenula
500 1779 677 1840 desiluisset
698 1794 795 1854 seque
810 1779 872 1839 ocri
887 1781 1002 1846 animo
1018 1787 1055 1846 (ιι

118 1869 179 1936 ret,
193 1860 250 1933 illi,
267 1861 320 1936 qui
335 1872 421 1937 erant
433 1877 508 1923 eum.
517 1862 632 1936 Clodio,
647 1860 755 1937 gladiis
770 1861 904 1935 eductis,
920 1867 1044 1938 purtim
1058 1880 1125 1929 m

119 1960 188 2005 rere
210 1944 408 2018 admodum,
436 1953 470 2005 ut
495 1960 514 2004 a
540 1944 781 2018 terpobiilonem
802 1941 1024 2025 adorirentur,
1045 1948 1127 2026 part'a

121 2027 205 2101 quod
219 2027 299 2087 huno
313 2027 373 2087 iam
388 2028 575 2087 interfectum
591 2034 745 2101 putarent,
770 2027 899 2085 caedere
922 2028 1083 2108 incipiunt
1093 2032 1127 2092 ab

113 2125 241 2180 servos,
267 2111 317 2183 qui
336 2119 406 2183 post
420 2118 518 2171 orente
541 2126 580 2169 ex
598 2109 708 2183 quibus
725 2108 776 2183 qui
791 2110 890 2169 animo
907 2111 1028 2175 fideli
1018 2133 1052 2176 ιιι
1065 2112 1129 2175 doni

119 2207 190 2249 nuni
205 2200 236 2251 et
251 2191 404 2265 praesenti
421 2194 555 2263 luerunt,
580 2193 687 2266 partim
703 2190 798 2251 occisi
814 2199 898 2262 sunt,
918 2198 1055 2271 partim,
1071 2208 1131 2272 qun

118 2271 289 2331 adrbedam
297 2290 423 2349 pugnari
415 2275 575 2346 viderent
584 2275 706 2334 domino
715 2288 893 2333 succurrere
901 2278 1131 2347 prohiberentu

118 2353 260 2413 Milonem
274 2358 407 2416 occisum
425 2365 505 2418 etex
519 2357 588 2431 ipso
605 2356 708 2415 Clodio
723 2357 862 2416 audirent
880 2363 911 2416 et
925 2375 963 2421 re
980 2379 1063 2426 vera
1075 2370 1133 2438 putr

117 2444 195 2508 rent,
211 2438 347 2498 lecerunt
360 2439 392 2499 id
407 2441 486 2500 servi
501 2439 673 2498 Milonis—
691 2439 788 2499 dicam
803 2438 882 2498 enirn
900 2452 1018 2514 aperte
1035 2463 1095 2507 non
1105 2445 1134 2504 dt

14 2554 17 2559 ·
116 2518 237 2580 rivandi
257 2519 390 2582 criminis
412 2538 519 2592 causa,
547 2522 603 2581 sed
624 2523 777 2581 utioctunr
792 2530 894 2581 cst-
852 2538 972 2584 -nee
988 2528 1135 2604 imperant

117 2618 174 2663 nec
186 2605 300 2664 sciente
311 2620 368 2664 nec
379 2612 541 2678 praesente
556 2603 690 2674 domino,
708 2605 789 2678 quod
805 2620 880 2663 suos
892 2605 1038 2682 quisque
1053 2622 1135 2673 servu

116 2683 147 2745 in
163 2687 213 2746 tali
227 2702 273 2746 re
269 2688 376 2746 iacere
389 2686 546 2746 voluisset.
589 2687 639 2746 Xl.
654 2685 707 2747 30.
723 2688 819 2760 Haeo,
843 2685 921 2746 siout
940 2694 1098 2790 exposui,
1113 2693 1136 2750 it

116 2748 203 2842 gesta
218 2778 296 2840 sunt,
315 2769 446 2828 iudicesr
461 2767 620 2829 insidiator
634 2777 794 2844 superatus
809 2777 870 2838 est,
894 2770 923 2828 vi
943 2773 1032 2836 vieta
1048 2779 1096 2837 vis
1107 2773 1137 2833 vd

117 2853 220 2925 potius
235 2867 386 2926 oppressa
402 2850 510 2912 virtute
526 2852 654 2912 audacia
668 2861 723 2912 est.
757 2852 832 2911 Nihil
849 2851 918 2910 dieo
935 2856 1016 2927 quid
1034 2875 1087 2919 res
1101 2872 1137 2933 pu

115 2932 196 2993 blica
218 2942 384 2995 consecuta
402 2935 454 3006 sit,
475 2934 547 2994 nihil
564 2936 639 3009 quid
655 2950 727 3006 vos,
750 2935 821 2993 nihil
838 2933 911 3007 quid
932 2951 1052 3002 omnes
1062 2939 1138 3001 bod:

116 3013 190 3074 nibil
204 3033 279 3078 sanc
293 3018 324 3076 id
339 3016 436 3090 prosit
448 3016 567 3090 Miloni,
592 3017 643 3092 qni
663 3017 722 3077 hoc
738 3018 798 3077 lato
819 3025 906 3077 natus
927 3026 996 3094 est,
1019 3032 1140 3084 utnon

117 3094 239 3167 quidem
258 3115 379 3160 servare
392 3100 524 3174 potuerit
539 3101 612 3174 quin
626 3116 687 3160 una
699 3116 760 3159 rem
777 3099 926 3174 publicam
945 3118 1078 3180 vosque
1094 3118 1141 3164 ser

116 3183 211 3237 voret.
255 3181 287 3242 Si
301 3184 332 3242 id
345 3182 410 3242 iure
425 3183 491 3243 fleri
508 3199 567 3243 non
587 3182 698 3258 potuit,
720 3182 794 3242 nihil
814 3183 913 3242 habeo
934 3188 1024 3257 quod
1050 3190 1142 3250 delen·

116 3258 197 3318 darn.
239 3261 293 3321 Sin
306 3264 366 3324 boc
381 3274 410 3326 et
423 3267 499 3325 ratio
517 3267 615 3326 doctis
626 3273 656 3324 et
672 3265 841 3326 necessitas
866 3265 1010 3329 barbaris
1031 3281 1067 3332 et
1090 3282 1142 3330 mos

114 3342 255 3415 pentibus
270 3352 301 3404 et
315 3347 386 3406 ieris
403 3349 491 3407 etiam
506 3348 603 3408 beluis
614 3354 720 3406 natura
734 3347 802 3421 ipsa
816 3349 1029 3426 praescripsit,
1047 3362 1084 3416 ut
1094 3367 1142 3415 orn
