2340 3788
123 126 184 190 122
194 126 243 185 DE
256 123 411 184 IMPERIO
422 123 574 183 POMPEII
586 123 735 184 ORATIO.
779 124 860 190 CAP.
872 133 914 186 24.
926 131 951 192 S·
963 134 1085 191 to-tt.

123 274 284 351 quaeram
301 282 463 349 propterea
477 275 558 348 quod
574 272 709 348 pericula
723 273 826 346 tacite,
840 284 874 336 ut
887 274 1042 336 hominem
1058 294 1146 354 prae-

123 369 204 419 stare
226 366 357 431 oportet,
380 357 553 416 innocentia
573 357 643 416 teeti
662 359 858 430 repellemus,
880 357 1029 420 honorem
1044 370 1145 422 autem

123 457 223 515 neque
243 441 280 498 ab
297 457 358 499 uno
376 455 477 514 neque
491 456 531 500 ex
544 439 602 499 hoc
616 441 702 513 loeo,
727 441 781 499 sed
796 441 902 505 eadem
916 441 967 501 itta
981 452 1091 503 nostra
1104 448 1144 504 la-

123 522 335 583 boriosissima
348 524 469 584 ratione
487 514 580 594 vitae,
602 521 629 580 si
648 530 749 582 vestra
768 524 909 584 voluntas
924 526 1015 605 seret,
1036 541 1144 588 conse

122 623 258 682 quemur.
288 602 336 666 tr.
359 606 454 678 Quam
469 606 586 666 obrem
601 602 749 679 quidquid
762 604 792 664 irr
808 606 865 665 hao
880 622 973 667 eausa
987 607 1061 668 mihi
1077 626 1143 671 sus-

123 700 242 765 ceptum
264 697 325 762 est,
347 688 489 761 Quiritem
510 689 541 747 id
562 703 618 761 ego
640 702 729 748 omne
748 705 797 748 me
817 689 860 748 rei
884 689 1025 764 publicae
1050 707 1143 754 eausa

124 772 301 848 suscepisse
317 772 479 843 confirmo,
503 779 676 845 tantumque
691 771 792 845 abest,
807 780 840 831 ut
856 773 989 847 aliquam
1003 772 1142 836 mitrtoo-

123 874 193 916 narn
214 856 339 932 gratiam
354 853 513 928 quaesisse
529 855 648 926 videar,
671 862 703 914 ut
716 855 824 914 multas
839 870 887 914 me
906 856 994 915 etiam
1011 856 1142 918 simulta-

71 991 74 998 .
103 990 106 998 .
122 949 169 1000 tes
184 938 292 1014 part'rm
306 937 469 1007 obscuras,
490 938 598 1011 partim
612 945 733 1010 apertas
748 937 910 1013 intelligam
925 937 997 997 mihi
1014 955 1142 1000 nonne

70 1036 75 1045 ’
122 1020 291 1091 cessariam,
314 1019 401 1078 vobis
423 1035 481 1078 non
503 1018 623 1079 inutiles
645 1019 832 1094 suscepisse.
865 1021 927 1080 Sed
947 1036 1007 1095 ego
1021 1036 1071 1082 me
1084 1023 1141 1083 hoo

121 1105 238 1163 honore
258 1101 441 1176 praeditum,
462 1101 552 1161 tantis
575 1101 682 1162 vestris
704 1103 861 1164 beneflciis
875 1104 1027 1164 adfectum
1044 1107 1142 1178 statui,

20 1238 24 1245 .
121 1185 267 1258 Quiritem
288 1191 420 1242 vestram
443 1185 624 1246 voluntatem
647 1195 677 1246 et
695 1186 738 1244 rei
759 1186 899 1260 publicae
919 1187 1096 1262 dignitatem
1113 1198 1141 1248 et

5 1328 11 1335 ,
123 1268 248 1327 salutern
264 1265 486 1340 provinciarum
501 1276 591 1342 atque
605 1271 757 1329 sociorum
770 1270 846 1330 meis
859 1269 999 1331 omnibus
1011 1286 1140 1333 eommo-

120 1351 169 1408 dis
185 1359 214 1409 et
228 1346 395 1408 rationibus
409 1351 562 1424 praeferre
578 1361 727 1431 oportere.
