2340 3788
85 148 149 215 356
313 140 388 202 PRO
402 141 434 199 Τ.
450 138 568 199 Annio
583 137 728 199 MILONE
744 138 896 198 ORATIO.

85 294 263 358 admodum
277 289 368 366 igitur
382 305 450 352 eum
465 289 532 349 dies
543 304 605 348 non
617 285 744 348 lelellitt
763 285 834 346 Dixi
856 288 1008 362 equidem
1021 290 1131 353 modo.
1158 338 1162 391 i

84 376 252 441 Dictatoris
264 371 414 433 Lanuvini
436 379 515 432 stata
535 368 686 432 sacrificia
701 385 795 431 nosse
810 369 932 443 negocii
949 369 1033 430 nihil
1057 382 1161 433 eret

85 460 171 520 Vidit
183 471 314 517 neccsse
329 470 400 515 esse
416 453 523 514 Miloni
545 451 700 528 proficisci
712 451 882 513 Lanuvium
902 451 985 512 illo
974 469 1055 528 ipso
1072 474 1131 531 quo
1157 444 1161 535 ξ

87 550 135 606 est
149 537 376 617 prolectusdie.
419 538 526 611 ltaque
549 532 717 597 antevertit
760 536 800 594 Αι
821 550 882 608 quo
897 534 973 594 diet
997 554 1084 612 quo,
1100 542 1159 599 u't

86 634 157 687 ente
169 620 241 694 dixi,
255 619 328 682 luit
320 618 515 704 insanissima
527 619 627 680 contio
639 617 698 678 ab
689 616 788 693 ipsius
800 616 996 678 mercenario
1009 620 1158 709 tribuno,

87 706 186 784 plebis
203 694 367 765 concitato·
383 719 475 778 qucrn
490 702 569 770 diem
585 702 644 774 ille,
659 716 749 775 quarn
768 699 951 773 contionem,
973 719 1064 776 quos
1076 680 1158 764 cla.

87 805 200 861 mores,
214 785 274 849 nisi
265 785 325 847 ed
336 788 499 860 cogitatum
517 784 635 845 lacinus
649 790 879 878 approperaret,
894 799 1080 858 numquam
1089 803 1130 847 re

88 870 240 949 liquisset
282 868 362 944 Ergo
385 867 428 929 illi
448 884 487 928 ne
504 884 598 928 causa
613 867 737 942 quidem
754 864 886 937 itineris,
914 865 1014 927 etiarn
1036 885 1130 930 causa

88 952 246 1017 manendi·
268 951 376 1011 Miloni
389 944 532 1012 menendi
546 952 628 1010 nulla
642 949 786 1021 facultas,
800 947 935 1009 exeundi
950 965 1021 1011 non
1037 968 1131 1012 cause

90 1040 199 1110 solum,
211 1036 267 1095 sed
286 1035 374 1095 etiam
389 1032 559 1095 necessitas
575 1032 639 1093 luit
672 1031 813 1105 ouidi
789 1048 825 1105 ει,
839 1037 871 1091 nt
884 1030 935 1090 ille
956 1033 1066 1108 scivit,
1082 1035 1130 1094 ιιι-

90 1123 192 1183 lonem
207 1120 273 1178 lore
288 1134 326 1177 eo
344 1116 439 1178 diem
456 1116 516 1192 via,
531 1116 577 1177 sic
591 1114 729 1176 Clodium
742 1113 814 1175 Milo
831 1130 870 1173 ne
886 1114 1053 1189 suspicari
1071 1117 1131 1192 qni-

90 1204 159 1264 dem
170 1201 290 1277 potuitt
304 1199 356 1261 46.
367 1199 497 1261 Primum
512 1215 625 1274 quaero
642 1197 694 1273 qui
709 1196 788 1257 scire
800 1195 956 1272 potuerim
973 1200 1068 1274 quod
1081 1216 1130 1261 vos

90 1287 172 1347 idem
192 1283 223 1343 in
238 1280 344 1343 Clodio
370 1298 516 1357 quaerere
537 1298 597 1342 non
622 1282 759 1355 potestis.
807 1280 847 1340 Ut
867 1279 950 1339 enim
976 1282 1130 1344 neminen

91 1369 183 1429 alium
200 1365 259 1425 nisi
272 1365 305 1423 ι’.
320 1363 471 1437 Patinem,
483 1362 747 1424 familiarissimum
762 1377 865 1435 suum,
877 1374 1041 1441 rogasset,
1056 1365 1131 1427 seire
1154 1424 1157 1429 .

92 1447 252 1526 potuitillo
267 1447 336 1522 ipso
352 1446 402 1507 die
412 1445 568 1506 Lanuviia
583 1445 730 1507 dictatore
740 1445 853 1506 Milone
868 1445 962 1521 prodi
974 1446 1131 1509 flaminem
1154 1470 1157 1475 ·

93 1545 224 1592 necesse
244 1544 324 1590 esse.
368 1529 433 1590 Sed
458 1537 543 1590 erant
559 1528 698 1604 permulti
719 1528 784 1600 alii,
806 1544 845 1588 ex
867 1528 984 1603 quibus
999 1530 1036 1591 id
1052 1532 1130 1592 ιιοιι·
1153 1598 1157 1625 Ι

93 1614 164 1674 lime
179 1612 258 1672 scire
279 1620 402 1687 posset:
426 1627 534 1673 omnes
555 1611 673 1672 scilieet
682 1610 841 1672 Lanuvini.
882 1610 959 1672 Milo
978 1613 1022 1673 de
1038 1613 1131 1675 clodii

92 1695 192 1757 reditu
214 1695 296 1755 unde
315 1693 488 1771 quaesivitt
507 1695 676 1769 Quaesierit
701 1710 790 1754 saner
814 1695 1021 1770 videtequid
1047 1697 1130 1757 vobis
1153 1690 1157 1773 ξ

58 1822 64 1831 .
92 1780 217 1853 largiar:
237 1795 359 1839 servum
374 1777 473 1852 etiarn,
487 1787 521 1838 ιιι
538 1777 572 1852 Q.
589 1776 706 1851 Arrius,
720 1794 807 1838 meus
819 1777 947 1850 amicus,
963 1777 1059 1854 dixit,
1071 1797 1130 1840 cor·
1153 1788 1156 1799 '

92 1861 218 1938 ruperit
259 1860 364 1937 Legite
379 1859 552 1922 testimonia
565 1860 686 1921 testium
703 1868 883 1922 vestrorum.
911 1859 999 1921 Dixit
1013 1861 1051 1923 C.
1066 1863 1131 1923 Cas·

94 1943 191 2005 sinius
211 1942 340 2017 Schola,
361 1945 563 2015 Interamnae,
590 1942 841 2004 familiarissimus
862 1941 998 2003 elidem
1029 1961 1131 2006 eomes

94 2028 204 2096 clodii,
229 2026 316 2086 cuius
330 2028 388 2086 iarn
404 2025 521 2101 pridem
535 2025 708 2087 testimonio
724 2025 847 2087 Clodius
862 2027 973 2085 eadem
994 2027 1078 2088 hora
1092 2031 1131 2088 ln·
1153 2062 1156 2069 ·

93 2119 249 2171 teramnae
261 2110 358 2169 lucrat
370 2118 399 2168 et
409 2110 534 2181 Romae,
550 2107 582 2167 P.
597 2108 733 2169 clodium
744 2107 795 2168 illo
811 2108 861 2167 die
872 2109 1040 2169 inAlbano
1055 2129 1130 2171 man-

96 2207 200 2253 surum
215 2193 326 2264 luisse,
344 2192 400 2250 sed
415 2191 514 2252 subito
531 2208 602 2252 esse
621 2191 649 2251 ei
672 2190 845 2251 nunciatum
861 2191 977 2265 cyrum
1004 2195 1131 2255 archlte

95 2282 176 2333 ctum
188 2288 258 2333 esse
273 2281 432 2346 mortuum,
448 2273 550 2348 itaque
565 2282 690 2348 repente
705 2275 832 2333 Romam
844 2271 1054 2336 constituisse
1070 2294 1131 2352 pro·
1154 2280 1161 2289 '

96 2354 202 2416 ficisci.
245 2353 327 2414 Dixit
340 2355 399 2414 hoc
415 2371 517 2416 comes
535 2357 605 2416 item
617 2357 648 2415 P.
665 2357 775 2428 Clodii,
792 2355 823 2418 C.
840 2354 978 2416 Clodius.
1026 2359 1132 2419 letl.

95 2435 146 2499 47.
158 2436 278 2510 Videte,
291 2436 418 2509 iudices,
431 2449 562 2512 quantae
573 2456 624 2499 res
635 2439 683 2499 his
694 2438 875 2500 testimoniis
887 2440 948 2499 sint
961 2444 1132 2504 conlectae.

95 2520 225 2580 Primum
242 2528 322 2580 certe
337 2519 480 2579 liberatur
493 2522 564 2581 llllilo
585 2539 645 2581 non
665 2538 702 2582 eo
727 2522 856 2583 consilio
872 2523 1040 2596 proiectus
1060 2541 1133 2595 esse,
1153 2532 1157 2539 '

78 2598 81 2604 ’
96 2612 129 2664 ut
142 2602 335 2663 insidiaretur
349 2603 379 2661 in
396 2602 445 2661 via
460 2603 583 2663 Clodio:
600 2604 724 2679 quippe,
740 2608 766 2666 si
781 2607 830 2665 ille
845 2604 956 2664 obvius
968 2605 999 2665 ei
1017 2609 1133 2670 iuturus

97 2688 220 2748 omnino
239 2702 300 2745 non
313 2694 386 2745 erat.
414 2683 530 2744 Deinde
546 2706 664 2747 —non
680 2689 759 2748 enim
776 2688 866 2747 video
882 2704 936 2747 cur
953 2705 1021 2749 non
1039 2708 1133 2753 meun

99 2785 223 2844 quoque
239 2784 328 2842 agam
344 2767 506 2840 negocium
523 2802 560 2812 -
583 2771 683 2843 scitis,
697 2771 825 2843 iudices,
839 2771 935 2831 luisse
953 2772 1011 2843 qui
1032 2773 1067 2835 in
1084 2776 1133 2835 ιιι
1151 2796 1158 2871 Ι

97 2853 256 2926 rogatione
271 2850 430 2911 suadenda
446 2849 583 2912 dicerent
595 2852 716 2914 Milonis
738 2871 830 2914 manu
852 2854 981 2912 caedem
1000 2873 1085 2919 esse
1098 2860 1133 2917 la·
1152 2894 1155 2899 ·

99 2942 193 3006 ctam,
216 2933 344 2994 consilio
357 2949 429 2992 vero
445 2931 567 2994 maioris
582 2935 719 2996 alicuius.
762 2938 811 2995 Me
826 2935 970 2997 videlicet
986 2935 1133 3002 le'tronen
1154 2940 1157 2945 '

99 3032 135 3076 ac
151 3016 292 3077 sicarium
306 3014 417 3079 ‘abiecti
431 3016 568 3076 homines
587 3027 617 3078 et
633 3020 741 3092 perditi
761 3018 1010 3079 describebant.
1039 3024 1134 3085 Iacent

64 3162 77 3182 ‚
99 3098 164 3158 suis
179 3101 342 3162 testibus
323 3120 358 3169 ιι,
381 3101 433 3176 qui
448 3099 585 3160 Clodium
606 3111 716 3174 negent
736 3119 773 3162 eo
789 3102 839 3161 die
853 3103 999 3176 Romam,
1025 3107 1092 3167 nisi
1106 3109 1134 3166 de

99 3182 180 3259 Cyro
195 3182 346 3258 audisset,
371 3184 467 3244 luisse
481 3183 655 3245 rediturum.
698 3183 868 3258 Respirevi,
887 3184 1043 3248 liberatus
1060 3207 1133 3251 sun

99 3279 160 3325 oon
174 3281 281 3325 vereor
295 3282 352 3338 ne,
374 3268 456 3341 qnod
478 3283 516 3325 ne
532 3266 682 3342 suspicari
702 3268 824 3341 quidem
840 3268 1008 3343 potuerim,
1037 3274 1134 3333 videar

100 3347 132 3408 id
146 3348 307 3422 cogitasse.
330 3312 380 3410 4'8.
391 3350 477 3409 Nunc
488 3360 795 3424 persequarcaetera.
812 3351 887 3408 Nam
899 3353 1042 3416 occurrit
1054 3356 1133 3417 illud·
