2340 3788
368 166 452 228 OAP.
466 172 600 229 m—bb·
620 170 647 234 S·
663 172 794 231 77-83.
1032 170 1102 239 867

62 319 148 381 niae!
173 333 249 392 quas
267 333 319 377 res
334 314 454 377 divinus
468 315 580 377 talibus
601 313 754 376 institutas
772 317 860 377 virist
885 334 966 395 quos
980 329 1098 396 cantus,

62 415 148 477 quae
162 399 310 460 carminat
331 410 436 475 prope·
451 399 490 459 ad
511 396 743 459 immortulitntis
760 406 790 459 ct
802 398 980 474 religionem
994 412 1024 465 ct
1038 420 1099 465 me·

62 481 193 543 moriam
208 490 434 543 consecrantur.
456 481 523 541 Vos
540 480 614 541 tanti
629 489 876 542 conservatorem
890 485 1011 561 popuii,
1027 488 1099 549 tnnti

62 564 197 628 sceleris
208 564 344 626 'ultorem
363 580 426 626 nou
441 564 534 624 modo
557 562 729 623 honoribus
748 562 840 624 nuliis
861 562 1025 642 adficietis,
1041 571 1098 630 sed

62 648 157 709 etiam
173 647 213 707 ad
230 646 413 723 supplicium
428 645 494 720 rapi
508 643 685 719 patieminit
705 644 920 719 confiteretur,
941 650 1098 711 confitere

62 747 123 803 ·.ur,
140 729 272 805 inquam,
284 731 311 790 si
325 729 459 801 fecisset,
473 736 505 789 et
517 742 628 801 magno
644 728 744 788 animo
757 737 788 789 et
798 728 927 791 libenter
941 731 1053 792 iecisse
1064 750 1099 793 se

62 813 211 874 ibertntis
233 812 367 873 omnium
392 826 502 882 causa,
533 811 617 885 quod
646 819 730 871 essct
757 810 785 872 ei
808 827 870 872 non
892 813 1099 874 confitendum

62 895 174 969 modo,
198 910 307 955 verum
322 893 414 954 etiam
429 893 678 967 praedicandum.
721 894 812 953 XXX.
827 893 878 956 st.
893 894 1011 957 Etenim
1027 897 1054 956 si
1068 897 1100 957 id

62 994 126 1039 non
142 985 240 1052 negat,
256 992 297 1037 ex
313 992 374 1052 quo
393 975 465 1034 nihii
478 975 554 1049 petit
568 976 627 1034 nisi
642 984 676 1037 ut
689 977 880 1052 ignoscatur,
902 977 1053 1039 dubitaret
1067 978 1100 1039 id

62 1059 162 1133 interi,
179 1075 218 1119 ex
231 1074 291 1133 quo
304 1060 392 1119 etiam
405 1057 541 1133 praemia
553 1057 653 1118 laudis
665 1067 771 1119 esseut
783 1061 941 1134 petendos
954 1061 1013 1120 nisi
1025 1076 1098 1123 vero

62 1143 180 1218 gratius
200 1148 286 1216 putat
297 1156 368 1202 essc
382 1139 472 1200 vobis
493 1139 542 1200 sui
562 1157 598 1200 sc
618 1140 726 1216 capitis
740 1158 831 1217 quam
844 1143 940 1204 vestri
955 1144 1100 1207 defenso·

62 1241 128 1285 rem
144 1223 256 1296 fuisse,
271 1238 363 1297 quum
379 1221 558 1298 pracsertim
572 1222 602 1283 in
617 1239 655 1283 en
666 1224 876 1299 consessione,
894 1226 920 1287 si
935 1227 1013 1301 grati
1028 1243 1099 1288 esse

62 1305 193 1379 velletis,
208 1306 341 1367 honores
357 1307 578 1381 adsequeretur
591 1305 806 1381 umpiissimos.
835 1307 869 1370 Si
883 1310 993 1371 iactum
1008 1310 1099 1372 vobis

62 1407 125 1452 non
143 1389 323 1464 probaretur
333 1422 368 1434 -
386 1404 568 1464 quamquam
584 1388 637 1464 qui
652 1397 769 1463 poterat
784 1391 868 1451 sulus
883 1409 941 1453 sua
957 1392 1099 1469 cuiquam

62 1489 126 1534 non
149 1471 295 1547 probari?
312 1502 361 1519 -·
374 1472 431 1534 sed
453 1480 554 1533 tamtm
578 1471 726 1535 siminus
748 1470 904 1535 fortissimi
925 1474 980 1535 viri
1002 1476 1097 1537 virtus

63 1555 187 1617 civibus
201 1552 287 1629 grati
302 1553 482 1628 cecidisset,
502 1570 613 1632 magno
630 1556 731 1616 animo
746 1556 959 1634 constantique
975 1561 1099 1620 eederet

63 1655 105 1699 ex
119 1637 238 1713 ingrata
252 1637 383 1698 civitate.
426 1638 502 1697 Nam
523 1637 599 1712 quid
620 1646 704 1699 esset
722 1636 870 1713 ingratius
887 1656 977 1715 quam
992 1642 1097 1702 iactari

63 1730 212 1794 caeteros,
226 1722 407 1795 lugerceum
420 1720 528 1792 solum,
540 1726 664 1794 proptor
672 1734 763 1793 quem
776 1721 1097 1783 caeteriinetcrentbra

63 1804 114 1866 82.
140 1802 328 1876 Quemquam
348 1801 409 1860 hoo
428 1801 528 1861 auimo
544 1814 667 1874 semper
681 1816 789 1861 ornnes
804 1801 917 1863 iuimus
932 1803 962 1863 iu
981 1803 1098 1878 patriae

62 1883 273 1962 proditoribus
293 1881 523 1957 opprimendis,
544 1890 593 1954 ut,
617 1881 761 1956 quoniam
781 1890 887 1944 nostra
901 1885 1000 1945 iutuun
1015 1892 1099 1945 esset

64 1968 175 2044 gioria,
197 1966 366 2042 periculum
389 1980 513 2039 quoque
534 1962 565 2024 ct
583 1962 729 2025 invidiam
751 1973 887 2028 nostram
909 1974 1097 2043 putaremus.

63 2053 138 2111 Nnm
160 2064 240 2124 quae
261 2044 414 2122 mihiipsi
435 2047 595 2108 tribuenda
615 2048 683 2108 laus
703 2057 799 2123 esset,
822 2064 913 2125 quum
933 2058 1048 2111 tantum
1064 2048 1097 2109 iu

65 2133 227 2195 consulatu
242 2147 311 2192 mco
324 2146 379 2206 pro
396 2129 485 2191 vobis
502 2146 539 2191 ac
555 2129 659 2190 liberis
673 2132 786 2192 vestris
805 2146 901 2193 ansus
922 2148 1044 2208 essem,
1067 2132 1095 2193 si

64 2217 107 2290 id,
123 2231 215 2290 quum
231 2214 374 2285 conabar,
389 2212 456 2276 sine
469 2212 608 2273 maximis
620 2212 864 2276 dimicationibus
873 2215 950 2276 meis
960 2232 1010 2276 me
1025 2230 1097 2277 esse

65 2315 210 2360 ausurum
224 2297 407 2358 arbitrarer?
423 2296 506 2370 Quae
523 2295 631 2357 mulier
644 2299 824 2359 sceleratum
838 2312 875 2358 no
892 2300 1096 2375 perniciosum

66 2381 166 2442 civem
183 2379 325 2442 occidere
340 2395 402 2440 non
416 2379 552 2454 auderet,
567 2379 595 2441 si
608 2379 777 2457 periculum
791 2396 853 2441 non
867 2380 1005 2443 timereti
1022 2382 1096 2442 Pro-

63 2465 166 2540 posita
184 2462 314 2536 invidia,
335 2470 447 2535 morte,
463 2478 566 2538 poenn
594 2462 646 2537 qui
661 2462 754 2525 uiiuiio
776 2462 901 2538 segnius
919 2480 983 2525 rem
998 2463 1096 2539 pubii-

67 2564 133 2608 cam
155 2546 305 2618 defendit,
330 2544 358 2606 is
382 2540 428 2605 vir
447 2562 521 2606 vere
542 2547 695 2620 putandus
719 2555 775 2607 est.
795 2562 798 2567 ·
822 2546 930 2621 Populi
951 2545 1029 2621 grati
1050 2554 1097 2605 est

66 2632 210 2705 praemiis
224 2629 358 2691 adiicere
372 2629 451 2689 bene
465 2627 589 2689 meritos
604 2629 644 2689 de
656 2645 691 2689 re
710 2628 832 2704 publica
848 2628 949 2703 cives,
961 2627 1019 2687 viri
1036 2629 1097 2688 ior-

65 2714 103 2773 tis
118 2728 156 2771 ue
172 2711 331 2788 suppliciis
349 2712 472 2787 quidem
485 2710 600 2772 moveri
615 2719 648 2772 ut
664 2713 780 2773 fortiter
801 2712 915 2772 iecisse
934 2711 1096 2786 poenitent.

64 2793 116 2857 83.
133 2795 227 2866 Quam
242 2794 281 2856 ob
294 2811 359 2855 rem
372 2802 504 2855 uteretur
516 2794 623 2854 endem
636 2794 834 2856 confessione
844 2794 876 2852 T.
890 2793 1019 2866 Annius,
1036 2808 1097 2868 qua

64 2877 178 2949 Atinia,
203 2893 263 2953 qun
276 2877 401 2951 Nasica,
422 2894 483 2952 qua
498 2875 651 2952 Opimius,
672 2893 735 2952 qua
750 2875 880 2950 Murius,
902 2892 963 2954 qua
976 2885 1098 2937 uosmet

65 2957 141 3034 ipsi,
155 2968 199 3033 et,
214 2961 240 3021 si
254 2970 339 3035 grata
352 2976 403 3021 res
418 2961 541 3036 publica
554 2967 652 3034 essct,
668 2962 845 3021 laetareturr
863 2959 890 3019 si
903 2959 1036 3035 ingrata,
1051 2967 1095 3020 tn·

64 3059 134 3102 men
149 3043 179 3101 in
194 3043 280 3118 gravi
294 3044 415 3105 iortuna
428 3042 616 3105 conscientia
629 3058 688 3105 sua
701 3042 857 3104 niteretur.

129 3124 192 3186 Sed
203 3125 297 3188 huius
317 3126 458 3188 beneficii
473 3126 615 3202 modam,
630 3124 764 3199 indices,
780 3127 901 3185 fortuna
915 3123 1021 3201 popuii
1034 3124 1094 3201 ito-

64 3209 146 3269 mani
162 3218 193 3271 et
208 3219 310 3271 vestra
326 3208 456 3271 reticius
472 3218 502 3271 et
516 3210 545 3270 di
566 3210 751 3270 immortales
775 3206 833 3269 eibi
855 3205 959 3267 deberi
980 3214 1095 3283 putant.

64 3292 127 3352 Nec
148 3309 221 3354 vero
241 3292 404 3367 quisquam
424 3292 512 3354 aliter
531 3291 669 3353 arbitrari
688 3298 806 3367 potest,
828 3290 887 3351 uisi
908 3289 961 3367 qui
982 3290 1098 3349 nubum

64 3374 125 3437 vim
141 3390 213 3436 esse
227 3374 312 3436 ducit
325 3391 477 3437 uumeuvs
496 3374 647 3449 divinum,
670 3389 761 3451 quem
781 3388 883 3449 neque
902 3370 1020 3449 imperii
1042 3387 1095 3431 oo·
