2332 3772
362 104 445 165 CAP.
461 111 590 167 dd—dl·
610 109 636 172 5·
653 111 784 169 tl—la
1023 100 1088 171 445

63 270 161 333 quum
176 262 314 332 peterent
328 253 421 315 armis
434 252 471 327 il,
495 268 624 329 quorum
638 261 724 315 erant
736 251 855 329 legibus
867 288 909 303 -
921 256 980 320 etsi
996 258 1026 319 ln
1040 275 1088 320 re·

62 338 124 400 bus
138 336 337 414 iniquissimis
348 337 420 413 quid
432 344 613 412 potestesse
625 335 795 411 aequtr-,
807 344 906 398 lamen
921 359 1010 418 quem
1025 351 1089 405 erat

63 420 284 496 aequissimum
311 429 416 481 contra
437 419 489 479 Gn.
510 418 646 495 Pompeii
668 420 782 481 liberos
807 434 956 495 pugnare,
976 432 1089 501 quemr

61 504 121 579 Te,
136 513 296 565 sectorem.
338 501 387 565 76.
409 504 458 563 An
479 519 570 577 quum
593 511 625 564 tu
640 503 778 563 Narbone
798 518 921 563 mensas
935 504 1087 583 hospitum

63 602 283 667 convomeres,
300 586 456 647 Dolabella
470 600 524 661 pro
540 592 570 644 te
584 584 613 644 in
627 584 774 661 Hispania
790 584 966 647 dimicarett

69 664 72 669 ’
129 668 185 743 Qui
201 686 274 731 vero
295 667 436 729 Narbone
456 666 586 729 reditust
605 667 701 729 Etiam
722 668 887 743 quaerebat
906 685 960 729 cur
974 685 1031 744 ego
1048 688 1089 734 ex

62 750 136 829 ipso
152 768 243 814 cursu
263 759 324 811 tam
344 749 443 811 subito
460 752 662 812 revertissem.
705 750 842 826 Exposui
856 766 966 826 nuper,
987 762 1088 828 patres

62 835 242 911 conscripti,
257 849 381 894 causam
394 832 510 894 reditus
524 833 593 894 mei.
619 835 719 907 Volui,
731 835 757 894 si
772 848 905 908 possem,
920 832 1090 917 etiamtante

61 918 220 979 Kalendas
233 917 388 977 lanuarias
405 917 554 991 prodesse
569 915 614 976 rei
629 915 776 990 publicae.
798 916 882 989 Nam,
898 917 981 991 quod
997 933 1092 991 quaes

60 1001 166 1074 rebas,
178 1016 239 1076 quo
250 1000 341 1060 modo
353 998 510 1073 redissem,
524 997 651 1074 primum
662 999 740 1071 luce,
753 999 967 1059 nontenebris=
980 999 1090 1060 deinde

36 1152 40 1158 ,
60 1100 135 1145 cum
152 1081 264 1144 calceis
279 1090 309 1142 et
325 1089 404 1157 toga,
420 1082 509 1142 nullis
520 1096 576 1141 nec
594 1080 715 1141 Gallicis
729 1097 787 1142 nec
800 1082 930 1141 lacerna.
950 1084 990 1142 At
1001 1081 1091 1144 etiam

60 1164 182 1240 aspicis
196 1173 288 1224 meet
302 1163 438 1238 quidem,
453 1171 487 1224 ut
502 1162 628 1237 videris,
649 1163 752 1225 iratus.
795 1164 838 1225 Ne
852 1172 885 1225 tu
898 1163 956 1225 iam
972 1181 1089 1227 mecum

60 1251 96 1311 in
112 1245 238 1321 gratiam
258 1246 381 1320 redeas,
403 1245 430 1307 si
456 1246 537 1308 scias
552 1264 643 1323 quam
657 1263 704 1308 me
718 1247 832 1321 pudeat
845 1247 998 1324 nequitiae
1011 1255 1090 1322 tuae,

61 1332 155 1392 cuius
175 1338 204 1390 te
226 1329 325 1404 ipsum
348 1345 409 1390 non
430 1330 533 1405 pudet
581 1331 627 1390 Ex
654 1330 786 1392 omnium
807 1331 948 1392 omnibus
968 1329 1090 1405 flagitiis

59 1412 180 1474 nullum
195 1410 312 1486 turpius
330 1411 400 1487 vidi,
418 1413 531 1473 nullum
546 1412 658 1474 audivi.
727 1413 783 1488 Qui
797 1412 941 1491 magister
957 1415 1091 1491 equitum

62 1494 164 1556 luisse
176 1492 230 1554 tibi
245 1493 393 1568 viderere,
411 1494 442 1555 in
456 1495 627 1571 proximum
642 1512 753 1559 annum
763 1500 952 1559 consulatum
968 1506 1090 1573 peteres

63 1578 117 1639 vel
138 1577 239 1652 potius
258 1593 399 1652 rogares,
418 1578 445 1638 is
467 1594 522 1652 per
541 1578 704 1653 municipia
718 1580 916 1655 coloniasque
930 1580 1053 1654 Galliae,
1072 1598 1090 1641 a

64 1675 130 1738 qua
144 1676 201 1721 nos
215 1668 284 1731 tum,
301 1670 394 1735 quum
406 1661 581 1720 consulatus
594 1661 759 1735 petebatur,
776 1677 837 1722 non
851 1662 1023 1736 rogabatur,
1037 1679 1089 1738 pe-

63 1750 132 1805 tere
152 1744 341 1804 consulatum
366 1741 556 1815 solebamus,
571 1756 638 1801 cum
656 1740 777 1801 Gallicis
801 1751 830 1802 et
849 1744 970 1803 lacerna
984 1758 1090 1803 cucur·

64 1824 142 1886 risti.
185 1821 354 1886 xxxiii.
375 1826 415 1884 At
437 1823 537 1884 videle
557 1822 706 1884 levitatem
720 1823 860 1884 hominis.
904 1823 1000 1897 Quum
1015 1825 1091 1886 hora

63 1906 130 1970 diei
149 1909 213 1969 lere
233 1905 352 1968 decima
369 1907 408 1966 ad
424 1904 507 1967 Saxa
519 1906 610 1967 rubra
625 1903 768 1980 venisset,
783 1904 899 1968 delituit
912 1906 942 1967 in
960 1907 1090 1984 quadam

63 1991 240 2065 cauponula
259 1997 352 2065 atque
371 1989 410 2051 ibi
436 2005 471 2050 se
491 1991 648 2051 occultans
669 1988 840 2064 perpotavit
860 1989 900 2050 ad
915 2004 1089 2066 vesperam=

65 2073 141 2135 inde
158 2071 233 2141 cisio
250 2072 386 2133 celeriter
410 2073 449 2132 ad
463 2074 568 2134 urbem
583 2072 745 2152 advectus,
760 2073 882 2133 domum
896 2062 979 2134 venit
992 2073 1090 2147 capite

64 2156 224 2239 obuoluto.
266 2155 391 2217 lenitura
418 2155 490 2229 Quis
516 2164 563 2217 tut
586 2157 615 2216 A
633 2155 735 2216 Marco
757 2154 939 2217 tabellarius.
983 2155 1090 2217 Conle-

65 2238 139 2301 stim
158 2239 197 2298 ad
212 2252 293 2312 eam,
315 2236 412 2298 ouius·
423 2255 516 2299 causa
531 2247 667 2314 venerat,
681 2237 772 2315 eique
788 2236 945 2314 epistolam
959 2238 1090 2300 tradidit.

64 2322 165 2397 Quam
180 2336 271 2397 quum
286 2319 336 2380 illa
351 2321 463 2396 legeret
476 2321 554 2383 flens
573 2354 609 2367 -
632 2321 788 2383 eratenim
805 2320 918 2398 scripta
931 2321 1089 2383 amatorias

65 2411 163 2478 caput
184 2411 284 2465 autem
301 2402 463 2465 litterarum
486 2404 543 2465 sibi
565 2421 631 2467 eum
646 2406 697 2465 illa
709 2404 799 2466 mima
814 2404 940 2485 posthac
955 2403 1027 2464 nihil
1045 2404 1059 2462 l
1079 2436 1090 2446 -

65 2494 182 2550 turum:
208 2501 327 2548 omnem
354 2502 388 2547 se
413 2503 547 2549 amorem
574 2487 725 2549 abiecisse
750 2488 830 2548 illiue
850 2495 940 2562 atque
959 2485 987 2545 in
1011 2485 1090 2546 hanc

66 2568 271 2633 transmoisse
283 2601 321 2614 -
335 2585 426 2644 quum
441 2569 546 2631 mulier
561 2569 647 2633 tieret
662 2570 795 2644 uberius,
811 2569 902 2631 bom'o
917 2567 1090 2630 misericors

67 2654 150 2714 rene
170 2668 231 2714 non
247 2649 355 2729 potuit,
376 2661 467 2729 caput
482 2652 609 2729 aperuit,
625 2655 655 2714 ln
668 2656 776 2716 collum
791 2651 910 2714 invasit.
954 2650 977 2711 0
995 2651 1090 2711 bomi-

66 2750 140 2796 nem
166 2742 312 2812 nequam!
336 2733 413 2808 Quid
433 2735 512 2797 enim
531 2736 613 2797 aliud
633 2737 751 2798 dieamt
769 2736 866 2812 Magis
882 2733 1005 2812 proprie
1018 2732 1090 2793 nihil

68 2833 199 2895 possum
219 2818 330 2879 dicere.
373 2818 463 2893 Ergo,
478 2825 511 2879 ut
531 2828 560 2880 te
576 2819 760 2893 catamitum,
783 2816 976 2895 necopinato
998 2833 1090 2894 quum

44 2900 278 2985 ostendisses,
298 2911 418 2976 praeter
437 2917 522 2978 spem
545 2901 651 2962 mulier
669 2902 834 2978 aspiceret,
856 2900 970 2963 ideirco
986 2900 1089 2963 urbem

66 2995 186 3047 terrore
201 2992 356 3059 noemma,
371 2983 485 3046 Italiam
498 2986 656 3047 multorum
668 2985 780 3046 dierum
798 2993 879 3046 metu
889 2982 1091 3060 perturbastis

68 3064 122 3130 ts.
145 3064 183 3128 Et
201 3066 284 3128 domi
303 3068 425 3145 quidem
440 3063 563 3130 causam
578 3066 690 3129 amoris
706 3065 822 3138 habuit,
839 3066 913 3128 loris
928 3067 1016 3130 etiam
1030 3073 1089 3126 tur-

48 3147 204 3226 piorem,
224 3164 263 3210 na
282 3150 314 3210 L.
333 3151 461 3214 Plancus
480 3151 607 3228 praedes
628 3166 701 3212 suos
720 3151 874 3212 venderet.
922 3149 1089 3213 Productus
1134 3157 1136 3162 ·

68 3238 175 3293 autem·
187 3232 216 3292 in
236 3233 406 3298 contionem
422 3233 572 3312 atribuno
595 3232 692 3310 plebis
713 3249 804 3308 quum
825 3234 1039 3312 respondisses
1060 3240 1091 3293 te
