2340 3788
314 160 317 169 ’
367 164 775 233 cAP.r—1o.s.1s—ar.
1032 172 1093 241 141

61 314 216 383 sententia
229 325 362 391 possunt
374 322 441 389 aut,
456 316 484 376 si
499 317 733 392 permanebunt5
752 317 848 394 magis
864 319 937 381 mihi
952 321 1094 386 videntur

59 410 134 464 vota
149 398 258 460 iacturi
275 406 381 461 contra
394 415 458 459 rem
474 399 628 474 publicam
644 416 736 475 quam
750 417 833 461 arma
847 405 945 465 laturi.
975 407 1026 467 ix„
1042 407 1092 469 19.

58 487 200 546 Alterum
214 497 313 556 genus
327 489 511 556 astrorum,
532 482 600 557 qui,
628 499 813 558 quamquam
828 496 1006 559 premuntur
1020 507 1093 551 aere

59 566 172 638 alieno,
188 564 425 627 dominationem
439 573 538 626 tamen
553 573 743 640 exspectant,
757 582 857 627 rerum
872 570 963 644 potiri
977 575 1092 648 volunt,

60 652 209 722 honores,
233 665 314 724 quos
336 648 440 725 quieta
460 649 632 724 republica
653 649 832 723 desperant,
856 654 1030 725 perturbata
1056 673 1092 717 se

60 731 214 808 consequi
228 748 325 808 posse
341 730 531 794 arbitrantur.
574 731 689 806 Quibus
709 732 769 792 hoc
785 733 1032 808 praecipiendum
1049 740 1092 799 vi·

60 819 160 889 detur,
174 832 269 877 unum
284 815 402 877 scilicet
420 821 451 875 et
469 815 551 876 idem
565 816 648 889 quod
668 815 795 890 reliquis
813 816 969 891 omnibus,
991 826 1026 880 ut
1039 821 1092 881 de·

60 908 187 978 sperent
199 914 234 960 se
243 898 284 972 id,
302 899 387 974 qnod
398 907 554 975 conantur,
566 897 716 974 consequi
727 915 836 974 posse:
853 899 983 975 primum
998 901 1093 963 omni·

59 1001 110 1047 nm
120 983 285 1058 meipsum
295 981 432 1057 vigilare,
446 983 567 1056 adesse,
582 982 746 1058 providere
756 982 800 1042 rei
811 983 968 1059 publicam
981 984 1094 1046 deinde

15 1122 23 1139 ,
59 1083 191 1143 magnos
211 1065 330 1126 animos
352 1081 424 1126 esse
447 1064 479 1126 in
501 1065 592 1129 bonis
613 1066 702 1139 viris,
733 1081 874 1142 magnam
896 1066 1094 1129 concordiam

59 1149 194 1213 maxima
213 1147 246 1209 in
261 1147 466 1227 multitudine,
497 1166 624 1225 magnas
643 1158 804 1226 praeterea
828 1149 954 1211 miiitum
968 1144 1092 1226 eopiiasc
1128 1222 1133 1229 .

59 1235 137 1295 deos
152 1230 287 1307 denique
302 1234 486 1295 immortales
498 1234 568 1294 huic
583 1232 696 1294 invicto
710 1235 836 1310 populo,
851 1233 1022 1297 clarissimo
1036 1234 1092 1295 im-

58 1315 156 1394 perio,
172 1315 395 1392 pulcherrimae
407 1316 475 1378 urbi
491 1326 597 1379 contra
606 1326 719 1378 tantam
732 1317 793 1378 vim
808 1317 935 1380 sceleris
945 1334 1092 1393 praesen·

57 1409 106 1462 tes
121 1398 267 1462 auxilium
289 1417 361 1462 esse
380 1403 506 1462 laturos.
540 1402 628 1475 Quod
650 1401 677 1462 si
692 1401 753 1462 iam
768 1400 829 1464 sint
850 1401 896 1475 id,
924 1403 1092 1479 quodcum

59 1500 180 1547 summo
197 1484 300 1545 furore
315 1486 455 1561 cupiunt,
469 1485 588 1561 adepti,
605 1502 677 1547 num
691 1485 734 1546 itii
750 1485 898 1546 incinere
914 1484 1000 1549 urbis
1014 1493 1045 1547 et
1059 1484 1091 1545 in

58 1566 210 1643 sanguine
228 1565 346 1642 civium,
362 1584 443 1643 quae
456 1577 557 1630 mente
571 1571 783 1630 conscelerata
795 1585 832 1630 ao
846 1568 963 1629 neiaria
977 1584 1091 1629 concu-

56 1650 215 1732 piverunt,
233 1667 268 1710 se
284 1654 429 1712 consules
444 1668 481 1711 aa
499 1650 663 1712 dictatores
680 1659 733 1712 aat
752 1653 842 1711 etiam
858 1668 949 1727 reges
965 1659 1092 1728 sperant

57 1735 200 1796 futuros?
219 1733 285 1794 Non
303 1732 408 1795 vident
421 1732 453 1792 id
469 1749 504 1792 se
521 1748 644 1807 cupere,
659 1733 744 1808 quod
760 1733 787 1792 si
803 1734 907 1810 adepti
921 1735 995 1807 sint,
1013 1733 1090 1809 iugi·

56 1817 118 1879 tivo
135 1814 230 1877 alicui
249 1821 302 1874 aut
316 1813 477 1888 gladiatori
495 1814 625 1874 concedi
644 1815 684 1874 sit
699 1823 850 1876 necesses
881 1815 933 1876 20.
959 1815 1092 1875 Tertium

56 1912 159 1976 genus
175 1905 224 1956 est
239 1903 338 1955 aetate
351 1895 413 1955 iam
426 1895 594 1968 adiectum,
619 1896 676 1955 sed
688 1904 789 1956 umen
810 1895 1092 1958 exercitationem

55 1982 202 2050 bustum,
229 1994 291 2050 quo
318 1994 358 2037 ex
378 1992 492 2052 genere
512 1978 572 2039 iste
591 1985 639 2039 est
651 1976 786 2053 Mallius,
802 1978 852 2040 oui
867 1994 949 2039 nuno
967 1976 1093 2037 Catilina
1119 2014 1121 2018 ψ

55 2062 207 2129 succedit
230 2059 307 2122 Sunt
320 2060 459 2123 homines
474 2077 513 2121 ex
527 2060 565 2122 iis
576 2060 716 2135 coloniis,
733 2077 811 2136 quas
823 2061 908 2122 Sulla
922 2058 1091 2121 constituite

58 2165 138 2226 quas
154 2161 214 2220 ego
229 2143 390 2206 universus
407 2143 518 2206 civium
529 2161 601 2208 esse
615 2144 798 2222 optimorum
813 2153 844 2206 et
857 2142 1092 2205 fortissimorum

55 2232 193 2293 virorum
208 2227 316 2302 sentio,
331 2228 388 2290 sed
401 2236 502 2290 tamen
514 2228 536 2290 ii
549 2238 621 2291 sunt
635 2229 745 2303 coloni,
764 2227 816 2304 qui
830 2245 869 2289 se
881 2227 913 2289 in
926 2226 1091 2304 insperatis
1117 2298 1130 2311 .

57 2331 92 2377 ac
102 2311 274 2388 repentinis
288 2311 428 2387 pecuniis
446 2313 658 2389 sumptuosius
675 2311 919 2389 insolentiusque
932 2311 1091 2375 iaetarunt.

56 2397 93 2459 Hi
109 2398 185 2458 dum
203 2394 365 2458 aedificant
383 2402 535 2471 tamquam
545 2396 636 2471 beati,
652 2397 723 2457 dmn
740 2393 875 2471 praediis
891 2394 989 2467 lectis,
1005 2397 1091 2458 iami-

56 2480 105 2543 liis
118 2479 256 2554 magnis,
282 2477 433 2539 conviviis
447 2479 603 2554 apparatis
618 2480 821 2551 delectantur,
846 2476 878 2539 in
896 2486 1014 2541 tantum
1035 2495 1091 2539 aes

57 2562 190 2625 afiorum
203 2562 382 2635 inciderunt,
397 2569 440 2636 ut,
455 2561 483 2621 si
493 2560 570 2621 salvi
585 2578 656 2622 esse
668 2561 769 2636 veiint
788 2562 873 2623 Sutia
882 2561 924 2624 sit
935 2563 974 2623 ab
985 2561 1091 2622 inieris

57 2645 254 2708 excitandusr
276 2646 328 2718 qui
348 2644 437 2706 etiam
459 2661 521 2705 non
542 2645 643 2705 nullos
667 2654 805 2720 agrestes
820 2644 961 2708 homines
980 2653 1091 2705 tenues

56 2738 150 2805 atque
166 2735 293 2805 egentes
307 2727 339 2788 in
351 2728 489 2789 eamdem
503 2726 584 2788 iilam
599 2744 687 2803 spem
696 2729 871 2805 rapinarum
883 2737 1021 2789 veterum
1035 2724 1091 2787 irn-

56 2814 210 2888 pulerunt.
227 2810 311 2885 Quos
326 2828 385 2887 ego
405 2819 554 2886 utrosque
577 2810 607 2870 in
623 2812 732 2873 eodem
746 2828 860 2888 genere
876 2809 1092 2887 praedatorum

56 2896 308 2971 direptorumque
322 2912 422 2971 pono:
451 2895 508 2955 sed
529 2911 584 2955 eos
604 2894 663 2954 hoo
677 2911 805 2956 moneo:
828 2893 970 2954 desinant
989 2894 1089 2955 iuuere

55 2994 90 3039 ac
104 2977 351 3054 proscriptiones
366 2987 397 3039 et
411 2979 575 3040 dictaturas
591 2976 735 3052 cogitare.
749 2977 863 3038 Tantus
878 2974 957 3037 enim
970 2974 1090 3040 illorum

53 3068 229 3138 temporum
238 3061 460 3123 dolor-inustus
476 3071 524 3123 est
534 3061 656 3134 civitati,
666 3069 701 3121 ut
714 3060 774 3121 iarn
785 3058 844 3120 ista
855 3076 917 3120 non
928 3061 1019 3123 modo
1034 3062 1089 3125 ho·

52 3146 169 3215 mines,
192 3144 304 3205 sedne
320 3146 456 3219 pecudes
478 3145 601 3221 quidem
621 3143 695 3205 mihi
712 3159 862 3220 passurae
877 3160 947 3205 esse
960 3144 1088 3207 videan-

53 3238 111 3289 tur.
155 3227 194 3287 Χ.
214 3225 265 3288 21.
288 3228 431 3303 Quartum
450 3245 548 3304 genus
569 3236 617 3289 est
636 3244 711 3288 sane
731 3225 849 3289 varium
869 3236 899 3288 et
917 3227 1044 3291 mixtum
1059 3234 1090 3287 et

53 3311 282 3386 turbulentum,
310 3313 363 3387 qui
390 3314 450 3373 iarn
475 3314 593 3389 pridem
622 3319 811 3389 premuntur,
847 3312 898 3389 qui
923 3327 1090 3387 numquam

50 3402 232 3471 emergunt,
248 3394 301 3472 qui
314 3396 424 3472 partim
441 3396 564 3473 inertia,
581 3397 690 3473 partim
704 3398 782 3457 maie
796 3397 931 3473 gerendo
947 3392 1089 3471 negocio,
