2340 3788
381 159 573 248 cumn-6.
594 190 620 252 s.
637 194 769 249 10-1s.
895 160 898 170 '
1031 181 1095 248 389

62 354 135 398 nem
156 334 371 398 humanitatem
394 334 560 397 exuissest
579 336 696 410 Quanto
718 335 778 402 hoc
798 334 918 410 durius,
938 338 1020 412 quod
1035 354 1092 398 nos

62 420 147 481 domi
161 419 307 492 petimus,
326 420 358 478 id
379 427 441 479 ate
462 418 492 479 in
508 419 575 479 toro
591 417 787 495 oppugnarit
805 426 835 478 et
854 417 884 478 in
904 421 955 480 tali
970 421 1093 482 miseria

63 504 225 571 ,multorum
251 501 423 576 perfugium
451 503 678 562 misericordiae
705 502 833 561 tolleret
867 503 971 562 Dicam
992 506 1091 579 plane,

62 588 191 656 Caesar,
208 586 291 660 quod
304 585 413 646 sentio.
456 583 506 646 15.
520 584 554 645 Si
568 584 599 645 in
618 585 675 643 hac
690 591 772 645 tanta
785 591 837 643 tua
852 584 970 644 fortuna
984 588 1092 648 lenitas

62 675 147 728 tanta
161 685 221 727 non
237 675 494 743 essct,quantam
510 676 613 742 tu-pcr
625 675 670 740 te,
685 683 741 741 per
755 674 796 730 te.
815 665 954 742 inquam,
975 669 1092 728 obtines

62 783 106 794 —-
129 750 262 825 intelligo
284 750 358 826 quid
382 752 491 825 loquar
512 784 563 825 —,
581 749 778 810 acerbissimo
807 751 889 810 luctu
909 748 1092 811 redundaret

62 833 122 894 ista
139 833 276 893 victoria.
321 833 416 907 Quam
430 833 514 894 multi
531 831 610 893 'enim
632 840 736 893 essent
750 833 789 892 de
804 831 970 892 victoribus
993 831 1043 908 qui
1063 840 1093 893 te

62 917 219 976 crudelem
242 922 314 976 esse·
334 917 460 990 vellent,
489 933 582 990 quum
608 915 697 975 ctiam
718 916 757 975 de
777 914 867 975 victis
888 916 1092 990 reperianturt

62 1017 155 1076 quam
175 998 261 1059 multi
293 1000 344 1074 qui
366 1015 458 1072 quum
474 1007 536 1059 ate
550 997 669 1074 ignosci
684 997 795 1058 nemini
820 1000 944 1070 vellent,
966 995 1093 1073 impedi-

62 1090 130 1142 rent
143 1080 332 1141 clementiam
348 1090 442 1157 tuam,
458 1097 551 1156 quum
569 1081 657 1142 ctiam
670 1080 711 1154 hi,
729 1080 840 1156 quibus
858 1081 926 1156 ipse
939 1079 1091 1156 ignovisti,

62 1165 161 1224 nolint
179 1172 209 1223 te
231 1181 302 1223 csse
323 1164 353 1224 in
369 1166 446 1226 alios
468 1164 710 1225 misericordem!
732 1162 781 1225 16.
809 1163 896 1237 Quod
919 1163 945 1224 si
961 1164 1093 1239 probare

62 1245 188 1317 Caesari
204 1261 368 1322 possemus
383 1247 413 1307 in
427 1247 531 1307 Aliica
546 1247 696 1321 Ligarium
712 1245 834 1307 omnino
850 1263 910 1308 oon
932 1247 1044 1320 luisse,
1067 1243 1093 1304 si

62 1331 193 1390 honesto
209 1339 239 1390 et
249 1329 438 1391 misericordi
452 1330 610 1391 mendacio
635 1331 722 1390 saluti
745 1328 804 1388 civi
824 1332 1000 1391 calamitoso
1022 1344 1093 1389 esse

62 1413 219 1486 vellemus,
232 1421 332 1473 tamen
344 1413 473 1475 hominis
485 1429 545 1473 non
558 1420 649 1486 esset,
667 1413 697 1472 in
710 1420 791 1474 tanto
807 1413 980 1472 discrimine
994 1421 1024 1472 et
1039 1427 1093 1486 pe·

62 1496 157 1556 riculo
174 1495 251 1556 civis
268 1499 406 1558 refellere
420 1505 453 1558 et
469 1499 653 1571 redarguere
672 1505 809 1557 nostrum
830 1496 1037 1569 mendacium,
1053 1503 1091 1566 et,

62 1577 88 1638 si
107 1587 189 1639 esset
203 1579 347 1651 alicuius,
369 1574 436 1640 eius
453 1588 534 1641 certe
548 1597 609 1639 non
626 1588 723 1652 esset,
745 1578 797 1654 qui
820 1577 850 1637 in
876 1581 982 1640 eadem
998 1592 1092 1638 causa

62 1669 91 1720 et
113 1662 234 1721 fortuna
254 1663 372 1723 luisset.
421 1662 484 1722 Sed
510 1672 610 1722 tomen
636 1663 716 1722 aliud
740 1670 787 1721 est
809 1677 910 1721 errare
931 1663 1092 1721 caesarem

62 1744 156 1816 nolle,
171 1743 255 1802 aliud
271 1745 352 1805 nolle
368 1743 513 1803 misereri.
540 1745 624 1803 Tunc
639 1743 773 1803 diceres.-
790 1743 917 1813 caesar,
935 1759 1010 1803 cave
1026 1758 1091 1802 cre·

62 1828 132 1884 das:
155 1826 209 1884 luit
223 1824 255 1883 in
267 1826 387 1898 Africa,
407 1825 474 1885 tulit
492 1840 577 1884 arma
599 1833 704 1884 contra
723 1832 763 1884 te.
805 1825 891 1883 Nunc
907 1825 978 1899 quid
994 1824 1093 1882 dicis?

62 1909 144 1967 Cave
155 1906 311 1981 ignoscas.
330 1904 426 1967 {acc
445 1922 502 1967 nec
516 1905 648 1967 hominis
663 1923 719 1966 nec
736 1907 775 1966 ad
790 1905 942 1966 hominem
958 1922 1021 1965 vox
1036 1913 1090 1976 est,

62 2007 124 2065 qua
140 1987 192 2063 qui
209 1990 292 2064 apud
310 1997 355 2064 te,
377 1990 407 2053 c.
426 1990 553 2063 caesar,
568 1988 674 2064 utitur,
696 2005 782 2050 suam
796 1988 885 2049 citius
899 1987 1020 2049 abiiciet
1037 1988 1092 2046 hu-

62 2070 233 2131 manitatem
251 2089 341 2147 quam
355 2073 547 2148 extorquebit
560 2080 654 2151 tuam.

123 2155 176 2212 Vl.
201 2152 249 2218 17.
273 2160 320 2215 Ac
339 2154 455 2231 primus
473 2155 574 2216 aditus
595 2165 625 2217 et
642 2156 804 2232 postulatio
823 2153 991 2217 Tuberonis
1005 2153 1092 2225 haec,

62 2246 93 2298 ut
108 2238 234 2311 opinor,
250 2239 318 2299 tuit=
338 2240 417 2300 velle
437 2254 472 2300 se
492 2239 532 2299 de
547 2239 580 2312 Q.
594 2237 706 2314 Ligarii
723 2234 840 2300 scelere
863 2239 975 2299 dicere.
1024 2236 1092 2296 Non

62 2321 164 2381 dubito
181 2320 253 2396 quin
269 2321 433 2383 admiratus
448 2321 508 2396 sis,
531 2324 579 2382 vel
595 2323 677 2396 quod
692 2323 732 2383 de
748 2323 830 2383 nullo
845 2323 904 2383 alio
921 2320 1091 2396 quisquam,

62 2407 108 2463 vel
128 2406 212 2478 quod
227 2405 269 2478 is,
291 2403 343 2479 qui
362 2405 392 2464 in
410 2406 517 2465 eadem
532 2421 626 2465 causa
641 2404 764 2480 luisset,
787 2406 835 2466 vel
856 2403 998 2480 quidnam
1019 2401 1093 2462 novi

62 2486 186 2547 sceleris
202 2488 343 2547 adferret.
387 2487 496 2549 Scelus
512 2496 544 2549 tu
560 2487 635 2548 illud
653 2505 762 2561 vocas,
777 2488 918 2549 Tubero?
938 2488 1018 2546 Curi
1032 2484 1091 2546 isto

62 2569 180 2628 nomine
196 2571 246 2629 illa
263 2569 363 2630 adhuc
380 2587 474 2631 causa
488 2570 592 2631 carnit.
635 2570 696 2631 Alii
711 2587 843 2632 errorem
859 2570 1023 2645 appellant,
1042 2565 1092 2627 alii

62 2652 211 2712 timorem=
228 2654 279 2727 qui
292 2652 407 2727 durius,
422 2668 519 2728 spem,
534 2654 738 2730 cupiditatem,
754 2654 865 2727 odium,
881 2651 1092 2728 pertinaciam:

62 2734 113 2808 qui
127 2734 322 2809 gravissime,
342 2740 553 2798 temeritatem
569 2739 671 2798 scelus
685 2744 806 2813 praeter
827 2745 857 2797 te
878 2735 977 2795 adhuc
993 2747 1092 2792 nemo.

62 2820 106 2875 Ac
127 2816 199 2876 mihi
220 2819 359 2893 quidem,
378 2818 405 2878 si
426 2819 582 2894 proprium
604 2837 641 2881 ac
655 2837 762 2882 verum
785 2835 895 2881 nomen
911 2816 1007 2877 nostri
1022 2813 1093 2875 mali

62 2898 230 2974 quaeritur,
247 2901 347 2962 fatalis
363 2903 514 2978 quaedam
529 2903 683 2965 calamitas
698 2904 844 2965 incidisse
862 2901 981 2961 videtur
995 2907 1026 2960 et
1039 2900 1093 2958 im·

62 2982 205 3057 providas
218 2983 374 3046 hominum
387 2995 505 3047 mentes
527 2986 747 3061 occupavisse,
770 2995 804 3047 ut
821 3001 910 3046 nemo
925 2981 1025 3042 mirari
1040 2982 1093 3042 de-

62 3068 129 3124 beat
142 3065 274 3127 humana
289 3068 418 3129 consilia
433 3068 536 3129 divina
551 3069 734 3131 necessitate
755 3085 825 3130 esse
847 3073 999 3143 superata.
1042 3064 1093 3127 18.

62 3148 161 3210 Liceat
173 3167 244 3211 esse
261 3150 408 3212 miseros=
430 3150 614 3227 quamquam
634 3152 694 3213 hoc
716 3149 833 3213 victore
853 3167 924 3212 essc
944 3166 1004 3211 non
1020 3164 1093 3224 pos-

62 3249 174 3293 sumus.
219 3233 282 3294 Sed
296 3250 357 3295 non
373 3236 484 3310 loquor
499 3235 537 3294 de
551 3235 656 3296 nobis:
678 3235 718 3295 de
734 3234 794 3295 illis
809 3235 928 3310 loquor,
942 3231 996 3308 qui
1012 3228 1093 3292 occi·

62 3315 177 3376 derunt.
212 3315 336 3377 Fuerint
352 3317 464 3392 cupidi,
480 3317 593 3379 fuerint
605 3317 682 3392 irati,
698 3318 808 3379 luerint
823 3316 1012 3392 pertinaces:
1028 3327 1094 3373 sce·

62 3397 130 3457 :eris
145 3415 219 3459 vero
235 3395 368 3473 crimine,
383 3400 503 3474 furoris,
520 3401 673 3476 parricidii
688 3400 777 3462 liceat
790 3395 1001 3475 calunniae
1015 3409 1095 3456 mor·
