2340 3788
384 212 773 280 cnr.a—t.s.1o-1o.
1037 215 1101 281 tat)

61 364 131 429 aius
148 361 265 424 ordinis
279 370 396 437 partem
411 362 493 423 illam
509 362 740 436 subselliorum,
761 365 801 425 ad
821 382 913 441 quam
926 366 977 427 ille
990 382 1098 429 acces·

62 454 163 520 rarat,
180 446 293 506 nudam
307 454 399 520 atque
413 445 534 506 inanem
549 445 747 522 reliquerunt.
787 444 837 509 ta.
857 449 915 511 Hic
929 466 987 526 ego
1005 451 1098 513 velie·

62 547 152 593 mens
167 527 219 588 ille
232 529 351 602 consul,
367 528 421 604 qui
435 530 530 590 verbo
546 528 630 589 cives
641 529 672 588 in
685 528 826 591 exsilium
838 531 938 607 eiicio,
957 535 1099 610 quaesivi

62 632 83 675 a
101 610 231 675 Catilina
255 609 286 671 in
311 620 459 672 nocturno
485 621 639 673 conventu
664 613 749 687 apud
768 612 809 676 lli
829 614 960 676 Laecam
988 615 1098 679 luisset

62 696 172 759 necness
202 694 300 767 Quum
311 694 370 768 ille,
381 695 473 757 homo
486 693 720 770 audacissimus,
733 696 920 757 conscientia
930 701 1098 775 convietus,

62 778 163 857 primo
185 776 376 854 reticuisset,
395 778 528 853 patefeci
548 786 683 839 caetera=
712 777 787 854 qnid
810 794 848 841 ea
868 788 959 841 nocte
974 783 1097 856 egisset,

63 862 139 939 quid
160 860 192 921 in
218 861 388 936 proximam
410 861 633 933 constituisset,
657 878 749 937 quem
770 863 811 922 ad
827 863 950 924 modum
965 873 1051 926 esset
1070 865 1100 926 ei

63 945 141 1007 ratio
158 943 253 1007 totius
273 943 345 1005 belli
359 945 514 1020 descripta
531 943 651 1005 edocui.
690 945 788 1020 Quum
804 945 983 1016 haesitaret,
1006 964 1099 1022 quum

62 1036 228 1100 teneretur,
245 1026 384 1103 quaesivi
399 1029 473 1103 quid
488 1027 638 1089 dubitaret
651 1027 808 1104 proficisci
822 1046 871 1103 eo,
888 1046 950 1105 quo
965 1028 1025 1090 iam
1038 1030 1099 1105 pri-

64 1113 134 1173 dem
150 1119 280 1187 pararet,
297 1127 390 1185 quum
401 1128 493 1184 arma,
508 1129 601 1187 quum
615 1128 751 1184 secures,
769 1128 864 1188 quum
878 1114 989 1184 fasces,
1002 1128 1100 1187 Quum

63 1196 166 1267 tubus,
183 1211 278 1270 quum
290 1193 378 1269 signa
392 1194 539 1267 militaria,
558 1211 650 1271 quum
665 1195 798 1272 aquilam
814 1195 897 1258 illam
913 1203 1098 1271 argenteam,

63 1277 114 1341 oui
127 1278 180 1338 ille
187 1277 278 1339 etiarn
287 1278 452 1339 sacrarium
463 1279 651 1339 domuisuae
660 1279 783 1352 lecerat,
801 1279 912 1341 scirem
923 1294 995 1341 esse
1009 1294 1098 1355 prae-

64 1361 201 1423 missam.
247 1357 296 1423 rt
318 1362 350 1421 In
372 1362 514 1423 exsilium
537 1361 710 1437 eliciebam,
732 1379 822 1438 quem
845 1365 905 1425 iam
925 1362 1100 1438 ingressum

65 1460 137 1505 csse
152 1442 184 1505 in
197 1445 309 1505 bellum
326 1444 486 1507 videbam?
512 1445 646 1518 Etenim,
662 1447 771 1521 credo,
786 1446 907 1508 Mallius
921 1445 980 1508 iste
996 1454 1098 1508 centu-

62 1530 125 1599 rio,
144 1526 241 1602 quiin
256 1544 330 1603 agro
344 1528 516 1592 Faesulano
531 1538 632 1590 castra
646 1529 764 1604 posuit,
779 1530 891 1591 bellum
906 1531 1022 1607 populo
1037 1531 1097 1591 lio·

63 1626 157 1671 mano
172 1627 231 1671 suo
247 1614 368 1673 nornine
384 1612 506 1684 indixit,
528 1622 558 1673 et
577 1613 629 1672 illa
644 1621 745 1674 castra
760 1630 841 1675 nunc
862 1630 923 1674 non
942 1613 1099 1675 Catilinam

63 1695 177 1755 ducem
200 1702 381 1768 exspectant
400 1703 432 1754 et
449 1694 501 1754 ille
520 1694 636 1755 eiectus
658 1694 690 1754 in
709 1695 851 1757 exsilium
873 1713 910 1757 se
922 1696 1098 1767 Massiliam,

62 1785 98 1839 ut
110 1776 214 1849 aiunt,
231 1793 293 1836 nou
308 1775 339 1837 in
353 1776 430 1834 haec
445 1783 546 1835 castra
560 1776 706 1837 conferet

150 1859 216 1916 VII.
239 1857 263 1915 0
276 1856 488 1917 condicionem
500 1856 641 1915 miseram
654 1873 715 1918 nou
726 1859 818 1918 modo
831 1857 1097 1931 administrandae,

63 1955 174 2005 verum
190 1938 280 1999 etiam
295 1940 527 1999 conservandae
539 1937 584 2000 rei
599 1939 753 2012 publicae!
779 1939 866 2000 Nunc
881 1938 909 1998 si
923 1941 956 1999 L.
975 1939 1101 2002 cardina

61 2021 221 2094 consiliis,
244 2022 416 2096 laboribus,
435 2021 580 2098 periculis
601 2021 678 2083 meis
700 2022 920 2084 circumclusus
940 2037 978 2083 ao
995 2021 1100 2083 debili·

61 2117 146 2171 tatus
172 2105 273 2167 subito
299 2104 501 2181 pertimuerit,
526 2106 707 2168 sententiam
729 2103 905 2177 mutaverit,
932 2106 1102 2167 deseruerit

62 2207 158 2263 suos,
180 2188 341 2251 consilium
360 2189 432 2251 belli
452 2188 587 2251 faciundi
607 2189 766 2264 abiecerit,
789 2206 831 2251 ex
846 2188 905 2250 ltoc
923 2204 1015 2252 cursu
1033 2205 1099 2251 sce-

63 2274 138 2336 leris
162 2289 199 2333 ac
219 2273 292 2334 belli
316 2272 371 2335 iter
391 2275 431 2334 ad
453 2274 555 2350 lugam
575 2283 667 2350 atque
688 2266 720 2335 iri
742 2271 882 2336 exsilium
907 2272 1099 2347 converterit,

62 2375 128 2421 nou
142 2355 193 2416 ille
215 2372 298 2417 ame
317 2358 468 2433 spoliatus
484 2357 577 2418 armis
597 2355 760 2431 audaciae,
783 2373 845 2418 non
865 2357 1099 2433 obstupefactus

64 2459 101 2504 ac
117 2439 296 2515 perterritus
312 2457 379 2501 mea
397 2439 566 2513 diligentia,
590 2458 651 2502 non
674 2442 713 2502 de
728 2458 786 2518 spe
801 2449 975 2517 conatuque
993 2440 1100 2514 depul-

65 2540 137 2597 sus,¹
148 2524 206 2584 sed
220 2523 423 2595 indemnatus,
441 2522 589 2584 innocens
603 2523 634 2583 in
651 2524 793 2586 exsilium
806 2525 921 2587 eiectus
938 2540 958 2583 a
972 2522 1100 2583 consule

64 2607 95 2667 vi
113 2614 144 2667 et
160 2607 249 2666 minis
263 2622 336 2669 esse
357 2606 488 2678 dicetur,
510 2613 541 2667 et
562 2616 650 2668 erunt
667 2606 720 2683 qui
733 2607 831 2680 illum,
855 2608 881 2668 si
902 2608 963 2666 hoc
984 2604 1099 2675 locent,

64 2706 128 2751 non
143 2689 331 2765 improbum,
352 2689 409 2750 sed
427 2687 586 2762 miserum,
608 2707 657 2751 me
671 2708 733 2753 non
748 2689 1015 2765 diligentissimum
1027 2702 1100 2748 con·

64 2774 180 2845 sulem,
205 2773 262 2832 sed
279 2773 525 2834 crudelissimum
544 2780 705 2850 tyrannum
727 2774 895 2835 existimari
909 2769 1018 2830 velint
1050 2766 1100 2830 15.

62 2856 120 2917 Est
133 2855 207 2915 mihi
220 2855 309 2929 tanti,
330 2854 477 2930 Quirites,
497 2854 588 2916 huius
609 2855 743 2916 invidiae
757 2857 855 2916 lusae
868 2862 961 2928 atque
977 2851 1100 2929 iniquae

63 2946 278 3012 tempestatem
293 2938 405 3012 subire,
423 2939 495 2999 dum
508 2941 599 2999 modo
616 2938 739 2999 avobis
756 2937 847 2999 huius
861 2933 1014 2999 horribilis
1028 2934 1100 2996 belli

62 3037 102 3081 ac
117 3021 225 3082 nelarii
242 3022 411 3097 periculum
432 3023 609 3097 depellatur.
646 3020 771 3082 Dicatur
794 3036 869 3081 sane
890 3018 1006 3081 eiectus
1025 3034 1100 3081 esse

62 3121 83 3165 a
99 3121 164 3176 me,
180 3105 253 3165 dum
264 3106 357 3166 modo
373 3112 423 3165 eat
436 3104 467 3165 in
483 3105 634 3166 exsilium.
663 3104 726 3165 Sed
742 3102 815 3164 mihi
831 3102 960 3177 credite,
975 3109 1101 3166 nonest

61 3185 174 3248 iturus.
201 3188 370 3264 Numquam
387 3204 444 3263 ego
460 3205 480 3248 a
497 3187 544 3249 dis
566 3187 787 3249 immortalibus
809 3187 938 3262 optabo,
959 3185 1099 3261 Quirites,

61 3267 201 3331 invidiae
217 3287 304 3331 meae
318 3272 468 3331 levandae
482 3286 590 3344 causa,
612 3279 645 3331 ut
657 3271 691 3330 L.
707 3268 863 3331 Gaufinam
883 3271 997 3333 ducere
1011 3282 1102 3329 exer·

61 3352 160 3413 citum
179 3351 312 3412 hostium
333 3361 424 3429 atque
441 3355 472 3414 in
493 3354 586 3415 armis
603 3353 731 3414 volitare
752 3352 897 3415 audiatis=
925 3354 983 3413 sed
999 3348 1099 3411 triduo

61 3440 169 3496 tamen
184 3433 330 3510 audiam,
351 3438 508 3512 multoque
522 3435 620 3512 magis
634 3435 710 3498 illud
728 3435 836 3510 timeo,
857 3453 897 3497 ne
911 3433 984 3497 milri
1002 3431 1042 3494 sit
1055 3430 1100 3492 in-
