2340 3788
18 124 22 129 Ι
97 172 160 238 130
364 173 403 230 ΙΝ
415 172 450 231 L.
467 171 678 231 CATILINAM
694 170 837 233 ORATIO
852 175 874 234 I.

97 328 167 386 culo
183 338 299 395 essem,
317 322 401 397 quod
414 321 524 382 iisdem
537 321 698 383 moenibus
714 322 945 398 contineremur,
962 327 1003 387 od
1017 327 1052 402 0.
1066 328 1130 392 lde-

97 409 199 471 tellum
215 415 384 480 praetorem
396 404 521 466 venisti=
536 421 628 480 aquo
640 405 820 481 repudiatus
831 408 871 466 ad
882 409 1021 469 sodalem
1035 419 1128 486 luunt,

98 490 194 550 virum
216 488 370 564 optimum,
386 489 425 547 M.
440 488 614 548 Marcellum
630 488 821 564 demigrostir
839 506 930 563 quern
942 498 976 552 tu
987 492 1132 558 videlicet

97 575 184 635 etad
207 572 442 632 custodiendum
464 580 495 632 te
515 571 778 647 diligentissimum
800 580 830 632 et
854 575 894 633 ad
909 575 1130 650 suspicandum

97 656 329 731 sagacissimum
352 663 382 715 et
402 657 441 715 ad
463 654 678 715 vindicandum
699 655 897 721 fortissimum
917 658 983 717 iore
1003 660 1127 735 putasti.

98 740 160 800 Sed
180 756 269 815 qnam
291 741 381 813 longe
401 738 523 799 videtur
542 755 561 798 a
582 754 704 798 carcere
725 747 818 813 atque
834 738 1000 800 avinculis
1016 744 1129 804 abesse

97 824 225 899 debere,
249 822 301 897 qui
322 838 358 883 se
379 823 448 897 ipse
469 822 529 882 iam
547 820 671 896 dignum
693 821 832 883 custodia
851 822 1017 884 iudicarit?
1044 825 1129 899 Quae

97 924 191 982 quum
207 908 248 968 ita
262 907 336 978 sint,
363 905 503 980 Catilina,
525 904 661 978 dubitas,
683 905 710 965 si
724 902 819 965 emori
833 920 933 979 aequo
947 907 1051 968 animo
1066 925 1127 970 non

97 998 202 1065 potes,
225 990 309 1050 obire
332 987 363 1047 in
379 987 499 1063 aliquas
513 996 610 1048 terras
632 997 662 1048 et
681 989 773 1049 vitam
798 987 902 1063 istam,
928 990 1032 1052 multis
1054 1006 1128 1067 sup

98 1073 197 1150 pliciis
218 1073 307 1134 iustis
328 1070 501 1145 debitisque
519 1080 669 1145 ereptam,
697 1073 787 1146 togae
810 1071 1031 1148 solitudinique
1043 1090 1128 1135 man-

97 1158 192 1216 daret

178 1239 285 1312 Refer,
300 1236 416 1312 inquis,
432 1238 472 1296 ad
488 1243 642 1298 senatum:
663 1237 694 1298 id
711 1238 791 1298 enim
805 1239 945 1313 postulas
960 1247 1005 1312 et,
1030 1240 1065 1301 si·
1078 1240 1129 1300 hic

97 1322 173 1382 ordo
187 1323 310 1396 placere
324 1321 494 1380 decreverit
509 1330 539 1382 te
553 1320 597 1381 ire
611 1320 641 1380 in
659 1321 792 1395 exilium,
807 1323 1085 1396 obtemperaturum
1099 1332 1130 1383 te

96 1421 167 1466 esse
184 1403 270 1465 dicis.
297 1404 364 1463 Non
378 1405 523 1475 referam,
552 1403 583 1463 id
597 1405 682 1478 quod
696 1404 872 1465 abhorrete
888 1404 966 1465 meis
980 1402 1127 1478 moribus,

96 1497 127 1550 et
142 1496 240 1548 nmen
259 1486 367 1547 faciam
382 1496 414 1547 ut
425 1486 575 1561 intelligas
588 1486 660 1561 quid
671 1487 702 1546 hi
717 1488 755 1547 de
766 1496 796 1549 te
807 1486 948 1549 sentiant.
972 1488 1128 1562 Egredere

96 1588 136 1632 ex
153 1572 243 1644 urbe,
263 1569 395 1643 Catilina,
414 1570 510 1630 libera
524 1586 588 1629 rem
602 1570 754 1645 publicam
768 1579 864 1651 metu,
880 1570 911 1631 in
929 1570 1080 1645 exsilium,
1100 1570 1128 1631 si

97 1655 174 1714 lianc
188 1671 296 1715 vocem
310 1662 485 1729 exspectas,
500 1653 707 1729 proficiscere.
740 1654 817 1727 Quid
831 1661 892 1726 est,
909 1653 1058 1714 Catilinae
1076 1669 1127 1714 ec-

97 1738 171 1815 quid
193 1737 347 1799 attendis‘t
371 1737 482 1812 ecquid
504 1736 720 1798 animadvertis
745 1738 852 1799 horum
870 1736 1044 1798 silentium?
1071 1736 1127 1796 Pa·

95 1823 216 1896 liuntur,
228 1829 337 1882 tacent.
355 1821 434 1895 Quid
444 1829 607 1896 exspectas
618 1820 826 1882 auctoritatem
839 1820 1036 1895 loquentium,
1051 1836 1128 1895 quo·

95 1922 161 1967 rum
180 1908 366 1966 voluntatem
386 1905 544 1966 tacitorum
564 1904 739 1980 perspicior
777 1901 827 1966 el.
853 1908 894 1965 At
917 1904 944 1964 si
962 1902 1022 1965 hoc
1045 1902 1127 1963 idem

94 1988 166 2050 huic
180 1987 368 2051 adolescenti
384 1988 498 2063 optimo
512 1988 543 2047 P.
562 1988 673 2060 Sestio,
691 1986 718 2047 si
732 1986 898 2048 fortissimo
914 1987 981 2047 viro
993 1987 1035 2046 M.
1048 1986 1127 2045 Mar·

96 2073 173 2132 cello
188 2073 351 2145 dixissem,
374 2072 434 2131 ianr
449 2072 521 2132 mihi
548 2071 667 2131 consuli
690 2069 749 2131 hoc
767 2071 837 2145 ipso
860 2070 892 2130 in
911 2070 1025 2144 templo
1037 2084 1127 2129 sena·

98 2163 146 2215 tus
161 2155 225 2214 iure
241 2156 354 2230 optimo
371 2155 430 2214 vim
449 2164 479 2215 et
490 2170 598 2214 manus
619 2153 780 2239 intulisset.
809 2156 899 2214 Dete
915 2162 1033 2223 alitem,
1049 2152 1127 2212 cati·

96 2236 171 2310 lina,
189 2254 282 2311 quum
300 2238 476 2312 quiescunt,
494 2237 636 2313 probant:
655 2254 746 2311 quum
761 2237 929 2311 patiuntur,
945 2238 1126 2296 decernens

98 2335 191 2396 quum
205 2328 314 2391 tacent,
331 2322 475 2382 clamant:
494 2336 595 2396 neque
609 2319 639 2379 hi
654 2322 768 2394 solum,
784 2336 913 2394 quorum
927 2319 981 2381 tibi
996 2318 1126 2379 auctori·

96 2410 144 2464 tos
159 2410 206 2481 est
219 2403 361 2463 videlicet
375 2421 460 2480 cara,
484 2403 547 2495 vita
568 2403 730 2475 vilissima,
757 2404 813 2464 sed
835 2402 924 2464 etiam
942 2402 986 2463 illi
1005 2400 1127 2476 equites

96 2486 235 2560 Romani,
250 2486 458 2548 honestissimi
469 2491 561 2562 atque
577 2485 683 2561 optimi
696 2484 763 2562 viri,
781 2486 956 2560 caeterique
969 2482 1127 2545 fortissimi

97 2569 198 2645 cives,
215 2569 267 2645 qui
284 2569 479 2631 circumstant
501 2579 653 2643 senatum,
679 2587 807 2646 quorum
829 2577 862 2630 tu
882 2576 912 2630 et
926 2567 1128 2643 trequentiam

96 2654 204 2714 videre
215 2663 245 2714 et
260 2653 360 2714 studia
376 2655 550 2729 perspicere
564 2664 594 2715 et
608 2670 703 2714 voces
718 2655 821 2729 paullo
834 2660 903 2735 ante
914 2650 1060 2712 exaudire
1072 2666 1127 2725 po·

96 2736 189 2799 luisti.
220 2737 355 2811 Quorum
376 2753 434 2811 ego
451 2737 503 2796 vix
523 2740 624 2799 abste
640 2736 700 2796 iam
717 2736 769 2796 diu
784 2752 892 2795 manns
906 2750 943 2795 ao
956 2735 1019 2796 tela
1033 2731 1128 2793 conti·

96 2836 171 2895 neo,
195 2822 322 2882 eosdem
338 2820 428 2880 facile
445 2821 609 2895 adducam,
630 2830 663 2881 ut
676 2829 706 2880 te
721 2819 811 2891 haec,
835 2832 915 2893 quae
930 2825 1051 2878 vastare
1067 2816 1128 2874 iam

96 2904 216 2977 pridem
233 2906 349 2977 studes,
365 2904 584 2980 relinquentem
598 2920 699 2978 usque
718 2905 757 2962 ad
771 2911 878 2977 portas
892 2906 1129 2977 prosequantur.

180 2988 229 3047 IX.
245 2988 296 3050 22.
311 2989 500 3063 Quamquam
518 2989 591 3063 quid
606 2990 737 3062 loquore
749 2986 791 3048 Te
803 2994 838 3047 ut
850 2986 912 3045 ulla
925 3000 976 3046 res
989 2986 1130 3056 frangant

99 3078 130 3128 tu
145 3074 179 3128 ut
201 3087 345 3145 umquam
361 3080 391 3133 te
409 3072 567 3145 corrigasr
601 3080 632 3131 tu
655 3078 687 3131 ut
711 3070 803 3129 ullam
833 3070 935 3143 rugam
960 3065 1131 3127 mediterel

97 3161 131 3213 tu
145 3158 179 3209 ut
192 3152 332 3213 exsilium
347 3155 487 3229 cogitesl
499 3155 620 3215 Utinam
635 3153 687 3214 tibi
702 3150 791 3214 istam
807 3161 938 3212 mentem
955 3149 987 3209 di
1007 3148 1131 3209 immor-

97 3236 175 3298 tales
190 3232 290 3294 duint!
305 3239 424 3299 tametsi
441 3237 541 3311 video,
560 3239 586 3298 si
601 3254 669 3296 mea
683 3252 761 3296 voce
776 3233 952 3311 perterritus
967 3232 1013 3292 ire
1030 3231 1061 3291 in
1076 3246 1130 3291 ex·

97 3315 199 3383 silium
213 3316 345 3377 animum
361 3319 535 3394 induxeriS,
560 3328 673 3395 quanta
694 3327 859 3394 tempestas
879 3315 1014 3377 invidiae
1028 3314 1134 3387 nobis,

96 3403 125 3469 sl
153 3399 254 3462 minus
275 3400 305 3460 in
327 3418 474 3476 praesens
496 3412 633 3479 tempus,
669 3402 785 3463 recenti
809 3399 956 3462 memoria
978 3400 1133 3460 scelerum
