2332 3772
112 166 178 232 tol
330 152 405 226 Pltc
419 164 452 224 Τ.
466 162 584 224 ANNIO
596 161 740 222 MILONE
756 160 909 221 ORATIO.

109 310 238 393 expers,
259 321 293 375 ut
307 313 440 375 nesciam
456 311 530 389 qnid
544 312 584 373 de
596 318 692 373 morte
706 307 803 372 clodii
816 307 972 371 metietis.
1019 309 1066 370 lte
1080 326 1127 385 qu

111 400 139 461 si
155 397 216 459 iam
227 398 344 458 nollem
359 398 400 456 ita
415 395 530 455 diluere
540 393 671 467 crimen,
684 400 719 453 nt
731 390 813 464 dilui,
828 400 933 452 umen
947 390 1081 467 impune
1091 392 1125 451 dr

109 480 173 542 loni
182 481 282 555 palam
293 481 422 539 clamare
432 493 470 537 ac
484 476 601 537 mentiri
613 474 748 552 gloriose
761 474 881 535 licerete
901 472 1026 549 Occidi,
1040 472 1127 545 occidi

111 580 172 625 non
188 562 241 637 Sp.
256 560 413 634 Maelium,
437 558 490 634 qui
505 574 627 619 annona
643 556 773 617 levanda
791 554 989 631 iacturisque
1004 556 1052 616 rei
1068 555 1128 616 lani

110 647 207 719 liaris,
226 643 298 719 quia
311 642 401 704 nimis
415 642 556 716 amplecti
569 640 688 715 plebem
700 639 866 711 videbatur,
882 639 914 697 in
933 638 1128 715 suspicionem
1149 666 1159 689 ·

109 725 315 801 incidit'regni
328 723 506 800 appetendi,
520 739 582 783 non
592 723 635 782 tt.
652 720 836 792 Gracchum,
853 719 906 795 qui
922 721 1071 797 collegae
1086 736 1127 781 nn

111 809 268 885 gistratum
286 823 343 882 per
353 806 532 867 seditionem
543 803 709 878 abrogavit,
720 818 849 879 quorum
859 801 1128 865 interfectoresin

110 893 270 968 plevernnt
292 890 396 950 orbem
416 896 563 949 terrarum
584 886 715 945 nominis
737 885 784 946 sui
804 885 917 959 gloria,
941 886 1006 946 sed
1021 902 1091 947 eum
1104 914 1130 929 ·-

111 974 239 1034 auderet
250 972 330 1032 enlm
342 971 453 1044 dicere,
465 986 558 1044 quum
568 968 693 1043 patriam
707 967 841 1043 periendo
854 983 912 1027 suo
926 966 1130 1037 liberasset-t

110 1055 200 1117 cuins
212 1055 377 1115 uelandum
391 1053 571 1114 adulterium
592 1052 622 1110 in
643 1049 853 1125 pulvinaribus
868 1050 1083 1111 sanctissimis
1094 1064 1131 1109 no

110 1136 276 1197 bilissimas
290 1137 420 1196 feminae
434 1134 741 1211 comprehenderunt=
756 1129 806 1193 73.
823 1146 901 1203 enm,
920 1131 1019 1193 cuius
1037 1132 1147 1209 snppli'

113 1218 160 1279 cio
183 1226 308 1279 senatus
334 1218 487 1277 sollennes
508 1215 671 1291 religiones
698 1213 866 1289 expiandas
892 1229 995 1288 saepe
1018 1214 1148 1311 censuit,

112 1318 198 1372 eum,
221 1314 313 1374 quem
334 1313 402 1358 cum
424 1315 531 1360 sorore
552 1313 694 1372 germana
708 1294 855 1357 netarium
874 1303 1024 1371 stuprum
1040 1297 1133 1358 iecisse
1144 1324 1149 1391 Ι

111 1384 146 1442 L.
155 1382 298 1442 Lucullus
309 1379 425 1440 innatus
436 1395 471 1440 se
483 1379 712 1456 quaestionibus
722 1377 832 1439 habitis
847 1376 925 1438 dixit
932 1380 1131 1455 ‚comperisse
1145 1400 1150 1485 Ι

114 1478 199 1534 eum,
223 1461 275 1535 qui
294 1454 406 1533 civem,
429 1478 520 1537 quem
542 1470 683 1545 senatus,
710 1476 800 1536 quem
819 1460 958 1535 populus
978 1462 1132 1531 Romanus,

114 1559 204 1618 quem
218 1559 323 1603 omnes
337 1551 445 1618 gentes
459 1543 543 1605 urbis
558 1559 594 1604 ac
609 1543 687 1604 vitae
702 1543 812 1604 civium
829 1552 1088 1606 conservatorem
1102 1543 1132 1603 in·

113 1625 264 1700 dicarant,
280 1642 437 1687 servorum
452 1626 544 1687 armis
559 1625 786 1688 exterminavit=
801 1640 886 1697 eum,
909 1624 967 1700 qni
981 1642 1083 1702 regna
1095 1626 1131 1686 de

70 1729 73 1736 ·
114 1707 166 1781 dit,
180 1707 307 1780 ademit,
329 1708 433 1769 orbem
455 1718 602 1770 terrarum
623 1709 804 1784 quibuscum
817 1707 915 1768 voluit
931 1707 1069 1782 partitus
1085 1716 1131 1769 est:

113 1796 197 1861 eum,
220 1790 272 1865 qui
299 1790 436 1866 plurimis
457 1791 603 1853 caedibus
624 1791 654 1851 in
677 1792 743 1852 loro
764 1790 851 1851 iactis
869 1788 1023 1864 singulari
1041 1780 1155 1853 virtntti

114 1881 143 1933 et
157 1873 253 1948 gloria
266 1873 364 1933 civem
380 1875 502 1934 domum
517 1875 548 1933 vi
563 1883 593 1935 et
605 1873 696 1933 armis
714 1873 872 1948 compulitz
894 1888 983 1946 eum,
1010 1874 1063 1934 cui
1077 1872 1132 1934 nihil
1152 1886 1155 1921 Ι

112 1973 257 2032 umquam
271 1958 357 2016 nelas
375 1956 430 2017 luit
444 1973 501 2017 nec
516 1957 545 2016 in
561 1956 695 2016 facinore
708 1971 765 2016 nec
778 1956 808 2015 in
827 1954 970 2028 libidine,
994 1973 1084 2029 eum,
1096 1952 1132 2030 qui
1151 1928 1156 2097 Ι

113 2039 439 2115 aedem'Nympharum
452 2039 600 2111 incendit,
623 2047 656 2098 ut
677 2038 849 2098 memoriam
865 2037 1026 2112 publicam
1044 2053 1132 2099 recen·
1152 2102 1155 2115 Ι

113 2120 209 2180 sionis
227 2121 338 2181 tabulis
354 2120 483 2194 publicis
498 2123 676 2195 impressam
692 2121 913 2194 exstingueret:
934 2117 988 2182 74.
1006 2138 1079 2181 eum
1094 2120 1133 2179 de
1152 2128 1156 2183 ἶ

113 2202 215 2275 nique,
230 2202 279 2262 cui
294 2202 353 2261 iam
367 2205 451 2263 nulla
465 2204 515 2262 lex
532 2212 604 2274 erat,
618 2204 733 2263 nullum
748 2202 836 2263 civile
850 2201 908 2273 ius,
923 2204 1000 2262 nulli
1018 2218 1133 2278 posses·
1153 2202 1158 2281 ξ

115 2285 234 2343 sionum
248 2282 382 2359 termini,
401 2285 452 2360 qni
468 2302 528 2344 non
545 2284 816 2357 calumniantium,
833 2300 893 2344 non
907 2283 1035 2346 iniustis
1051 2283 1134 2346 vindi·
1155 2306 1158 2313 ·

114 2363 170 2424 ciis
190 2380 226 2424 ac
247 2368 443 2428 sacramentis
473 2368 590 2426 alienos
612 2368 738 2439 londos,
765 2368 820 2428 sed
843 2366 970 2439 castris,
997 2370 1134 2435 exercitu,

116 2445 211 2521 signis
231 2446 397 2509 inserendis
420 2451 554 2523 petebat:
578 2451 629 2522 qui
650 2466 710 2509 non
731 2450 829 2509 solum
848 2448 999 2508 Etruscos
1025 2483 1071 2496 —
1092 2464 1135 2510 eos

116 2529 194 2590 enim
215 2530 335 2604 penitus
351 2538 575 2605 contempserat
585 2565 636 2604 -,
649 2532 704 2592 sed
719 2532 799 2592 hunc
811 2531 842 2589 P.
858 2529 998 2603 Varium,
1016 2531 1134 2594 tortissi-

113 2630 193 2673 mum
208 2621 299 2687 etque
315 2613 460 2688 optimum
477 2615 587 2686 civem,
606 2613 736 2674 indicem
758 2623 909 2683 nostrum,
932 2615 1055 2686 pellere
1076 2630 1134 2689 pos·

113 2695 304 2756 sessionibus
321 2696 412 2755 armis
427 2697 595 2769 castrisque
610 2705 735 2756 conatus
747 2705 802 2767 est,
820 2696 954 2770 quicum
970 2694 1135 2758 architectis

113 2787 143 2838 et
163 2778 358 2852 decempedis
383 2777 470 2836 villas
491 2779 650 2839 multorum
671 2781 838 2853 hortosque
860 2780 1068 2851 peragrabat,
1096 2774 1135 2852 qui

112 2861 247 2922 laniculo
268 2867 298 2919 et
311 2859 442 2933 Alpibus
459 2877 545 2934 spem
566 2862 797 2934 possessionum
818 2858 995 2921 terminarat
1010 2877 1135 2929 suarum,
1162 2876 1165 2909 ³

113 2941 165 3016 qui
187 2959 279 3016 quum
292 2942 331 3000 ab
347 2942 448 3016 equite
462 2944 599 3002 Romano
616 2944 777 3018 splendido
793 2950 823 3002 et
837 2941 922 3014 lorti,
938 2942 982 3001 M.
997 2943 1134 3009 Paconio,

112 3039 174 3082 non
187 3023 395 3100 impetrasset,
416 3034 449 3085 ut
464 3023 521 3084 sibi
535 3026 664 3085 insulam
678 3025 709 3084 in
724 3026 792 3085 lacu
806 3025 893 3083 Prilio
909 3027 1078 3098 venderet,
1100 3041 1136 3084 re
1162 3066 1165 3081 .

111 3112 203 3178 pente
218 3106 355 3166 lintribus
371 3109 401 3166 in
420 3122 486 3167 eam
501 3106 630 3167 insulam
646 3109 809 3180 materiem,
830 3108 955 3178 calcem,
972 3117 1135 3173 caementa.

113 3202 197 3245 arma
214 3189 356 3248 convexit
374 3188 559 3262 dominoque
573 3198 656 3251 trans
677 3189 774 3263 ripam
793 3190 986 3264 inspectante
1011 3209 1076 3252 non
1092 3193 1137 3250 du-

111 3268 218 3328 bitavit
239 3278 396 3330 exstruere
417 3270 587 3332 aedilicium
611 3271 640 3331 in
661 3271 774 3333 alieno:
796 3269 846 3333 75.
869 3270 921 3345 qui
937 3271 1012 3346 huic
1025 3275 1059 3332 T.
1074 3274 1137 3333 Fur·

112 3350 203 3423 lanio,
218 3354 265 3411 eui
282 3351 368 3410 virot
381 3353 412 3412 di
426 3352 626 3415 immortales!
643 3386 686 3400 —
709 3356 781 3427 quid
799 3353 878 3413 enim
893 3369 952 3427 ego
968 3357 1011 3415 de
1026 3355 1137 3417 mulier·
