2340 3788
405 220 411 234 .
434 132 715 240 ancomnrma.
1004 142 1090 249 ‘339

58 333 108 385 sibi
125 346 222 394 quoque
240 331 344 380 insidias
362 336 387 378 et
401 330 428 378 id
445 329 538 394 palam,
557 344 587 379 ac
601 330 695 379 maiore
712 335 789 378 mauu
807 343 834 378 se
851 332 970 381 armabat.
1003 329 1090 380 Dictu-

59 416 116 450 rum
130 414 230 461 quoque
248 397 316 448 diem
334 397 450 447 Ciceroni
466 398 574 447 Plancus
592 397 744 455 ostenderat,
762 406 851 461 postea
865 407 948 449 autem
966 400 995 458 Q.
1015 401 1089 449 Pom·

58 470 131 533 peius
148 467 216 515 idem
234 467 363 515 minitatus
381 472 443 514 erat.
478 465 558 514 Tanta
575 473 658 514 tamen
675 465 815 513 constantia
831 478 860 514 ac
873 463 935 515 fides
953 466 1000 517 luit
1020 466 1090 518 (lice-

59 537 146 597 ronis,
165 542 259 583 utnon
276 532 398 599 populis
414 547 442 582 se
460 531 619 593 alienatione,
634 546 685 581 uon
699 531 742 584 Gn.
761 532 875 595 Pompeii
893 535 1088 598 suspicionibus,

58 618 109 652 non
123 602 229 666 periculi
249 601 326 651 laturi
350 609 433 661 metu,
456 601 478 649 si
502 602 556 650 dies
574 601 608 650 ad
630 599 752 664 populum
772 600 911 661 diceretur,
936 615 985 650 nou
1004 603 1088 662 armis,

59 686 123 733 quae
145 670 229 733 palam
251 671 277 719 in
295 668 414 718 Milonem
436 676 537 732 sumpta
551 676 634 727 erant,
656 668 774 717 deterreri
788 668 898 731 potuerit
912 682 928 717 a
944 668 1089 721 defensione

60 740 124 798 eius,
141 752 217 800 quum
233 740 320 801 poss'st
334 751 408 786 omne
427 736 569 799 periculum
584 751 657 784 suum
676 743 700 784 et
716 735 882 801 offensionem
898 736 1014 785 inimicae
1027 738 1088 787 mul·

57 805 332 864 titudinis'declinare,
351 804 474 853 redimere
492 811 575 852 autem
596 802 639 858 (in.
656 803 771 870 Pompeii
786 804 911 867 animum,
934 804 957 852 si
978 804 1089 867 paullum

58 891 91 924 ex
108 875 192 923 studio
211 873 365 924 defensionis
385 872 533 923 remisisset.

124 941 222 990 Perlata
237 940 328 990 deinde
344 939 401 1003 lege
418 939 545 1002 Pompeii,
564 940 591 987 iu
607 953 657 1000 qua
673 937 700 987 id
718 952 818 1000 quoque
835 939 955 1002 scriptum
970 946 1039 997 erat,
1061 947 1090 988 ut

58 1010 188 1072 quaesitor
204 1005 427 1072 suffragiopopuli
440 1007 526 1069 exiis,
539 1009 581 1068 qui
598 1005 712 1055 consules
730 1004 837 1064 lucrant,
856 1013 987 1065 crearetur,
1006 1007 1089 1055 statim

57 1078 159 1127 comitia
190 1074 297 1138 habuit,
326 1081 475 1136 creatusque
501 1081 554 1123 erat
577 1074 607 1124 L.
632 1073 756 1122 Domitius
776 1073 941 1124 Aenobarbus
963 1080 1088 1136 quaestor.

56 1146 172 1194 Aliorum
189 1143 291 1206 quoque
305 1142 431 1200 iudicum,
453 1142 497 1204 qui
513 1143 545 1191 de
561 1156 592 1192 ea
604 1157 632 1190 re
645 1142 791 1200 iudicarent,
809 1141 943 1206 Pompeius
959 1141 1090 1205 talespro·

56 1213 151 1277 posuit,
169 1219 197 1259 ut
215 1223 350 1272 numquam
362 1224 447 1272 neque
466 1208 586 1259 clariores
604 1211 673 1260 viros
689 1223 771 1271 neque
790 1212 931 1258 sanctiores·
944 1209 1089 1273 propositos

59 1295 116 1328 esse
136 1285 268 1328 constaret.
290 1278 350 1326 Post
366 1277 433 1340 quod
451 1278 536 1327 statim
554 1292 619 1327 nova
635 1277 692 1342 lege
708 1276 769 1326 Milo
787 1277 929 1341 postulatus
948 1285 985 1325 est
999 1292 1014 1327 a
1028 1277 1090 1326 duo-

57 1350 106 1396 bus
121 1347 213 1411 Appiis
228 1345 338 1395 Claudiis
354 1345 563 1405 adolescentibus,
581 1346 679 1404 iisdem,
696 1359 710 1392 a
728 1345 818 1407 quibus
835 1352 907 1394 antea
918 1344 1013 1394 familia
1034 1346 1089 1395 eius

57 1416 141 1464 iuerat
156 1413 297 1477 postulata,
321 1415 431 1476 itemque
445 1413 478 1462 de
495 1414 590 1463 ambitu
609 1414 640 1462 ab
658 1413 749 1462 iisdem
764 1413 870 1476 Appiis,
889 1419 914 1461 et
928 1420 1089 1476 praetereas

58 1483 86 1535 G.
107 1481 191 1532 Geteio
210 1490 234 1531 et
251 1481 280 1535 L.
299 1479 443 1540 Cornificio,
463 1482 494 1531 de
516 1481 645 1531 sodaliciis
661 1496 676 1530 a
694 1480 722 1529 P.
741 1481 826 1529 Fulvio
842 1479 942 1530 Nerato.
975 1480 1089 1531 Postula-

55 1560 97 1601 tus
116 1559 199 1599 autem
212 1556 272 1598 'erat
286 1557 311 1598 et
325 1550 357 1599 de
375 1549 502 1599 sodaliciis
518 1551 586 1600 etde
603 1550 699 1599 a'mbitu
717 1564 747 1597 ea
765 1563 819 1612 spe,
839 1549 907 1610 quod
923 1548 1031 1613 primum
1049 1551 1088 1599 iu·

57 1620 151 1668 dicium
177 1620 208 1668 de
227 1620 252 1667 vi
271 1617 381 1666 futurum
396 1619 546 1682 apparebat,
570 1632 620 1679 quo
645 1631 703 1665 eum
726 1617 868 1666 damnatum
887 1617 920 1663 iri
933 1618 1089 1668 confidebant

56 1701 103 1736 nec
126 1694 215 1749 postea
238 1699 428 1749 responsurum.
462 1685 587 1733 Divinatio
611 1685 644 1733 de
667 1685 763 1733 ambitu
781 1691 952 1732 accusatorum
970 1685 1037 1735 lecta
1050 1692 1088 1734 est

57 1762 189 1816 quaestore
207 1747 238 1801 Ἀ.
256 1753 388 1814 Torquato,
403 1761 477 1815 atque
494 1752 567 1800 ambo
585 1760 739 1812 quaestores,
755 1750 897 1812 Torquatus
915 1758 939 1799 et
954 1751 1088 1809 Domitius,

56 1822 139 1888 pridie
154 1819 237 1869 Nonas
256 1819 335 1883 April.
354 1833 425 1869 reum
443 1819 534 1868 adesse
552 1818 686 1870 iussemnt.
729 1816 783 1875 Quo
799 1818 841 1865 die
858 1817 917 1866 Milo
935 1818 969 1866 ad
984 1819 1089 1868 Domitii

56 1887 166 1937 tribunal
191 1888 273 1947 veuit,
296 1887 330 1934 ad
347 1886 468 1948 Torquati
495 1885 591 1933 amicos
615 1884 698 1932 misit:
716 1884 752 1933 ibi
773 1883 916 1946 postulante
934 1899 980 1948 pro
1003 1900 1033 1934 eo
1052 1885 1086 1938 M,

56 1955 175 2006 Marcello
194 1953 315 2011 obtinuit,
338 1955 456 2016 ueprius
473 1966 576 2002 causam
592 1953 624 2002 de
640 1951 735 2000 ambitu
752 1951 845 2000 diceret
863 1966 938 2013 quam
957 1953 988 2002 de
1005 1953 1031 2002 vi
1050 1954 1088 2002 iu-

58 2027 150 2075 dicium
166 2029 219 2071 erat
233 2018 380 2083 perlectum.
418 2020 496 2085 Apud
514 2019 650 2071 Domitium
666 2026 750 2068 autem
767 2025 925 2081 quaestorem
942 2021 1022 2070 maior
1036 2021 1094 2083 Ap„

56 2095 115 2158 pius
133 2090 268 2154 postulavit
286 2103 301 2137 a
316 2087 407 2137 Milone
425 2103 511 2139 servos
527 2088 758 2138 exhiberinumero
774 2087 808 2137 IV
826 2095 850 2135 et
866 2087 896 2152 L,
915 2096 940 2136 et
955 2103 1031 2150 quum
1047 2088 1088 2136 illa

58 2168 162 2223 negaret
180 2168 239 2217 eos,
259 2157 302 2218 qui
316 2157 510 2206 nominabantur
525 2158 550 2206 in
566 2171 612 2206 sua
626 2163 751 2222 potestate
768 2168 832 2215 esse,
844 2154 967 2204 Domitius
983 2171 1014 2206 ex
1032 2171 1088 2205 sen-

56 2229 135 2277 tentia
164 2227 276 2275 iudicum
300 2227 490 2288 pronunciavit,
509 2233 537 2274 ut
562 2240 593 2275 ex
613 2239 743 2274 servorum
758 2237 843 2272 eorum
860 2237 964 2273 numero
982 2258 1086 2279 ......

58 2301 188 2345 accusator
203 2294 264 2356 quot
280 2293 457 2361 valletederet.
481 2292 555 2343 Citati
563 2293 655 2343 deinde
664 2298 743 2342 testes
753 2291 890 2342 secundum
906 2290 998 2357 legem,
1015 2304 1087 2355 qnae,

56 2372 85 2413 ut
107 2378 184 2427 supra
202 2363 325 2422 diximus,
341 2362 456 2424 iubebat,
480 2368 509 2411 ut
523 2363 595 2426 prius
612 2375 688 2424 quam
707 2374 782 2409 causa
799 2369 929 2425 ageretur,
952 2368 1027 2410 testes
1043 2374 1089 2424 per

56 2433 168 2482 triduum
192 2431 348 2488 audirentur,
373 2429 440 2479 dicta
457 2444 544 2479 eorum
561 2431 658 2480 iudices
676 2428 859 2488 confirmarent,
877 2438 967 2491 quarta
986 2430 1026 2479 die
1044 2429 1088 2476 ad·

58 2515 114 2549 esse
130 2512 217 2551 omnes
235 2500 260 2546 in
278 2498 344 2547 diem
362 2505 490 2562 postemm
509 2499 669 2559 iuberentur,
688 2511 718 2545 ac
736 2510 819 2545 coram
838 2503 982 2547 accusatore
998 2510 1027 2544 ao
1044 2510 1087 2543 reo

56 2568 138 2632 pilae,
162 2566 296 2630 inquibus
314 2566 415 2616 uomina
433 2567 545 2616 iudicum
564 2567 685 2630 iuscripta
710 2572 808 2624 essent,
827 2572 1006 2626 aequarentur:
1029 2562 1088 2613 dein
1163 2603 1169 2610 ,

56 2651 144 2685 rursus
161 2643 262 2699 postera
280 2634 322 2684 die
338 2634 433 2684 sortitio
451 2634 563 2684 iudicum
580 2634 659 2692 deret,
678 2633 753 2681 unius
771 2640 795 2681 et
812 2630 917 2681 LXXX:
943 2632 986 2694 qni
1001 2644 1088 2679 nume·

57 2719 101 2752 rus
119 2719 194 2765 quum
211 2709 277 2752 sorte
296 2703 442 2767 obtigisset,
463 2703 512 2770 ipsi
528 2703 642 2766 protinus
659 2714 759 2750 sessum
777 2702 855 2750 irenta
878 2707 931 2748 tum
955 2699 988 2748 ad
1004 2699 1088 2748 dicen-

59 2773 119 2820 dum
134 2782 262 2821 accusator
277 2770 341 2821 duas
357 2771 446 2829 horas,
463 2784 522 2820 reus
539 2779 589 2819 tres
607 2770 724 2828 haberet,
748 2783 856 2831 reusque
879 2767 967 2817 eodem
986 2767 1027 2816 die
1045 2763 1087 2814 illo

59 2839 223 2898 iudicaretur,
237 2840 311 2903 prius
326 2846 418 2899 autem,
435 2853 509 2900 quam
521 2840 658 2888 sententias
676 2837 808 2897 ferrentur,
820 2837 910 2898 quinos
929 2849 961 2884 ex
979 2833 1087 2899 singulis

59 2908 189 2957 ordinibus
212 2915 360 2971 accusator,
383 2905 488 2958 totidem
507 2921 565 2956 reus
580 2905 707 2964 reiiceret',
731 2907 812 2954 itaut
832 2916 950 2952 numerus
975 2903 1086 2951 iudicum

57 2974 246 3036 relinqueretur,
266 2976 309 3039 qui
325 2977 461 3025 sententias
479 2975 580 3035 ferrent,
599 2974 781 3038 quinquaginta
798 2980 822 3022 et
837 2985 912 3021 unus.

120 3043 203 3092 Primo
227 3043 268 3093 die
284 3045 357 3095 datus
380 3050 432 3092 erat
456 3044 482 3092 in
500 3042 618 3091 Milonem
636 3045 708 3091 testis
727 3039 857 3090 Cossinius
872 3037 976 3097 Schola,
999 3038 1042 3101 qul
1059 3050 1087 3085 se

58 3127 116 3162 cum
131 3111 157 3165 P.
177 3110 263 3162 Glodio
278 3111 371 3177 luisse,
387 3126 463 3175 quum
478 3113 501 3162 is
520 3112 619 3161 occisus
633 3117 715 3170 esset,
740 3109 818 3166 dixit,
837 3108 1041 3169 atrocitatemque
1051 3105 1087 3153 rei

58 3181 138 3230 factae
154 3194 228 3243 quam
245 3182 354 3231 maxime
369 3180 452 3245 potuit
468 3180 546 3229 auxit.
566 3179 643 3238 Quem
657 3191 734 3240 quum
749 3177 900 3239 interrogare
909 3175 941 3223 M.
955 3171 1087 3224 Marcellus

58 3252 193 3314 coepisset,
210 3257 278 3299 tanto
293 3249 402 3299 tumultu
416 3245 737 3298 Clodianasmultitudinis
750 3243 936 3299 ,circumstantis
955 3241 1087 3290 exterritus

57 3328 112 3378 est,
135 3326 163 3367 ut
180 3318 232 3368 vim
250 3318 362 3368 ultimam
377 3310 470 3367 timeus
486 3317 512 3365 iu
527 3313 634 3365 tribunal
651 3328 667 3363 a
684 3312 795 3361 Domitio
812 3312 970 3374 reciperetur.
1008 3308 1088 3365 Quam

56 3388 91 3440 ob
107 3400 209 3435 causam
223 3383 355 3434 Marcellus
378 3392 403 3434 et
432 3385 488 3449 lpse
509 3383 568 3432 Milo
594 3382 736 3433 aDomitio
761 3378 915 3445 praesidium
938 3375 1087 3439 implorave-

840 3441 910 3506 ῃ*
