2340 3788
362 183 444 244 CAP·
457 190 588 253 31-733·
609 188 636 249 5·
652 191 783 249 64,-69;
1029 198 1090 266 191

141 330 260 391 xxxtt.
271 329 322 394 67.
345 327 457 405 Quare
469 340 501 392 ut
512 333 552 391 ad
563 333 603 404 id,
621 334 705 406 quod
719 332 842 410 institui,
857 345 1000 411 revertur,
1016 341 1088 400 totle

51 412 128 476 mihi
147 428 166 474 e
183 428 278 474 causa
291 430 403 475 nomen
421 414 558 475 Catonis=
584 430 725 489 remove,
741 418 943 491 praetermitte
957 422 1087 484 auctori-

51 506 165 571 tatem,
188 512 267 570 quas
280 495 312 556 in
328 495 448 558 iudiciis
466 506 517 557 ant
531 495 604 556 nihit
621 498 723 559 vetere
736 507 788 559 aut
802 501 841 558 ad
856 503 983 563 satutem
998 504 1089 565 debet

52 581 177 641 valere:
201 580 389 653 congredere
405 595 523 640 mecum
542 579 716 641 criminibus
732 579 819 655 ipsis.
855 583 932 658 Quid
947 601 1086 659 accusas,

54 664 154 725 caton
176 660 250 736 quid
269 662 372 722 adfers
393 663 435 722 ad
450 661 615 723 iudicium?
636 662 710 737 quid
726 662 851 737 arguisr
871 666 1023 728 Ambitum
1036 685 1087 729 ac·

55 760 166 807 cusasz
182 757 244 802 non
257 744 400 805 defendo.
431 744 481 805 Me
494 744 704 820 reprehendis,
723 746 808 821 quod
821 744 901 806 idem
915 748 1087 825 defendam,

57 827 142 905 quod
162 827 232 901 lege
251 825 433 902 poenierim:
466 826 591 902 poenivi
610 827 769 902 ambitum,
796 844 858 887 non
875 828 1087 890 innocentiam.

54 908 210 973 Ambitum
230 925 302 971 vero
317 911 418 985 ipsum
434 911 481 971 vel
502 918 601 970 tecum
615 912 784 984 accusabo,
805 912 832 970 si
852 913 948 971 voles.
979 911 1088 974 Dixisti

56 998 182 1055 senatus
206 994 378 1053 consultum
403 1009 453 1052 me
473 993 624 1054 referente
649 1009 720 1055 esse
744 995 869 1054 tactum=
902 1009 930 1054 ει
952 1008 1088 1053 nnncnnr

56 1091 200 1137 cononem
217 1089 335 1135 ouvmu
349 1092 527 1136 cammaris
543 1090 653 1150 issum,
671 1093 699 1136 s1
717 1092 857 1136 cononem
871 1092 1090 1151 siccansnrun,

57 1175 83 1219 sr
104 1173 346 1219 cunnmnonmns
367 1174 462 1219 vunan
485 1172 576 1217 cocus
596 1174 736 1218 mmmm
759 1175 796 1218 m
818 1175 889 1219 munt
911 1176 1044 1220 nannum
1059 1175 1088 1220 s1

58 1256 154 1301 runco
168 1256 278 1300 ssssnn
290 1258 381 1316 narn,
398 1258 512 1302 consus
527 1257 625 1301 nucem
636 1242 830 1302 Cnnnnnnmu
844 1259 960 1303 sucrum
975 1258 1088 1302 vmmu.

56 1324 137 1420 Ergo
157 1320 200 1385 ita
219 1333 344 1387 senatus
364 1325 391 1385 si
411 1324 538 1397 iudicat,
563 1331 669 1385 contro
684 1327 781 1401 legem
797 1327 876 1387 iacta
890 1327 966 1387 haec
980 1325 1087 1398 videri,

58 1405 83 1468 si
97 1405 266 1479 tactasint,
290 1408 437 1481 decemit‚
463 1408 546 1483 quod
562 1407 635 1467 nihil
651 1425 729 1484 opus
745 1417 807 1482 est,
831 1410 903 1472 dum
917 1408 1088 1471 candidatis

57 1506 172 1552 morem
193 1480 278 1563 gerit.
314 1491 388 1551 Nam
405 1493 516 1553 iactum
537 1490 575 1552 sit
595 1507 691 1552 necne
711 1493 906 1553 vehementer
923 1491 1086 1569 quaeritur

58 1568 89 1634 Si
104 1573 217 1633 tactum
234 1580 295 1646 est,
319 1573 391 1648 quin
414 1582 520 1635 contra
536 1577 634 1648 tegam
655 1575 694 1635 sit
715 1574 852 1636 dubitare
867 1592 956 1636 nemo
976 1580 1085 1650 potest.

57 1654 106 1718 68.
126 1654 204 1715 Est
197 1653 286 1729 igitur
302 1655 476 1727 ridiculum,
493 1656 578 1729 quod
591 1663 639 1715 est
652 1655 792 1729 dubium,
809 1656 840 1716 id
857 1655 1049 1732 relinquere'
1042 1674 1086 1716 ιιι-

58 1744 188 1799 certum=
207 1738 290 1811 quod
301 1736 412 1796 nemini
426 1736 551 1797 dubium
564 1745 664 1810 potest
677 1754 758 1810 esse,
774 1739 807 1798 id
820 1737 968 1799 iudicare·
986 1740 1088 1814 Atque

56 1819 87 1881 id
103 1817 279 1880 decernitur
294 1817 435 1878 omnibus
450 1819 673 1892 postulantibus
689 1818 874 1880 candidatis=
896 1829 930 1880 ut
944 1836 984 1880 ex
999 1836 1090 1879 sena-

56 1910 104 1964 tus
127 1901 268 1960 consulto
292 1914 392 1973 neque
413 1899 499 1959 cuius
516 1896 747 1975 intersitneque
765 1907 871 1961 contra
885 1917 976 1975 quem
990 1900 1030 1960 sit
1043 1900 1088 1959 in-

54 1980 152 2057 telligi
166 1979 275 2055 possit.
315 1979 379 2053 Qua
392 1998 426 2042 re
441 1983 519 2043 doce
533 1997 552 2041 a
564 1981 598 2040 L.
613 1980 739 2042 Murena
754 1983 806 2042 itta
823 1998 895 2043 esse
910 1981 1089 2043 commissas

54 2076 118 2129 tum
138 2071 258 2140 egomet
275 2062 327 2125 tibi
346 2073 450 2126 contra
464 2065 562 2140 legem
576 2064 741 2126 commissa
755 2066 1018 2127 esse-concedam.
1077 2127 1079 2130 Α

140 2147 271 2207 XXXIII.
299 2147 384 2208 Multi
409 2150 528 2210 obviam
552 2147 731 2224 prodierunt
754 2150 793 2210 de
817 2148 976 2224 provincia
998 2148 1087 2208 dece·

57 2229 149 2303 denti,
169 2231 358 2292 consulatum
369 2232 491 2308 petenti.
521 2232 606 2293 Sotet
619 2232 694 2292 fieri.
718 2232 813 2293 Eccui
827 2239 927 2294 autem
942 2249 1001 2293 non
1016 2249 1088 2308 pro·

56 2314 139 2376 ditur
152 2313 337 2375 revertentit
365 2315 449 2398 Quae
464 2314 519 2378 tuit
534 2315 594 2378 ista
608 2315 790 2377 multitudot
816 2315 962 2389 Primum,
987 2316 1014 2376 si
1033 2313 1088 2376 tibi

55 2397 147 2458 istam
160 2395 308 2457 rationem
324 2413 386 2457 non
401 2398 517 2472 possim
533 2399 673 2473 reddere,
690 2400 764 2475 quid
778 2399 870 2460 habet
880 2396 1087 2460 admirationis

54 2477 108 2549 tati
126 2479 191 2540 viro
213 2479 402 2553 advenienti,
425 2480 585 2542 candidato
610 2481 779 2554 consulari,
804 2481 925 2543 obviam
944 2479 1087 2557 prodisse

55 2563 191 2624 multost
208 2562 366 2638 quodnisi
383 2572 466 2624 esset
481 2565 606 2636 iactum,
624 2566 721 2639 magis
737 2564 906 2626 mirandum
923 2563 1087 2623 videretur.

55 2645 107 2708 ot).
131 2645 276 2719 Quid‚'si
297 2645 387 2705 etiam
406 2645 480 2706 iliud
496 2647 621 2721 addam,
644 2649 729 2722 quod
749 2665 768 2708 a
785 2644 1005 2708 consuetudine
1026 2659 1091 2703 non

55 2729 215 2800 abhorret,
233 2737 359 2802 rogatos
376 2744 447 2789 esse
461 2729 589 2802 multos,
615 2747 686 2790 num
704 2739 756 2790 aut
772 2729 968 2790 criminosum
984 2726 1023 2786 sit
1037 2733 1089 2793 aut

56 2811 242 2885 mirandum,
268 2827 328 2886 qua
348 2809 378 2870 in
400 2810 520 2872 civitate
539 2815 636 2886 rogati
651 2812 822 2874 infimorum
838 2808 993 2873 hominum
1007 2806 1088 2869 filios

56 2911 157 2971 prope
178 2895 216 2954 de
236 2902 326 2956 nocte
346 2910 386 2953 ex
405 2893 509 2955 ultima
529 2911 623 2970 saepe
642 2897 717 2956 urbe
740 2897 903 2956 deductum
917 2890 1023 2954 venire
1037 2908 1087 2954 so.-

55 2980 185 3048 leamuS,
201 2977 231 3036 in
246 2993 283 3038 ea
298 2994 359 3038 non
374 2993 445 3037 esse
459 2985 601 3054 gravatos
617 2978 755 3040 homines
771 2975 896 3053 prodire
911 2975 988 3036 hora
1001 2973 1087 3037 tertia

56 3061 86 3120 in
110 3076 251 3134 campum
267 3059 423 3134 Martium,
445 3061 622 3141 praesertim
641 3060 710 3122 talis
730 3060 786 3120 viri
801 3058 922 3121 nomine
942 3065 1089 3134 rogatost

56 3142 146 3217 Quid,
164 3144 189 3202 si
202 3159 308 3204 omnes
323 3143 486 3205 societates
500 3153 654 3217 venerunt,
673 3160 799 3219 quarum
811 3159 850 3203 ex
864 3158 990 3204 numero
1005 3141 1088 3202 multi

57 3227 169 3286 sedent
189 3225 328 3286 iudices?
356 3226 444 3324 quid,
470 3227 497 3288 si
517 3229 601 3288 multi
619 3227 759 3287 homines
779 3220 875 3287 nostri
898 3224 1012 3288 ordinis
1033 3223 1087 3282 ho-

56 3307 248 3370 nesdssimir
266 3308 350 3384 quid,
365 3310 392 3370 si
406 3311 456 3370 itta
470 3310 733 3382 officiosissima,
721 3326 801 3405 quae
814 3309 964 3370 neminem
977 3304 1089 3381 patitur

57 3407 120 3454 non
136 3391 288 3453 honeste'
279 3408 311 3453 m
324 3382 453 3455 urbem'
445 3393 582 3465 introire,
605 3401 667 3455 tota
687 3391 770 3454 natio
790 3391 1040 3454 candidatorumt
1062 3385 1089 3446 si
1148 3416 1155 3423 -
