<?xml version="1.0" encoding="UTF-8"?>
<!DOCTYPE html PUBLIC "-//W3C//DTD XHTML 1.0 Transitional//EN"
    "http://www.w3.org/TR/xhtml1/DTD/xhtml1-transitional.dtd">
<html xmlns="http://www.w3.org/1999/xhtml" xml:lang="en" lang="en">
 <head>
  <title>
</title>
<meta http-equiv="Content-Type" content="text/html;charset=utf-8" />
  <meta name='ocr-system' content='tesseract 3.04.00' />
  <meta name='ocr-capabilities' content='ocr_page ocr_carea ocr_par ocr_line ocrx_word'/>
</head>
<body>
  <div class='ocr_page' id='page_1' title='image "./orationesselect01cicegoog/orationesselect01cicegoog_0213.png"; bbox 0 0 2340 3788; ppageno 0'>
   <div class='ocr_carea' id='block_1_1' title="bbox 111 184 860 258">
    <p class='ocr_par' dir='ltr' id='par_1_1' title="bbox 111 184 860 258">
     <span class='ocr_line' id='line_1_1' title="bbox 111 184 860 258; baseline -0.021 1"><span class='ocrx_word' id='word_1_1' title='bbox 111 191 174 258; x_wconf 87' lang='grc'><strong>178</strong></span> <span class='ocrx_word' id='word_1_2' title='bbox 392 187 467 247; x_wconf 90' lang='lat' dir='ltr'><strong>PRO</strong></span> <span class='ocrx_word' id='word_1_3' title='bbox 481 187 514 248; x_wconf 72' lang='lat'><strong>1..</strong></span> <span class='ocrx_word' id='word_1_4' title='bbox 528 186 694 247; x_wconf 72' lang='lat' dir='ltr'><strong>mundun</strong></span> <span class='ocrx_word' id='word_1_5' title='bbox 709 184 860 246; x_wconf 83' lang='lat' dir='ltr'><strong>ORATIO.</strong></span> 
     </span>
    </p>
   </div>
   <div class='ocr_carea' id='block_1_2' title="bbox 109 332 1141 414">
    <p class='ocr_par' dir='ltr' id='par_1_2' title="bbox 109 332 1141 414">
     <span class='ocr_line' id='line_1_2' title="bbox 109 332 1141 414; baseline -0.002 -12"><span class='ocrx_word' id='word_1_6' title='bbox 109 335 292 413; x_wconf 88' lang='lat' dir='ltr'><strong>cognomine</strong></span> <span class='ocrx_word' id='word_1_7' title='bbox 308 335 378 413; x_wconf 92' lang='lat' dir='ltr'><strong>ipso</strong></span> <span class='ocrx_word' id='word_1_8' title='bbox 393 351 467 411; x_wconf 91' lang='lat' dir='ltr'><strong>prae</strong></span> <span class='ocrx_word' id='word_1_9' title='bbox 483 352 519 396; x_wconf 90' lang='lat' dir='ltr'><strong>se</strong></span> <span class='ocrx_word' id='word_1_10' title='bbox 534 336 664 414; x_wconf 81' lang='lat' dir='ltr'><strong>terebat,</strong></span> <span class='ocrx_word' id='word_1_11' title='bbox 687 335 824 396; x_wconf 85' lang='lat' dir='ltr'><strong>carndem</strong></span> <span class='ocrx_word' id='word_1_12' title='bbox 844 332 895 395; x_wconf 91' lang='lat' dir='ltr'><strong>hic</strong></span> <span class='ocrx_word' id='word_1_13' title='bbox 914 334 974 395; x_wconf 91' lang='lat' dir='ltr'><strong>sibi</strong></span> <span class='ocrx_word' id='word_1_14' title='bbox 992 351 1033 396; x_wconf 86' lang='lat' dir='ltr'><strong>ex</strong></span> <span class='ocrx_word' id='word_1_15' title='bbox 1047 337 1141 409; x_wconf 87' lang='lat' dir='ltr'><strong>Asiae</strong></span> 
     </span>
    </p>
   </div>
   <div class='ocr_carea' id='block_1_3' title="bbox 104 414 1139 2482">
    <p class='ocr_par' dir='ltr' id='par_1_3' title="bbox 104 414 1139 2482">
     <span class='ocr_line' id='line_1_3' title="bbox 111 414 1139 493; baseline 0.002 -11"><span class='ocrx_word' id='word_1_16' title='bbox 111 420 234 483; x_wconf 89' lang='lat' dir='ltr'><strong>nomine</strong></span> <span class='ocrx_word' id='word_1_17' title='bbox 247 419 428 493; x_wconf 74' lang='lat' dir='ltr'><strong>adsumpsit.</strong></span> <span class='ocrx_word' id='word_1_18' title='bbox 472 417 523 481; x_wconf 69' lang='lat'><strong>32.</strong></span> <span class='ocrx_word' id='word_1_19' title='bbox 547 419 612 491; x_wconf 79' lang='lat' dir='ltr'><strong>Quo</strong></span> <span class='ocrx_word' id='word_1_20' title='bbox 634 416 757 493; x_wconf 88' lang='lat' dir='ltr'><strong>quidem</strong></span> <span class='ocrx_word' id='word_1_21' title='bbox 776 417 808 478; x_wconf 93' lang='lat' dir='ltr'><strong>in</strong></span> <span class='ocrx_word' id='word_1_22' title='bbox 824 417 904 477; x_wconf 89' lang='lat' dir='ltr'><strong>bello</strong></span> <span class='ocrx_word' id='word_1_23' title='bbox 920 414 1017 480; x_wconf 85' lang='lat' dir='ltr'><strong>virtus</strong></span> <span class='ocrx_word' id='word_1_24' title='bbox 1035 422 1139 485; x_wconf 78' lang='lat' dir='ltr'><strong>enituit</strong></span> 
     </span>
     <span class='ocr_line' id='line_1_4' title="bbox 110 499 1139 580; baseline 0.005 -19"><span class='ocrx_word' id='word_1_25' title='bbox 110 502 234 580; x_wconf 85' lang='lat' dir='ltr'><strong>egregia</strong></span> <span class='ocrx_word' id='word_1_26' title='bbox 245 501 287 561; x_wconf 91' lang='lat' dir='ltr'><strong>M.</strong></span> <span class='ocrx_word' id='word_1_27' title='bbox 304 500 440 574; x_wconf 81' lang='lat' dir='ltr'><strong>Catonis,</strong></span> <span class='ocrx_word' id='word_1_28' title='bbox 459 501 565 576; x_wconf 84' lang='lat' dir='ltr'><strong>proavi</strong></span> <span class='ocrx_word' id='word_1_29' title='bbox 578 499 634 562; x_wconf 73' lang='lat' dir='ltr'><strong>tuiz</strong></span> <span class='ocrx_word' id='word_1_30' title='bbox 653 517 713 575; x_wconf 90' lang='lat' dir='ltr'><strong>quo</strong></span> <span class='ocrx_word' id='word_1_31' title='bbox 728 502 792 573; x_wconf 89' lang='lat' dir='ltr'><strong>ille,</strong></span> <span class='ocrx_word' id='word_1_32' title='bbox 810 516 901 575; x_wconf 91' lang='lat' dir='ltr'><strong>quum</strong></span> <span class='ocrx_word' id='word_1_33' title='bbox 917 510 1018 575; x_wconf 84' lang='lat' dir='ltr'><strong>esset,</strong></span> <span class='ocrx_word' id='word_1_34' title='bbox 1034 511 1068 564; x_wconf 91' lang='lat' dir='ltr'><strong>ut</strong></span> <span class='ocrx_word' id='word_1_35' title='bbox 1081 520 1139 580; x_wconf 91' lang='lat' dir='ltr'><strong>ego</strong></span> 
     </span>
     <span class='ocr_line' id='line_1_5' title="bbox 109 582 1137 660; baseline 0.001 -14"><span class='ocrx_word' id='word_1_36' title='bbox 109 586 182 646; x_wconf 94' lang='lat' dir='ltr'><strong>mihi</strong></span> <span class='ocrx_word' id='word_1_37' title='bbox 197 593 311 658; x_wconf 89' lang='lat' dir='ltr'><strong>statuo,</strong></span> <span class='ocrx_word' id='word_1_38' title='bbox 324 584 407 656; x_wconf 85' lang='lat' dir='ltr'><strong>telis,</strong></span> <span class='ocrx_word' id='word_1_39' title='bbox 424 587 543 660; x_wconf 89' lang='lat' dir='ltr'><strong>qualem</strong></span> <span class='ocrx_word' id='word_1_40' title='bbox 558 591 588 645; x_wconf 90' lang='lat' dir='ltr'><strong>te</strong></span> <span class='ocrx_word' id='word_1_41' title='bbox 603 599 675 643; x_wconf 90' lang='lat' dir='ltr'><strong>esse</strong></span> <span class='ocrx_word' id='word_1_42' title='bbox 688 582 788 655; x_wconf 89' lang='lat' dir='ltr'><strong>video,</strong></span> <span class='ocrx_word' id='word_1_43' title='bbox 804 599 969 657; x_wconf 82' lang='lat' dir='ltr'><strong>numquam</strong></span> <span class='ocrx_word' id='word_1_44' title='bbox 984 600 1054 645; x_wconf 90' lang='lat' dir='ltr'><strong>cum</strong></span> <span class='ocrx_word' id='word_1_45' title='bbox 1069 587 1137 648; x_wconf 80' lang='lat' dir='ltr'><strong>Gla</strong></span> 
     </span>
     <span class='ocr_line' id='line_1_6' title="bbox 108 666 1138 743; baseline 0 -13"><span class='ocrx_word' id='word_1_46' title='bbox 108 668 307 730; x_wconf 88' lang='lat' dir='ltr'><strong>brioneesset</strong></span> <span class='ocrx_word' id='word_1_47' title='bbox 319 669 485 743; x_wconf 86' lang='lat' dir='ltr'><strong>proiectus,</strong></span> <span class='ocrx_word' id='word_1_48' title='bbox 500 668 528 726; x_wconf 90' lang='lat' dir='ltr'><strong>si</strong></span> <span class='ocrx_word' id='word_1_49' title='bbox 543 682 611 727; x_wconf 92' lang='lat' dir='ltr'><strong>cum</strong></span> <span class='ocrx_word' id='word_1_50' title='bbox 628 666 813 727; x_wconf 75' lang='lat' dir='ltr'><strong>mulierculis</strong></span> <span class='ocrx_word' id='word_1_51' title='bbox 826 666 999 726; x_wconf 90' lang='lat' dir='ltr'><strong>bellandum</strong></span> <span class='ocrx_word' id='word_1_52' title='bbox 1013 669 1138 730; x_wconf 88' lang='lat' dir='ltr'><strong>arbitra-</strong></span> 
     </span>
     <span class='ocr_line' id='line_1_7' title="bbox 108 747 1137 827; baseline 0 -15"><span class='ocrx_word' id='word_1_53' title='bbox 108 761 200 813; x_wconf 82' lang='lat' dir='ltr'><strong>retur.</strong></span> <span class='ocrx_word' id='word_1_54' title='bbox 229 751 335 826; x_wconf 83' lang='lat' dir='ltr'><strong>Neque</strong></span> <span class='ocrx_word' id='word_1_55' title='bbox 350 766 423 810; x_wconf 91' lang='lat' dir='ltr'><strong>vero</strong></span> <span class='ocrx_word' id='word_1_56' title='bbox 441 766 509 810; x_wconf 87' lang='lat' dir='ltr'><strong>eum</strong></span> <span class='ocrx_word' id='word_1_57' title='bbox 522 749 553 808; x_wconf 89' lang='lat' dir='ltr'><strong>P.</strong></span> <span class='ocrx_word' id='word_1_58' title='bbox 568 747 712 809; x_wconf 81' lang='lat' dir='ltr'><strong>Africano</strong></span> <span class='ocrx_word' id='word_1_59' title='bbox 731 757 855 809; x_wconf 89' lang='lat' dir='ltr'><strong>senatus</strong></span> <span class='ocrx_word' id='word_1_60' title='bbox 870 748 992 823; x_wconf 77' lang='lat' dir='ltr'><strong>egisset,</strong></span> <span class='ocrx_word' id='word_1_61' title='bbox 1008 758 1043 811; x_wconf 90' lang='lat' dir='ltr'><strong>ut</strong></span> <span class='ocrx_word' id='word_1_62' title='bbox 1056 752 1137 827; x_wconf 85' lang='lat' dir='ltr'><strong>lega·</strong></span> 
     </span>
     <span class='ocr_line' id='line_1_8' title="bbox 110 831 1138 909; baseline 0 -13"><span class='ocrx_word' id='word_1_63' title='bbox 110 843 158 896; x_wconf 90' lang='lat' dir='ltr'><strong>tus</strong></span> <span class='ocrx_word' id='word_1_64' title='bbox 173 833 256 894; x_wconf 85' lang='lat' dir='ltr'><strong>fratri</strong></span> <span class='ocrx_word' id='word_1_65' title='bbox 275 832 537 909; x_wconf 87' lang='lat' dir='ltr'><strong>proficisceretur,</strong></span> <span class='ocrx_word' id='word_1_66' title='bbox 561 848 651 907; x_wconf 86' lang='lat' dir='ltr'><strong>quum</strong></span> <span class='ocrx_word' id='word_1_67' title='bbox 674 831 742 907; x_wconf 90' lang='lat' dir='ltr'><strong>ipse</strong></span> <span class='ocrx_word' id='word_1_68' title='bbox 762 832 864 906; x_wconf 92' lang='lat' dir='ltr'><strong>paullo</strong></span> <span class='ocrx_word' id='word_1_69' title='bbox 886 840 956 892; x_wconf 90' lang='lat' dir='ltr'><strong>ante</strong></span> <span class='ocrx_word' id='word_1_70' title='bbox 969 832 1138 896; x_wconf 79' lang='lat' dir='ltr'><strong>Hannibale</strong></span> 
     </span>
     <span class='ocr_line' id='line_1_9' title="bbox 108 913 1138 991; baseline 0 -13"><span class='ocrx_word' id='word_1_71' title='bbox 108 934 149 978; x_wconf 86' lang='lat' dir='ltr'><strong>ex</strong></span> <span class='ocrx_word' id='word_1_72' title='bbox 168 917 255 977; x_wconf 88' lang='lat' dir='ltr'><strong>Italia</strong></span> <span class='ocrx_word' id='word_1_73' title='bbox 274 917 430 991; x_wconf 83' lang='lat' dir='ltr'><strong>expulso,</strong></span> <span class='ocrx_word' id='word_1_74' title='bbox 448 931 487 974; x_wconf 87' lang='lat' dir='ltr'><strong>ex</strong></span> <span class='ocrx_word' id='word_1_75' title='bbox 509 915 614 987; x_wconf 81' lang='lat' dir='ltr'><strong>Africa</strong></span> <span class='ocrx_word' id='word_1_76' title='bbox 638 913 751 987; x_wconf 88' lang='lat' dir='ltr'><strong>eiecto,</strong></span> <span class='ocrx_word' id='word_1_77' title='bbox 776 913 960 987; x_wconf 81' lang='lat' dir='ltr'><strong>Karthagine</strong></span> <span class='ocrx_word' id='word_1_78' title='bbox 985 930 1138 991; x_wconf 90' lang='lat' dir='ltr'><strong>oppressa</strong></span> 
     </span>
     <span class='ocr_line' id='line_1_10' title="bbox 108 995 1137 1085; baseline -0.002 -24"><span class='ocrx_word' id='word_1_79' title='bbox 108 998 248 1061; x_wconf 86' lang='lat' dir='ltr'><strong>maximis</strong></span> <span class='ocrx_word' id='word_1_80' title='bbox 262 997 406 1085; x_wconf 87' lang='lat' dir='ltr'><strong>periculis</strong></span> <span class='ocrx_word' id='word_1_81' title='bbox 426 997 657 1072; x_wconf 91' lang='lat' dir='ltr'><strong>rempublicam</strong></span> <span class='ocrx_word' id='word_1_82' title='bbox 674 997 848 1071; x_wconf 87' lang='lat' dir='ltr'><strong>liberasset,</strong></span> <span class='ocrx_word' id='word_1_83' title='bbox 872 995 931 1056; x_wconf 90' lang='lat' dir='ltr'><strong>nisi</strong></span> <span class='ocrx_word' id='word_1_84' title='bbox 949 996 1024 1057; x_wconf 94' lang='lat' dir='ltr'><strong>illud</strong></span> <span class='ocrx_word' id='word_1_85' title='bbox 1043 1015 1137 1074; x_wconf 90' lang='lat' dir='ltr'><strong>grave</strong></span> 
     </span>
     <span class='ocr_line' id='line_1_11' title="bbox 108 1077 1137 1156; baseline -0.001 -13"><span class='ocrx_word' id='word_1_86' title='bbox 108 1083 221 1144; x_wconf 89' lang='lat' dir='ltr'><strong>bellum</strong></span> <span class='ocrx_word' id='word_1_87' title='bbox 236 1089 266 1141; x_wconf 87' lang='lat' dir='ltr'><strong>et</strong></span> <span class='ocrx_word' id='word_1_88' title='bbox 278 1081 444 1141; x_wconf 86' lang='lat' dir='ltr'><strong>vehemens</strong></span> <span class='ocrx_word' id='word_1_89' title='bbox 459 1087 622 1156; x_wconf 91' lang='lat' dir='ltr'><strong>putaretur.</strong></span> <span class='ocrx_word' id='word_1_90' title='bbox 653 1080 718 1139; x_wconf 90' lang='lat' dir='ltr'><strong>XV.</strong></span> <span class='ocrx_word' id='word_1_91' title='bbox 738 1079 833 1154; x_wconf 82' lang='lat' dir='ltr'><strong>Atqui</strong></span> <span class='ocrx_word' id='word_1_92' title='bbox 848 1077 875 1139; x_wconf 93' lang='lat' dir='ltr'><strong>si</strong></span> <span class='ocrx_word' id='word_1_93' title='bbox 889 1077 1048 1152; x_wconf 89' lang='lat' dir='ltr'><strong>diligenter</strong></span> <span class='ocrx_word' id='word_1_94' title='bbox 1061 1082 1137 1156; x_wconf 91' lang='lat' dir='ltr'><strong>quid</strong></span> 
     </span>
     <span class='ocr_line' id='line_1_12' title="bbox 107 1161 1136 1237; baseline 0 -13"><span class='ocrx_word' id='word_1_95' title='bbox 107 1163 297 1225; x_wconf 87' lang='lat' dir='ltr'><strong>Mithridates</strong></span> <span class='ocrx_word' id='word_1_96' title='bbox 317 1161 448 1237; x_wconf 89' lang='lat' dir='ltr'><strong>potuerit</strong></span> <span class='ocrx_word' id='word_1_97' title='bbox 462 1171 493 1223; x_wconf 89' lang='lat' dir='ltr'><strong>et</strong></span> <span class='ocrx_word' id='word_1_98' title='bbox 512 1161 586 1237; x_wconf 92' lang='lat' dir='ltr'><strong>quid</strong></span> <span class='ocrx_word' id='word_1_99' title='bbox 603 1161 738 1222; x_wconf 82' lang='lat' dir='ltr'><strong>effecerit</strong></span> <span class='ocrx_word' id='word_1_100' title='bbox 758 1171 788 1223; x_wconf 89' lang='lat' dir='ltr'><strong>et</strong></span> <span class='ocrx_word' id='word_1_101' title='bbox 803 1161 856 1236; x_wconf 92' lang='lat' dir='ltr'><strong>qui</strong></span> <span class='ocrx_word' id='word_1_102' title='bbox 872 1161 919 1221; x_wconf 94' lang='lat' dir='ltr'><strong>vir</strong></span> <span class='ocrx_word' id='word_1_103' title='bbox 932 1163 1021 1223; x_wconf 89' lang='lat' dir='ltr'><strong>luerit</strong></span> <span class='ocrx_word' id='word_1_104' title='bbox 1034 1164 1136 1224; x_wconf 85' lang='lat' dir='ltr'><strong>cousi·</strong></span> 
     </span>
     <span class='ocr_line' id='line_1_13' title="bbox 108 1243 1136 1320; baseline 0 -13"><span class='ocrx_word' id='word_1_105' title='bbox 108 1244 236 1319; x_wconf 90' lang='lat' dir='ltr'><strong>deraris,</strong></span> <span class='ocrx_word' id='word_1_106' title='bbox 252 1244 393 1305; x_wconf 80' lang='lat' dir='ltr'><strong>omuibus</strong></span> <span class='ocrx_word' id='word_1_107' title='bbox 406 1246 539 1319; x_wconf 89' lang='lat' dir='ltr'><strong>regibus,</strong></span> <span class='ocrx_word' id='word_1_108' title='bbox 549 1243 737 1319; x_wconf 86' lang='lat' dir='ltr'><strong>quibuscum</strong></span> <span class='ocrx_word' id='word_1_109' title='bbox 751 1244 886 1320; x_wconf 84' lang='lat' dir='ltr'><strong>p&#39;opulus</strong></span> <span class='ocrx_word' id='word_1_110' title='bbox 900 1245 1056 1306; x_wconf 86' lang='lat' dir='ltr'><strong>Romanus</strong></span> <span class='ocrx_word' id='word_1_111' title='bbox 1072 1248 1136 1307; x_wconf 91' lang='lat' dir='ltr'><strong>bel-</strong></span> 
     </span>
     <span class='ocr_line' id='line_1_14' title="bbox 107 1326 1134 1404; baseline 0.003 -18"><span class='ocrx_word' id='word_1_112' title='bbox 107 1329 169 1389; x_wconf 92' lang='lat' dir='ltr'><strong>lum</strong></span> <span class='ocrx_word' id='word_1_113' title='bbox 183 1326 295 1402; x_wconf 90' lang='lat' dir='ltr'><strong>gessit,</strong></span> <span class='ocrx_word' id='word_1_114' title='bbox 316 1327 397 1387; x_wconf 92' lang='lat' dir='ltr'><strong>hunc</strong></span> <span class='ocrx_word' id='word_1_115' title='bbox 410 1343 514 1402; x_wconf 87' lang='lat' dir='ltr'><strong>regern</strong></span> <span class='ocrx_word' id='word_1_116' title='bbox 529 1326 668 1387; x_wconf 89' lang='lat' dir='ltr'><strong>nimimm</strong></span> <span class='ocrx_word' id='word_1_117' title='bbox 682 1337 866 1403; x_wconf 74' lang='lat' dir='ltr'><strong>antepones:</strong></span> <span class='ocrx_word' id='word_1_118' title='bbox 888 1343 979 1402; x_wconf 91' lang='lat' dir='ltr'><strong>quem</strong></span> <span class='ocrx_word' id='word_1_119' title='bbox 991 1328 1026 1387; x_wconf 88' lang='lat' dir='ltr'><strong>L.</strong></span> <span class='ocrx_word' id='word_1_120' title='bbox 1041 1328 1134 1404; x_wconf 87' lang='lat' dir='ltr'><strong>Sulla,</strong></span> 
     </span>
     <span class='ocr_line' id='line_1_15' title="bbox 108 1408 1136 1484; baseline 0.003 -15"><span class='ocrx_word' id='word_1_121' title='bbox 108 1409 240 1471; x_wconf 88' lang='lat' dir='ltr'><strong>maximo</strong></span> <span class='ocrx_word' id='word_1_122' title='bbox 256 1416 286 1469; x_wconf 90' lang='lat' dir='ltr'><strong>et</strong></span> <span class='ocrx_word' id='word_1_123' title='bbox 299 1408 464 1470; x_wconf 81' lang='lat' dir='ltr'><strong>tomssimo</strong></span> <span class='ocrx_word' id='word_1_124' title='bbox 480 1408 628 1481; x_wconf 88' lang='lat' dir='ltr'><strong>exercitu,</strong></span> <span class='ocrx_word' id='word_1_125' title='bbox 642 1426 774 1484; x_wconf 66' lang='lat' dir='ltr'><strong>,pugnax</strong></span> <span class='ocrx_word' id='word_1_126' title='bbox 793 1420 823 1472; x_wconf 90' lang='lat' dir='ltr'><strong>et</strong></span> <span class='ocrx_word' id='word_1_127' title='bbox 839 1427 910 1470; x_wconf 91' lang='lat' dir='ltr'><strong>acer</strong></span> <span class='ocrx_word' id='word_1_128' title='bbox 926 1419 957 1470; x_wconf 89' lang='lat' dir='ltr'><strong>et</strong></span> <span class='ocrx_word' id='word_1_129' title='bbox 972 1426 1034 1471; x_wconf 92' lang='lat' dir='ltr'><strong>non</strong></span> <span class='ocrx_word' id='word_1_130' title='bbox 1049 1413 1136 1475; x_wconf 90' lang='lat' dir='ltr'><strong>rudis</strong></span> 
     </span>
     <span class='ocr_line' id='line_1_16' title="bbox 106 1490 1135 1567; baseline 0.005 -15"><span class='ocrx_word' id='word_1_131' title='bbox 106 1491 287 1567; x_wconf 87' lang='lat' dir='ltr'><strong>imperator,</strong></span> <span class='ocrx_word' id='word_1_132' title='bbox 303 1499 337 1551; x_wconf 91' lang='lat' dir='ltr'><strong>ut</strong></span> <span class='ocrx_word' id='word_1_133' title='bbox 352 1490 435 1552; x_wconf 90' lang='lat' dir='ltr'><strong>aliud</strong></span> <span class='ocrx_word' id='word_1_134' title='bbox 450 1492 523 1551; x_wconf 92' lang='lat' dir='ltr'><strong>nihil</strong></span> <span class='ocrx_word' id='word_1_135' title='bbox 538 1491 651 1566; x_wconf 90' lang='lat' dir='ltr'><strong>dicam,</strong></span> <span class='ocrx_word' id='word_1_136' title='bbox 669 1509 762 1567; x_wconf 91' lang='lat' dir='ltr'><strong>quum</strong></span> <span class='ocrx_word' id='word_1_137' title='bbox 778 1494 888 1554; x_wconf 88' lang='lat' dir='ltr'><strong>bellum</strong></span> <span class='ocrx_word' id='word_1_138' title='bbox 903 1492 1074 1556; x_wconf 86' lang='lat' dir='ltr'><strong>invexisset</strong></span> <span class='ocrx_word' id='word_1_139' title='bbox 1090 1503 1135 1557; x_wconf 89' lang='lat' dir='ltr'><strong>to-</strong></span> 
     </span>
     <span class='ocr_line' id='line_1_17' title="bbox 106 1572 1135 1650; baseline 0.003 -15"><span class='ocrx_word' id='word_1_140' title='bbox 106 1581 170 1635; x_wconf 87' lang='lat' dir='ltr'><strong>tum</strong></span> <span class='ocrx_word' id='word_1_141' title='bbox 185 1572 216 1633; x_wconf 92' lang='lat' dir='ltr'><strong>in</strong></span> <span class='ocrx_word' id='word_1_142' title='bbox 229 1573 344 1646; x_wconf 88' lang='lat' dir='ltr'><strong>Asiam,</strong></span> <span class='ocrx_word' id='word_1_143' title='bbox 360 1590 428 1634; x_wconf 91' lang='lat' dir='ltr'><strong>cum</strong></span> <span class='ocrx_word' id='word_1_144' title='bbox 443 1590 519 1649; x_wconf 89' lang='lat' dir='ltr'><strong>pace</strong></span> <span class='ocrx_word' id='word_1_145' title='bbox 535 1573 661 1635; x_wconf 85' lang='lat' dir='ltr'><strong>dimisit:</strong></span> <span class='ocrx_word' id='word_1_146' title='bbox 680 1591 769 1650; x_wconf 86' lang='lat' dir='ltr'><strong>quem</strong></span> <span class='ocrx_word' id='word_1_147' title='bbox 782 1577 816 1636; x_wconf 93' lang='lat' dir='ltr'><strong>L.</strong></span> <span class='ocrx_word' id='word_1_148' title='bbox 830 1576 965 1649; x_wconf 89' lang='lat' dir='ltr'><strong>Murena,</strong></span> <span class='ocrx_word' id='word_1_149' title='bbox 979 1585 1067 1650; x_wconf 87' lang='lat' dir='ltr'><strong>pater</strong></span> <span class='ocrx_word' id='word_1_150' title='bbox 1080 1577 1135 1639; x_wconf 92' lang='lat' dir='ltr'><strong>hu·</strong></span> 
     </span>
     <span class='ocr_line' id='line_1_18' title="bbox 105 1655 1135 1735; baseline 0.004 -18"><span class='ocrx_word' id='word_1_151' title='bbox 105 1656 209 1731; x_wconf 90' lang='lat' dir='ltr'><strong>iusce,</strong></span> <span class='ocrx_word' id='word_1_152' title='bbox 235 1656 504 1717; x_wconf 82' lang='lat' dir='ltr'><strong>vehementissime</strong></span> <span class='ocrx_word' id='word_1_153' title='bbox 522 1655 812 1734; x_wconf 83' lang='lat' dir='ltr'><strong>vigilantissimeque</strong></span> <span class='ocrx_word' id='word_1_154' title='bbox 830 1666 988 1732; x_wconf 89' lang='lat' dir='ltr'><strong>vexatum,</strong></span> <span class='ocrx_word' id='word_1_155' title='bbox 1013 1675 1135 1735; x_wconf 90' lang='lat' dir='ltr'><strong>repres-</strong></span> 
     </span>
     <span class='ocr_line' id='line_1_19' title="bbox 106 1741 1136 1817; baseline 0.002 -17"><span class='ocrx_word' id='word_1_156' title='bbox 106 1756 175 1800; x_wconf 89' lang='lat' dir='ltr'><strong>sum</strong></span> <span class='ocrx_word' id='word_1_157' title='bbox 189 1755 298 1815; x_wconf 86' lang='lat' dir='ltr'><strong>magna</strong></span> <span class='ocrx_word' id='word_1_158' title='bbox 315 1755 355 1815; x_wconf 74' lang='lat' dir='ltr'><strong>err</strong></span> <span class='ocrx_word' id='word_1_159' title='bbox 367 1748 469 1815; x_wconf 89' lang='lat' dir='ltr'><strong>parte,</strong></span> <span class='ocrx_word' id='word_1_160' title='bbox 489 1756 550 1800; x_wconf 93' lang='lat' dir='ltr'><strong>non</strong></span> <span class='ocrx_word' id='word_1_161' title='bbox 564 1757 748 1816; x_wconf 89' lang='lat' dir='ltr'><strong>oppressum</strong></span> <span class='ocrx_word' id='word_1_162' title='bbox 761 1741 898 1816; x_wconf 76' lang='lat' dir='ltr'><strong>reliquit:</strong></span> <span class='ocrx_word' id='word_1_163' title='bbox 921 1743 972 1817; x_wconf 90' lang='lat' dir='ltr'><strong>qui</strong></span> <span class='ocrx_word' id='word_1_164' title='bbox 985 1757 1056 1813; x_wconf 88' lang='lat' dir='ltr'><strong>rex,</strong></span> <span class='ocrx_word' id='word_1_165' title='bbox 1076 1743 1136 1810; x_wconf 83' lang='lat' dir='ltr'><strong>sibi</strong></span> 
     </span>
     <span class='ocr_line' id='line_1_20' title="bbox 106 1820 1135 1900; baseline 0.004 -18"><span class='ocrx_word' id='word_1_166' title='bbox 106 1822 224 1897; x_wconf 88' lang='lat' dir='ltr'><strong>aliquot</strong></span> <span class='ocrx_word' id='word_1_167' title='bbox 245 1820 333 1882; x_wconf 91' lang='lat' dir='ltr'><strong>annis</strong></span> <span class='ocrx_word' id='word_1_168' title='bbox 359 1822 488 1898; x_wconf 90' lang='lat' dir='ltr'><strong>sumptis</strong></span> <span class='ocrx_word' id='word_1_169' title='bbox 511 1824 551 1883; x_wconf 89' lang='lat' dir='ltr'><strong>ad</strong></span> <span class='ocrx_word' id='word_1_170' title='bbox 576 1824 798 1885; x_wconf 87' lang='lat' dir='ltr'><strong>confirmandas</strong></span> <span class='ocrx_word' id='word_1_171' title='bbox 819 1823 953 1885; x_wconf 90' lang='lat' dir='ltr'><strong>rationes</strong></span> <span class='ocrx_word' id='word_1_172' title='bbox 973 1832 1004 1885; x_wconf 90' lang='lat' dir='ltr'><strong>et</strong></span> <span class='ocrx_word' id='word_1_173' title='bbox 1026 1825 1135 1900; x_wconf 84' lang='lat' dir='ltr'><strong>copias</strong></span> 
     </span>
     <span class='ocr_line' id='line_1_21' title="bbox 104 1904 1135 1981; baseline 0.004 -17"><span class='ocrx_word' id='word_1_174' title='bbox 104 1904 186 1977; x_wconf 88' lang='lat' dir='ltr'><strong>belli,</strong></span> <span class='ocrx_word' id='word_1_175' title='bbox 199 1913 312 1966; x_wconf 91' lang='lat' dir='ltr'><strong>tantum</strong></span> <span class='ocrx_word' id='word_1_176' title='bbox 322 1922 380 1980; x_wconf 88' lang='lat' dir='ltr'><strong>spe</strong></span> <span class='ocrx_word' id='word_1_177' title='bbox 392 1914 564 1981; x_wconf 91' lang='lat' dir='ltr'><strong>conatuque</strong></span> <span class='ocrx_word' id='word_1_178' title='bbox 574 1905 678 1980; x_wconf 90' lang='lat' dir='ltr'><strong>valuit,</strong></span> <span class='ocrx_word' id='word_1_179' title='bbox 691 1916 724 1968; x_wconf 90' lang='lat' dir='ltr'><strong>ut</strong></span> <span class='ocrx_word' id='word_1_180' title='bbox 735 1923 770 1968; x_wconf 92' lang='lat' dir='ltr'><strong>se</strong></span> <span class='ocrx_word' id='word_1_181' title='bbox 783 1907 936 1968; x_wconf 81' lang='lat' dir='ltr'><strong>Oceanum</strong></span> <span class='ocrx_word' id='word_1_182' title='bbox 949 1923 1017 1967; x_wconf 88' lang='lat' dir='ltr'><strong>eum</strong></span> <span class='ocrx_word' id='word_1_183' title='bbox 1026 1907 1135 1981; x_wconf 88' lang='lat' dir='ltr'><strong>Ponto,</strong></span> 
     </span>
     <span class='ocr_line' id='line_1_22' title="bbox 106 1986 1134 2065; baseline 0.001 -17"><span class='ocrx_word' id='word_1_184' title='bbox 106 1986 232 2050; x_wconf 90' lang='lat' dir='ltr'><strong>Sertorii</strong></span> <span class='ocrx_word' id='word_1_185' title='bbox 244 1988 350 2064; x_wconf 88' lang='lat' dir='ltr'><strong>copias</strong></span> <span class='ocrx_word' id='word_1_186' title='bbox 366 2005 433 2048; x_wconf 92' lang='lat' dir='ltr'><strong>cum</strong></span> <span class='ocrx_word' id='word_1_187' title='bbox 448 1988 513 2050; x_wconf 91' lang='lat' dir='ltr'><strong>suis</strong></span> <span class='ocrx_word' id='word_1_188' title='bbox 527 1990 757 2050; x_wconf 89' lang='lat' dir='ltr'><strong>coniuncturum</strong></span> <span class='ocrx_word' id='word_1_189' title='bbox 768 1998 896 2065; x_wconf 89' lang='lat' dir='ltr'><strong>putaret.</strong></span> <span class='ocrx_word' id='word_1_190' title='bbox 924 1989 976 2052; x_wconf 79' lang='lat'><strong>33.</strong></span> <span class='ocrx_word' id='word_1_191' title='bbox 989 1990 1038 2050; x_wconf 96' lang='lat' dir='ltr'><strong>Ad</strong></span> <span class='ocrx_word' id='word_1_192' title='bbox 1050 1991 1134 2064; x_wconf 92' lang='lat' dir='ltr'><strong>quod</strong></span> 
     </span>
     <span class='ocr_line' id='line_1_23' title="bbox 105 2071 1134 2146; baseline 0.002 -16"><span class='ocrx_word' id='word_1_193' title='bbox 105 2071 218 2130; x_wconf 88' lang='lat' dir='ltr'><strong>bellum</strong></span> <span class='ocrx_word' id='word_1_194' title='bbox 238 2072 358 2131; x_wconf 91' lang='lat' dir='ltr'><strong>duobus</strong></span> <span class='ocrx_word' id='word_1_195' title='bbox 379 2071 556 2132; x_wconf 92' lang='lat' dir='ltr'><strong>consulibus</strong></span> <span class='ocrx_word' id='word_1_196' title='bbox 575 2071 617 2132; x_wconf 86' lang='lat' dir='ltr'><strong>ita</strong></span> <span class='ocrx_word' id='word_1_197' title='bbox 637 2072 754 2146; x_wconf 88' lang='lat' dir='ltr'><strong>missis,</strong></span> <span class='ocrx_word' id='word_1_198' title='bbox 779 2081 812 2133; x_wconf 90' lang='lat' dir='ltr'><strong>ut</strong></span> <span class='ocrx_word' id='word_1_199' title='bbox 836 2075 911 2133; x_wconf 92' lang='lat' dir='ltr'><strong>alter</strong></span> <span class='ocrx_word' id='word_1_200' title='bbox 931 2071 1134 2134; x_wconf 83' lang='lat' dir='ltr'><strong>Mithridatem</strong></span> 
     </span>
     <span class='ocr_line' id='line_1_24' title="bbox 105 2153 1135 2231; baseline 0.004 -21"><span class='ocrx_word' id='word_1_201' title='bbox 105 2160 350 2227; x_wconf 88' lang='lat' dir='ltr'><strong>persequeretur,</strong></span> <span class='ocrx_word' id='word_1_202' title='bbox 365 2155 441 2213; x_wconf 90' lang='lat' dir='ltr'><strong>alter</strong></span> <span class='ocrx_word' id='word_1_203' title='bbox 453 2153 626 2231; x_wconf 84' lang='lat' dir='ltr'><strong>Bithyniam</strong></span> <span class='ocrx_word' id='word_1_204' title='bbox 643 2163 785 2227; x_wconf 85' lang='lat' dir='ltr'><strong>tueretur,</strong></span> <span class='ocrx_word' id='word_1_205' title='bbox 802 2155 926 2217; x_wconf 89' lang='lat' dir='ltr'><strong>alterius</strong></span> <span class='ocrx_word' id='word_1_206' title='bbox 942 2171 992 2215; x_wconf 90' lang='lat' dir='ltr'><strong>res</strong></span> <span class='ocrx_word' id='word_1_207' title='bbox 1009 2164 1040 2216; x_wconf 89' lang='lat' dir='ltr'><strong>et</strong></span> <span class='ocrx_word' id='word_1_208' title='bbox 1053 2164 1135 2217; x_wconf 90' lang='lat' dir='ltr'><strong>terra</strong></span> 
     </span>
     <span class='ocr_line' id='line_1_25' title="bbox 106 2233 1134 2313; baseline 0.006 -21"><span class='ocrx_word' id='word_1_209' title='bbox 106 2236 136 2292; x_wconf 87' lang='lat' dir='ltr'><strong>et</strong></span> <span class='ocrx_word' id='word_1_210' title='bbox 155 2233 231 2293; x_wconf 92' lang='lat' dir='ltr'><strong>mari</strong></span> <span class='ocrx_word' id='word_1_211' title='bbox 251 2236 446 2296; x_wconf 88' lang='lat' dir='ltr'><strong>calamitosae</strong></span> <span class='ocrx_word' id='word_1_212' title='bbox 460 2237 654 2297; x_wconf 86' lang='lat' dir='ltr'><strong>vehementer</strong></span> <span class='ocrx_word' id='word_1_213' title='bbox 668 2246 698 2298; x_wconf 91' lang='lat' dir='ltr'><strong>et</strong></span> <span class='ocrx_word' id='word_1_214' title='bbox 715 2253 791 2312; x_wconf 91' lang='lat' dir='ltr'><strong>opes</strong></span> <span class='ocrx_word' id='word_1_215' title='bbox 811 2238 893 2313; x_wconf 90' lang='lat' dir='ltr'><strong>regis</strong></span> <span class='ocrx_word' id='word_1_216' title='bbox 908 2247 939 2299; x_wconf 87' lang='lat' dir='ltr'><strong>et</strong></span> <span class='ocrx_word' id='word_1_217' title='bbox 955 2255 1065 2299; x_wconf 88' lang='lat' dir='ltr'><strong>nomen</strong></span> <span class='ocrx_word' id='word_1_218' title='bbox 1080 2255 1134 2298; x_wconf 88' lang='lat' dir='ltr'><strong>au-</strong></span> 
     </span>
     <span class='ocr_line' id='line_1_26' title="bbox 105 2317 1134 2396; baseline 0.008 -23"><span class='ocrx_word' id='word_1_219' title='bbox 105 2322 229 2374; x_wconf 86' lang='lat' dir='ltr'><strong>xerunt=</strong></span> <span class='ocrx_word' id='word_1_220' title='bbox 243 2317 277 2376; x_wconf 85' lang='lat' dir='ltr'><strong>L.</strong></span> <span class='ocrx_word' id='word_1_221' title='bbox 287 2317 403 2378; x_wconf 90' lang='lat' dir='ltr'><strong>Luculli</strong></span> <span class='ocrx_word' id='word_1_222' title='bbox 415 2335 488 2379; x_wconf 92' lang='lat' dir='ltr'><strong>vero</strong></span> <span class='ocrx_word' id='word_1_223' title='bbox 501 2336 551 2379; x_wconf 91' lang='lat' dir='ltr'><strong>res</strong></span> <span class='ocrx_word' id='word_1_224' title='bbox 563 2329 663 2380; x_wconf 89' lang='lat' dir='ltr'><strong>tantae</strong></span> <span class='ocrx_word' id='word_1_225' title='bbox 675 2321 861 2394; x_wconf 89' lang='lat' dir='ltr'><strong>exstiterunt,</strong></span> <span class='ocrx_word' id='word_1_226' title='bbox 879 2330 913 2382; x_wconf 91' lang='lat' dir='ltr'><strong>ut</strong></span> <span class='ocrx_word' id='word_1_227' title='bbox 923 2337 1024 2396; x_wconf 87' lang='lat' dir='ltr'><strong>neque</strong></span> <span class='ocrx_word' id='word_1_228' title='bbox 1034 2319 1134 2381; x_wconf 89' lang='lat' dir='ltr'><strong>maius</strong></span> 
     </span>
     <span class='ocr_line' id='line_1_27' title="bbox 105 2396 1135 2482; baseline 0.008 -27"><span class='ocrx_word' id='word_1_229' title='bbox 105 2396 216 2457; x_wconf 89' lang='lat' dir='ltr'><strong>bellurn</strong></span> <span class='ocrx_word' id='word_1_230' title='bbox 232 2401 460 2462; x_wconf 90' lang='lat' dir='ltr'><strong>commemorari</strong></span> <span class='ocrx_word' id='word_1_231' title='bbox 477 2402 578 2482; x_wconf 80' lang='lat' dir='ltr'><strong>possit</strong></span> <span class='ocrx_word' id='word_1_232' title='bbox 591 2420 691 2480; x_wconf 89' lang='lat' dir='ltr'><strong>neque</strong></span> <span class='ocrx_word' id='word_1_233' title='bbox 706 2404 821 2464; x_wconf 88' lang='lat' dir='ltr'><strong>maiore</strong></span> <span class='ocrx_word' id='word_1_234' title='bbox 835 2404 964 2464; x_wconf 92' lang='lat' dir='ltr'><strong>consilio</strong></span> <span class='ocrx_word' id='word_1_235' title='bbox 980 2413 1011 2464; x_wconf 89' lang='lat' dir='ltr'><strong>et</strong></span> <span class='ocrx_word' id='word_1_236' title='bbox 1023 2403 1135 2464; x_wconf 88' lang='lat' dir='ltr'><strong>virtute</strong></span> 
     </span>
    </p>
   </div>
   <div class='ocr_carea' id='block_1_4' title="bbox 1 2482 1134 2564">
    <p class='ocr_par' dir='ltr' id='par_1_4' title="bbox 1 2482 1134 2564">
     <span class='ocr_line' id='line_1_28' title="bbox 1 2482 1134 2564; baseline 0.006 -25"><span class='ocrx_word' id='word_1_237' title='bbox 1 2503 2 2508; x_wconf 44' lang='lat'>¹</span> <span class='ocrx_word' id='word_1_238' title='bbox 104 2487 233 2555; x_wconf 87' lang='lat' dir='ltr'><strong>gestum.</strong></span> <span class='ocrx_word' id='word_1_239' title='bbox 276 2482 351 2542; x_wconf 89' lang='lat' dir='ltr'><strong>Nam</strong></span> <span class='ocrx_word' id='word_1_240' title='bbox 377 2484 582 2559; x_wconf 83' lang='lat' dir='ltr'><strong>quamtotius</strong></span> <span class='ocrx_word' id='word_1_241' title='bbox 604 2488 735 2560; x_wconf 87' lang='lat' dir='ltr'><strong>impetus</strong></span> <span class='ocrx_word' id='word_1_242' title='bbox 757 2486 828 2546; x_wconf 93' lang='lat' dir='ltr'><strong>belli</strong></span> <span class='ocrx_word' id='word_1_243' title='bbox 852 2489 891 2547; x_wconf 89' lang='lat' dir='ltr'><strong>ad</strong></span> <span class='ocrx_word' id='word_1_244' title='bbox 912 2487 1134 2564; x_wconf 74' lang='lat' dir='ltr'><strong>Cyzicenorum</strong></span> 
     </span>
    </p>
   </div>
   <div class='ocr_carea' id='block_1_5' title="bbox 102 2562 1137 3477">
    <p class='ocr_par' dir='ltr' id='par_1_5' title="bbox 102 2562 1137 3477">
     <span class='ocr_line' id='line_1_29' title="bbox 105 2562 1135 2642; baseline 0.006 -19"><span class='ocrx_word' id='word_1_245' title='bbox 105 2562 225 2624; x_wconf 90' lang='lat' dir='ltr'><strong>moenia</strong></span> <span class='ocrx_word' id='word_1_246' title='bbox 248 2565 436 2628; x_wconf 87' lang='lat' dir='ltr'><strong>constitisset</strong></span> <span class='ocrx_word' id='word_1_247' title='bbox 460 2584 589 2642; x_wconf 89' lang='lat' dir='ltr'><strong>eamque</strong></span> <span class='ocrx_word' id='word_1_248' title='bbox 614 2571 719 2629; x_wconf 85' lang='lat' dir='ltr'><strong>urbem</strong></span> <span class='ocrx_word' id='word_1_249' title='bbox 745 2568 803 2630; x_wconf 90' lang='lat' dir='ltr'><strong>sibi</strong></span> <span class='ocrx_word' id='word_1_250' title='bbox 826 2568 1016 2629; x_wconf 88' lang='lat' dir='ltr'><strong>Mithridates</strong></span> <span class='ocrx_word' id='word_1_251' title='bbox 1037 2569 1135 2630; x_wconf 88' lang='lat' dir='ltr'><strong>Asiae</strong></span> 
     </span>
     <span class='ocr_line' id='line_1_30' title="bbox 104 2649 1137 2727; baseline 0.006 -21"><span class='ocrx_word' id='word_1_252' title='bbox 104 2649 224 2707; x_wconf 92' lang='lat' dir='ltr'><strong>ianuam</strong></span> <span class='ocrx_word' id='word_1_253' title='bbox 240 2649 305 2709; x_wconf 88' lang='lat' dir='ltr'><strong>lore</strong></span> <span class='ocrx_word' id='word_1_254' title='bbox 321 2651 504 2724; x_wconf 92' lang='lat' dir='ltr'><strong>putavisset,</strong></span> <span class='ocrx_word' id='word_1_255' title='bbox 526 2669 587 2724; x_wconf 90' lang='lat' dir='ltr'><strong>qua</strong></span> <span class='ocrx_word' id='word_1_256' title='bbox 601 2651 726 2712; x_wconf 84' lang='lat' dir='ltr'><strong>effracta</strong></span> <span class='ocrx_word' id='word_1_257' title='bbox 746 2660 776 2712; x_wconf 89' lang='lat' dir='ltr'><strong>et</strong></span> <span class='ocrx_word' id='word_1_258' title='bbox 789 2654 913 2712; x_wconf 91' lang='lat' dir='ltr'><strong>revulsa</strong></span> <span class='ocrx_word' id='word_1_259' title='bbox 933 2660 997 2712; x_wconf 91' lang='lat' dir='ltr'><strong>tota</strong></span> <span class='ocrx_word' id='word_1_260' title='bbox 1016 2659 1137 2727; x_wconf 86' lang='lat' dir='ltr'><strong>pateret</strong></span> 
     </span>
     <span class='ocr_line' id='line_1_31' title="bbox 104 2729 1135 2809; baseline 0.003 -20"><span class='ocrx_word' id='word_1_261' title='bbox 104 2729 270 2804; x_wconf 88' lang='lat' dir='ltr'><strong>provincia,</strong></span> <span class='ocrx_word' id='word_1_262' title='bbox 289 2732 425 2806; x_wconf 89' lang='lat' dir='ltr'><strong>perlecta</strong></span> <span class='ocrx_word' id='word_1_263' title='bbox 437 2733 476 2793; x_wconf 89' lang='lat' dir='ltr'><strong>ab</strong></span> <span class='ocrx_word' id='word_1_264' title='bbox 486 2734 612 2795; x_wconf 89' lang='lat' dir='ltr'><strong>Lucullo</strong></span> <span class='ocrx_word' id='word_1_265' title='bbox 627 2735 703 2795; x_wconf 89' lang='lat' dir='ltr'><strong>haec</strong></span> <span class='ocrx_word' id='word_1_266' title='bbox 716 2742 787 2795; x_wconf 92' lang='lat' dir='ltr'><strong>sunt</strong></span> <span class='ocrx_word' id='word_1_267' title='bbox 801 2732 910 2809; x_wconf 91' lang='lat' dir='ltr'><strong>omnia,</strong></span> <span class='ocrx_word' id='word_1_268' title='bbox 928 2743 961 2795; x_wconf 88' lang='lat' dir='ltr'><strong>ut</strong></span> <span class='ocrx_word' id='word_1_269' title='bbox 972 2735 1047 2795; x_wconf 91' lang='lat' dir='ltr'><strong>urbs</strong></span> <span class='ocrx_word' id='word_1_270' title='bbox 1059 2734 1135 2794; x_wconf 78' lang='lat' dir='ltr'><strong>lide</strong></span> 
     </span>
     <span class='ocr_line' id='line_1_32' title="bbox 103 2811 1136 2899; baseline 0.005 -29"><span class='ocrx_word' id='word_1_271' title='bbox 103 2811 288 2876; x_wconf 89' lang='lat' dir='ltr'><strong>lissimorum</strong></span> <span class='ocrx_word' id='word_1_272' title='bbox 312 2814 465 2876; x_wconf 90' lang='lat' dir='ltr'><strong>sociorum</strong></span> <span class='ocrx_word' id='word_1_273' title='bbox 490 2818 705 2878; x_wconf 78' lang='lat' dir='ltr'><strong>defenderetur</strong></span> <span class='ocrx_word' id='word_1_274' title='bbox 729 2826 759 2878; x_wconf 92' lang='lat' dir='ltr'><strong>et</strong></span> <span class='ocrx_word' id='word_1_275' title='bbox 784 2834 890 2877; x_wconf 90' lang='lat' dir='ltr'><strong>omnes</strong></span> <span class='ocrx_word' id='word_1_276' title='bbox 914 2816 1025 2892; x_wconf 91' lang='lat' dir='ltr'><strong>copiae</strong></span> <span class='ocrx_word' id='word_1_277' title='bbox 1050 2814 1136 2899; x_wconf 81' lang='lat' dir='ltr'><strong>regia</strong></span> 
     </span>
     <span class='ocr_line' id='line_1_33' title="bbox 103 2895 1136 2975; baseline 0.006 -23"><span class='ocrx_word' id='word_1_278' title='bbox 103 2895 297 2958; x_wconf 88' lang='lat' dir='ltr'><strong>diuturnitate</strong></span> <span class='ocrx_word' id='word_1_279' title='bbox 312 2897 503 2959; x_wconf 90' lang='lat' dir='ltr'><strong>obsessionis</strong></span> <span class='ocrx_word' id='word_1_280' title='bbox 517 2907 775 2961; x_wconf 89' lang='lat' dir='ltr'><strong>consumerentur.</strong></span> <span class='ocrx_word' id='word_1_281' title='bbox 803 2901 889 2974; x_wconf 82' lang='lat' dir='ltr'><strong>Quid,</strong></span> <span class='ocrx_word' id='word_1_282' title='bbox 903 2899 984 2959; x_wconf 92' lang='lat' dir='ltr'><strong>illam</strong></span> <span class='ocrx_word' id='word_1_283' title='bbox 999 2915 1136 2975; x_wconf 89' lang='lat' dir='ltr'><strong>pugnam</strong></span> 
     </span>
     <span class='ocr_line' id='line_1_34' title="bbox 104 2980 1136 3058; baseline 0.009 -25"><span class='ocrx_word' id='word_1_284' title='bbox 104 2980 242 3039; x_wconf 76' lang='lat' dir='ltr'><strong>navMem</strong></span> <span class='ocrx_word' id='word_1_285' title='bbox 261 2982 301 3040; x_wconf 91' lang='lat' dir='ltr'><strong>ad</strong></span> <span class='ocrx_word' id='word_1_286' title='bbox 315 2981 484 3056; x_wconf 86' lang='lat' dir='ltr'><strong>Tenedum,</strong></span> <span class='ocrx_word' id='word_1_287' title='bbox 507 3001 599 3058; x_wconf 91' lang='lat' dir='ltr'><strong>quum</strong></span> <span class='ocrx_word' id='word_1_288' title='bbox 615 2992 757 3044; x_wconf 89' lang='lat' dir='ltr'><strong>contento</strong></span> <span class='ocrx_word' id='word_1_289' title='bbox 774 3000 882 3056; x_wconf 91' lang='lat' dir='ltr'><strong>cursu,</strong></span> <span class='ocrx_word' id='word_1_290' title='bbox 905 2982 1063 3043; x_wconf 88' lang='lat' dir='ltr'><strong>acerrimis</strong></span> <span class='ocrx_word' id='word_1_291' title='bbox 1079 2982 1136 3042; x_wconf 91' lang='lat' dir='ltr'><strong>du-</strong></span> 
     </span>
     <span class='ocr_line' id='line_1_35' title="bbox 104 3055 1136 3142; baseline 0.011 -28"><span class='ocrx_word' id='word_1_292' title='bbox 104 3055 205 3132; x_wconf 86' lang='lat' dir='ltr'><strong>cibus,</strong></span> <span class='ocrx_word' id='word_1_293' title='bbox 226 3061 358 3125; x_wconf 90' lang='lat' dir='ltr'><strong>hostium</strong></span> <span class='ocrx_word' id='word_1_294' title='bbox 379 3064 489 3126; x_wconf 91' lang='lat' dir='ltr'><strong>classis</strong></span> <span class='ocrx_word' id='word_1_295' title='bbox 503 3065 617 3126; x_wconf 91' lang='lat' dir='ltr'><strong>Italiam</strong></span> <span class='ocrx_word' id='word_1_296' title='bbox 637 3082 694 3141; x_wconf 89' lang='lat' dir='ltr'><strong>spe</strong></span> <span class='ocrx_word' id='word_1_297' title='bbox 716 3075 808 3142; x_wconf 89' lang='lat' dir='ltr'><strong>atque</strong></span> <span class='ocrx_word' id='word_1_298' title='bbox 829 3065 938 3126; x_wconf 88' lang='lat' dir='ltr'><strong>animis</strong></span> <span class='ocrx_word' id='word_1_299' title='bbox 958 3063 1064 3126; x_wconf 89' lang='lat' dir='ltr'><strong>inflata</strong></span> <span class='ocrx_word' id='word_1_300' title='bbox 1081 3082 1136 3140; x_wconf 91' lang='lat' dir='ltr'><strong>pe-</strong></span> 
     </span>
     <span class='ocr_line' id='line_1_36' title="bbox 103 3145 1136 3224; baseline 0.011 -27"><span class='ocrx_word' id='word_1_301' title='bbox 103 3147 194 3211; x_wconf 89' lang='lat' dir='ltr'><strong>teret,</strong></span> <span class='ocrx_word' id='word_1_302' title='bbox 216 3145 362 3206; x_wconf 88' lang='lat' dir='ltr'><strong>mediocri</strong></span> <span class='ocrx_word' id='word_1_303' title='bbox 382 3146 544 3208; x_wconf 89' lang='lat' dir='ltr'><strong>certamine</strong></span> <span class='ocrx_word' id='word_1_304' title='bbox 564 3157 595 3209; x_wconf 90' lang='lat' dir='ltr'><strong>et</strong></span> <span class='ocrx_word' id='word_1_305' title='bbox 614 3165 709 3224; x_wconf 87' lang='lat' dir='ltr'><strong>parva</strong></span> <span class='ocrx_word' id='word_1_306' title='bbox 730 3149 922 3209; x_wconf 89' lang='lat' dir='ltr'><strong>dimicatione</strong></span> <span class='ocrx_word' id='word_1_307' title='bbox 937 3150 1136 3209; x_wconf 88' lang='lat' dir='ltr'><strong>commissam</strong></span> 
     </span>
     <span class='ocr_line' id='line_1_37' title="bbox 103 3220 1134 3308; baseline 0.009 -27"><span class='ocrx_word' id='word_1_308' title='bbox 103 3220 280 3284; x_wconf 63' lang='lat' dir='ltr'><strong>arbitraris?</strong></span> <span class='ocrx_word' id='word_1_309' title='bbox 305 3228 393 3295; x_wconf 72' lang='lat' dir='ltr'><strong>Mitto,</strong></span> <span class='ocrx_word' id='word_1_310' title='bbox 406 3230 539 3305; x_wconf 80' lang='lat' dir='ltr'><strong>proelia:</strong></span> <span class='ocrx_word' id='word_1_311' title='bbox 560 3239 717 3306; x_wconf 90' lang='lat' dir='ltr'><strong>praetereo</strong></span> <span class='ocrx_word' id='word_1_312' title='bbox 734 3230 980 3308; x_wconf 81' lang='lat' dir='ltr'><strong>oppugnationes</strong></span> <span class='ocrx_word' id='word_1_313' title='bbox 1002 3231 1134 3307; x_wconf 91' lang='lat' dir='ltr'><strong>oppido-</strong></span> 
     </span>
     <span class='ocr_line' id='line_1_38' title="bbox 102 3304 1134 3388; baseline 0.009 -25"><span class='ocrx_word' id='word_1_314' title='bbox 102 3321 180 3364; x_wconf 90' lang='lat' dir='ltr'><strong>rum.</strong></span> <span class='ocrx_word' id='word_1_315' title='bbox 220 3304 375 3381; x_wconf 83' lang='lat' dir='ltr'><strong>Expulsus</strong></span> <span class='ocrx_word' id='word_1_316' title='bbox 390 3314 620 3388; x_wconf 89' lang='lat' dir='ltr'><strong>regno-tandem</strong></span> <span class='ocrx_word' id='word_1_317' title='bbox 634 3314 798 3387; x_wconf 90' lang='lat' dir='ltr'><strong>aliquando</strong></span> <span class='ocrx_word' id='word_1_318' title='bbox 812 3323 928 3376; x_wconf 89' lang='lat' dir='ltr'><strong>tantum</strong></span> <span class='ocrx_word' id='word_1_319' title='bbox 942 3323 1044 3375; x_wconf 75' lang='lat' dir='ltr'><strong>minen</strong></span> <span class='ocrx_word' id='word_1_320' title='bbox 1060 3314 1134 3373; x_wconf 87' lang='lat' dir='ltr'><strong>con-</strong></span> 
     </span>
     <span class='ocr_line' id='line_1_39' title="bbox 102 3386 1134 3477; baseline 0.012 -31"><span class='ocrx_word' id='word_1_321' title='bbox 102 3386 173 3451; x_wconf 89' lang='lat' dir='ltr'><strong>silio</strong></span> <span class='ocrx_word' id='word_1_322' title='bbox 185 3396 278 3467; x_wconf 87' lang='lat' dir='ltr'><strong>atque</strong></span> <span class='ocrx_word' id='word_1_323' title='bbox 288 3393 467 3456; x_wconf 88' lang='lat' dir='ltr'><strong>auctoritate</strong></span> <span class='ocrx_word' id='word_1_324' title='bbox 477 3396 578 3470; x_wconf 84' lang='lat' dir='ltr'><strong>valuit,</strong></span> <span class='ocrx_word' id='word_1_325' title='bbox 592 3405 624 3457; x_wconf 92' lang='lat' dir='ltr'><strong>ut</strong></span> <span class='ocrx_word' id='word_1_326' title='bbox 635 3413 669 3457; x_wconf 91' lang='lat' dir='ltr'><strong>se</strong></span> <span class='ocrx_word' id='word_1_327' title='bbox 680 3409 752 3472; x_wconf 85' lang='lat' dir='ltr'><strong>rege</strong></span> <span class='ocrx_word' id='word_1_328' title='bbox 762 3397 974 3458; x_wconf 82' lang='lat' dir='ltr'><strong>Armeniorum</strong></span> <span class='ocrx_word' id='word_1_329' title='bbox 985 3397 1134 3477; x_wconf 77' lang='lat' dir='ltr'><strong>adiuncto</strong></span> 
     </span>
    </p>
   </div>
   <div class='ocr_carea' id='block_1_6' title="bbox 0 0 1174 3788">
    <p class='ocr_par' dir='ltr' id='par_1_6' title="bbox 0 0 1174 3788">
     <span class='ocr_line' id='line_1_40' title="bbox 0 0 1174 3788; baseline 0 1"><span class='ocrx_word' id='word_1_330' title='bbox 0 0 1174 3788; x_wconf 95' lang='lat' dir='ltr'><strong> </strong></span> 
     </span>
    </p>
   </div>
  </div>
 </body>
</html>
