2340 3788
107 204 171 271 438
253 203 292 264 III
305 202 345 262 tt
359 196 711 261 assentatiuncula
724 194 935 256 PHILIPPICA
947 195 986 256 11.

109 350 278 424 exstinctis,
292 349 376 427 quod
391 348 423 411 iu
436 348 555 409 hostem
567 355 701 423 togatum
714 342 840 406 decerni
850 351 902 404 est
918 345 1047 407 solitum
1060 364 1131 409 more

109 436 265 497 maiorum.
312 433 351 493 Et
372 438 405 492 ιιι
423 431 505 505 apud
521 439 624 507 patres
644 428 835 503 conscriptos
851 435 965 489 contra
977 445 1030 489 me
1045 431 1132 493 dicem

109 534 206 581 ausus
221 532 320 593 es,qu
299 530 371 576 uum
385 512 425 574 ab
437 512 498 574 hoc
512 510 618 574 ordine
628 528 686 588 ego
704 516 903 572 conservator
915 526 1034 584 essem,
1048 513 1133 574 tubo

110 600 168 663 stis
182 536 567 675 re1p'uuuoaeiumoausr
586 590 836 656 commemoratio
856 591 940 653 illius
957 594 1005 655 tui
1020 596 1132 656 sceleris

108 681 282 745 intermissa
296 689 358 752 est,
375 694 437 739 non
449 676 595 740 memoria
613 678 721 738 delete
763 677 842 735 Dum
856 688 961 751 senus
978 676 1131 749 hominurn,

109 767 181 828 dum
198 762 305 841 populi
318 760 447 827 Romani
461 776 570 822 nomen
581 759 775 831 exstabia—
788 758 873 833 quod
888 758 1021 835 quidem
1035 760 1132 837 erit,s

109 864 167 925 per
179 856 210 909 ιι
227 844 343 920 licebit,
365 843 578 919 sempiternum
596 876 648 917 -,
666 851 717 903 tua
729 840 781 901 illa
794 838 969 916 postifera·
959 841 1131 904 antercessio

109 928 321 992 nominabitur.
369 925 421 987 52.
436 925 512 1000 Quid
528 924 639 1001 cupide
658 930 806 994 asenalu,
820 921 895 997 quid
909 932 1033 985 temere
1046 926 1131 997 flebat,

109 1029 203 1090 quum
213 1020 246 1072 tu
260 1027 341 1073 unus
355 1009 537 1070 adolescens
552 1009 728 1069 universum
751 1004 889 1066 ordinem
911 1007 1086 1069 decernere
1101 1008 1130 1067 de

110 1097 208 1157 salute
221 1093 268 1155 rei
282 1092 421 1168 publicae
431 1090 626 1167 prohibuisti,
644 1105 743 1165 neque
753 1087 786 1149 id
797 1088 908 1160 semel,
930 1091 995 1150 sed
1009 1090 1129 1166 saepire.

109 1193 211 1253 neque
230 1184 263 1237 tu
279 1185 377 1237 tecum
393 1175 431 1234 de
446 1181 570 1234 senatus
584 1172 760 1234 auctoritate
772 1170 821 1245 agi
832 1186 947 1245 passus
961 1179 1025 1232 est
1067 1170 1129 1247 out

15 1248 21 1259 ’
110 1269 211 1321 autem
228 1259 374 1333 agebatur
392 1256 452 1315 nisi
471 1272 510 1316 ιι
524 1257 617 1316 deleri
641 1264 672 1317 et
683 1252 778 1316 everti
791 1252 1033 1328 rempublicam
1048 1254 1129 1317 ιιιιιιι

109 1351 159 1404 tus
177 1343 281 1412 velles,
299 1354 392 1414 quum
406 1346 437 1398 te
449 1354 550 1412 neque
565 1337 719 1414 priucipes
737 1335 864 1397 civitatis
879 1338 1029 1411 rogando
1046 1352 1129 1413 neque

109 1422 242 1484 maiores
263 1430 335 1481 natu
354 1420 506 1480 monendo
526 1436 627 1495 neque
646 1422 790 1494 frequens
813 1426 939 1479 senatus
962 1422 1085 1496 agendo
1098 1420 1129 1479 dc

109 1503 234 1564 vendita
254 1510 344 1578 atque
364 1501 485 1562 addicta
506 1503 656 1562 sententia
683 1516 806 1564 movere
827 1500 950 1578 pottuitt
971 1505 1051 1566 Tum
1069 1500 1129 1565 illud

109 1585 211 1647 multis
223 1585 316 1646 rebus
327 1592 398 1645 ante
410 1584 563 1660 temptatis
583 1584 759 1647 necessarIo
776 1584 828 1645 tibi
841 1585 957 1647 vulnus
986 1586 1128 1657 indictum,

111 1669 194 1747 quod
210 1667 319 1744 paucis
332 1675 401 1728 ante
415 1675 454 1739 ιι,
471 1684 599 1742 quorum
613 1668 772 1730 incolumis
785 1667 842 1727 luit
853 1681 958 1728 nemo.
1005 1668 1056 1733 bb
1067 1670 1126 1729 lun

111 1760 217 1814 contra
229 1759 261 1812 te
274 1750 357 1812 dedit
366 1766 449 1809 arma
459 1749 508 1811 laic
520 1752 595 1812 ordo
612 1750 789 1812 consulibus
801 1746 1019 1827 reliquisque
1009 1748 1126 1827 tmperi!

110 1846 140 1896 ιι
153 1834 370 1912 potestatibus:
387 1849 466 1909 quae
481 1850 542 1894 non
559 1833 736 1910 eflugisaes,
757 1831 818 1893 nisi
831 1840 861 1895 te
874 1833 917 1893 ad
930 1850 1023 1896 arma
1036 1836 1126 1896 caesa

110 1917 154 1979 ιιι
174 1916 368 1979 contulisses.
409 1916 500 1976 XXII.
517 1917 576 1988 Τιι,
590 1926 638 1991 ιιι,
652 1918 784 1991 inquam,
796 1916 836 1975 tt.
853 1916 981 1989 Antoni,
1000 1918 1127 1993 princeps

111 2001 144 2061 G.
159 1999 282 2060 Caesari
294 2001 394 2060 omnin
410 1999 585 2073 perturbare
599 1998 731 2074 cupienti
745 2014 868 2059 causam
878 1999 952 2058 belli
969 2011 1077 2063 contra
1086 2012 1127 2074 pa

110 2082 196 2144 triam
211 2081 359 2142 inferendi
373 2079 493 2143 dedisti.
538 2082 614 2154 Quid
628 2081 707 2141 enim
722 2081 803 2142 aliud
817 2081 868 2141 ille
883 2080 1034 2145 dicebatl
1054 2094 1127 2159 quen

110 2164 296 2225 causamsui
308 2162 526 2224 dementissimi
538 2163 656 2224 consilii
671 2171 701 2225 et
718 2163 785 2224 lacti
801 2163 966 2233 adferebat,
986 2166 1051 2227 uisi
1061 2160 1128 2240 quod

109 2246 287 2307 intercessio
300 2248 446 2321 neglecta,
457 2246 505 2305 Ius
515 2246 706 2307 tribunIcium
718 2248 875 2317 sublatum,
888 2248 1127 2323 circumscriptus

109 2346 128 2387 ι
143 2336 252 2389 senatu
267 2338 352 2390 essct
365 2328 537 2389 AntonIusl
558 2329 665 2392 Omitto
688 2346 776 2405 quarn
792 2330 868 2389 haec
885 2329 975 2405 salsa,
993 2350 1086 2409 quam
1096 2332 1128 2388 le·

109 2412 168 2483 viu,
183 2411 361 2486 praesertim
376 2427 468 2487 quum
480 2413 602 2473 omnino
616 2414 697 2472 nulla
712 2429 805 2473 cause
818 2411 897 2472 iusta
912 2420 1062 2488 cuiquam
1072 2426 1128 2474 csse

109 2493 208 2569 possit
222 2502 326 2554 ιοιιιι
338 2495 464 2569 patriam
481 2510 564 2554 arma
577 2497 725 2571 capiendi.
772 2494 833 2555 Sed
847 2494 920 2554 nihil
936 2496 976 2554 de
994 2498 1128 2558 Caesare:

108 2576 161 2636 tibi
185 2586 266 2637 certe
286 2578 491 2637 confitendum
508 2587 556 2639 est
579 2594 702 2638 causam
730 2576 985 2652 perniciosissimi
1016 2580 1088 2642 belli
1105 2577 1129 2636 in

109 2675 241 2733 persona
257 2667 307 2719 tue
322 2659 507 2720 constitisse.
543 2659 584 2721 54
611 2658 790 2721 Omiseram
805 2669 850 2731 te,
870 2659 896 2720 si
909 2660 1062 2738 intelligis
1085 2660 1129 2721 mi-

109 2743 270 2813 seriorem,
293 2744 393 2801 sinon
410 2741 552 2816 intelligis
573 2744 633 2803 hoc
650 2743 755 2804 litteris
772 2743 925 2815 mandari,
944 2744 1010 2805 hoc
1029 2759 1129 2806 memo·

108 2825 172 2884 riae
188 2824 286 2899 prodi,
300 2825 389 2885 huius
404 2823 448 2883 rei
462 2841 500 2884 ne
514 2825 720 2898 posteritatem
740 2826 861 2901 quidem
876 2826 1016 2887 omnium
1034 2843 1128 2889 saecu·

109 2905 207 2966 lorum
216 2923 358 2982 umquam
370 2907 573 2967 immemorem
589 2909 661 2980 lore,
675 2910 818 2970 consules
829 2925 868 2969 ex
878 2909 966 2969 ltalia
977 2914 1130 2986 expulsos,

109 3002 241 3063 cumque
255 2989 303 3049 his
319 2989 372 3049 Cn
387 2989 577 3065 Pompeium,
590 2992 672 3065 quod
683 2991 800 3066 imperii
819 2990 923 3088 populi
938 2994 1074 3053 Romani
1087 2994 1130 3051 de·

108 3084 163 3128 cus
187 3088 224 3130 ac
245 3074 344 3132 lumen
365 3072 434 3143 luit,
458 3088 563 3132 omnes
577 3076 770 3141 consideres,
794 3074 847 3150 qui
862 3091 917 3149 per
931 3077 1129 3137 valetudinem

108 3153 239 3226 exsequi
254 3156 370 3214 cladem
390 3154 471 3214 illam
486 3156 648 3230 fugamque
663 3156 849 3232 potuissent,
865 3167 1040 3233 praetores,
1052 3173 1129 3235 prae

105 3234 210 3306 corios
227 3236 484 3312 tribunusplebis,
501 3249 912 3315 magnampartemsenetus,
929 3241 1128 3303 omoemsub

107 3317 211 3375 olem
202 3319 380 3392 tuventutis,
399 3336 522 3414 unoque
543 3322 637 3381 verbo
658 3323 888 3398 rempublicam
906 3327 1073 3400 expulsam
1093 3332 1127 3381 at·

107 3414 168 3471 que
185 3400 411 3462 exterminatum
426 3402 491 3463 suis
506 3403 647 3463 sedibus!
691 3404 740 3466 55.
762 3406 822 3466 Ut
815 3406 903 3480 igitur
917 3405 949 3466 in
967 3407 1127 3469 seminibus
