2340 3788
135 230 138 235 ·
231 198 313 260 GAP.
333 205 465 262 37-89.
485 206 511 268 3·
523 208 657 267 8146.
904 200 945 268 75

52 349 97 411 lus
114 348 201 411 lintis
216 357 308 425 atque
321 349 444 425 flagitiis
458 348 500 411 ita
513 366 654 426 moveor,
673 362 706 416 ut
725 370 763 416 en
782 357 948 432 repreben-

52 434 241 493 tntummodo
249 440 366 507 putem=
378 432 507 493 hievero
517 442 598 494 tantu
610 434 853 512 doloreadllcior,
862 441 947 502 utni·

56 514 219 590 indignius,
231 515 410 575 nihilminus
424 517 580 576 serendum
593 530 664 576 esse
673 518 820 582 videatur.
830 524 945 585 Verres

52 599 57 657 l
74 599 276 659 monumentis
296 599 418 658 domum
441 613 528 658 suam
549 601 672 677 plenam
692 603 804 678 stupri,
823 607 945 679 plenam

66 683 188 756 plenam
202 681 364 742 dedecoris
385 681 525 742 omabitt
553 682 667 741 verres
682 688 944 758 temperantissimi

53 763 169 839 imique·
184 764 241 824 viri
255 771 497 838 monumentum,
510 763 626 824 Dianae
642 763 835 827 simulacrum
854 772 945 845 virgi·

52 863 85 907 ea
96 848 188 908 domo
198 846 369 921 collocabit,
392 847 423 905 in
442 864 503 921 qna
517 864 640 922 semper
655 844 847 911 meretricum
861 852 946 912 lena·

67 928 184 1005 flagitia
199 937 382 990 versantur?

52 1013 133 1072 XIX.
155 1011 205 1076 84.
235 1013 276 1072 At
295 1012 355 1072 hcc
376 1015 473 1074 solum
486 1012 623 1073 Africani
637 1021 865 1075 monumentum
878 1015 947 1076 vio·

52 1095 118 1167 uid,
134 1113 153 1156 a
169 1093 381 1171 Tyndaritanis
396 1113 456 1157 non
471 1096 609 1157 eiusdem
625 1095 779 1173 Scipionis
794 1097 946 1159 beneficio

70 1178 264 1239 simulacrum
278 1178 419 1240 Mercurii
432 1179 634 1256 pulcherrime
649 1179 760 1241 laetum
777 1180 949 1241 sustulisti?

52 1280 68 1321 n
84 1262 275 1334 admodum,
296 1262 332 1321 di
351 1262 550 1323 immortales!
572 1280 663 1338 quarn
678 1264 838 1336 audacter,
853 1278 947 1338 quarn

52 1361 98 1416 se,
115 1359 206 1419 quarn
221 1344 425 1420 impudenter!
448 1345 585 1406 Audistis
597 1362 695 1421 nuper
710 1346 813 1407 dicere
828 1348 945 1420 legatos
1034 1356 1042 1369 ‘

53 1436 161 1500 tanos,
181 1428 321 1488 homines
333 1428 567 1489 honestissimos
584 1444 621 1488 ac
636 1428 791 1504 principes
806 1426 944 1502 civitatis,

52 1528 116 1583 um,
131 1510 183 1585 qui
200 1510 297 1571 sacris
313 1511 527 1572 anniversariis
545 1512 629 1588 apud
648 1528 703 1572 eos
719 1526 756 1572 ac
772 1526 947 1572 summare-

52 1594 213 1667 coleretur,
237 1610 327 1669 quem
340 1594 371 1652 Ρ.
385 1595 547 1655 Africanus
561 1595 746 1670 Karthagine
762 1603 852 1669 capta
865 1594 946 1669 'lyn-

52 1693 62 1736 ς
85 1692 147 1735 non
170 1678 269 1736 solum
283 1688 358 1736 strae
372 1675 533 1748 victoriae,
561 1678 618 1738 sed
635 1678 724 1738 etiam
738 1677 858 1737 illorum
873 1676 945 1736 fidei

52 1760 138 1832 isque
161 1766 387 1835 monumentum
407 1766 499 1832 atque
518 1758 661 1819 indicium
677 1760 829 1832 dedisset,
855 1759 944 1819 huius

52 1858 91 1899 ne
106 1838 297 1914 imperioque
307 1855 379 1898 esse
390 1839 548 1899 sublatum.
572 1841 671 1913 Quint
682 1841 812 1918 primunr
825 1841 856 1900 in
870 1841 945 1902 illud

52 1941 66 1980 n
81 1921 173 1994 venit,
190 1920 298 1994 statim,
309 1922 463 1996 tamquam
474 1922 515 1981 ita
524 1922 590 1981 fieri
601 1939 662 1982 non
673 1926 771 1983 solum
783 1932 944 1998 oporteret,

52 2021 80 2062 nr
95 2019 226 2062 necesse
240 2005 344 2076 esset,
363 2012 516 2079 tamquam
538 2004 597 2064 hoc
618 2014 742 2066 senatus
759 2007 943 2078 mandasset,

67 2089 224 2146 Romanus
238 2086 389 2160 iussisset,
404 2086 445 2147 ita
460 2086 618 2161 continuo,
637 2087 755 2163 signum
769 2098 802 2150 ut
818 2088 945 2149 demoli-

53 2171 248 2231 tlllessanam
267 2170 470 2244 deportarent,
485 2170 654 2246 imperavit.
682 2170 732 2233 85.
746 2171 835 2245 Quod
851 2188 943 2248 quum

52 2254 206 2326 aderant,
223 2252 396 2328 indignum,¹
412 2253 464 2330 qui
481 2253 652 2327 audiebant,
668 2254 844 2315 incredibile
858 2257 942 2316 vide·

52 2353 104 2397 run
121 2345 169 2395 est
183 2336 311 2408 chisto,
337 2337 435 2412 primo
457 2336 509 2397 illo
530 2338 680 2412 adventu,
703 2347 941 2413 perseveratum.

52 2437 87 2479 ns
110 2420 231 2480 mandat
253 2435 407 2494 proagoro
426 2419 572 2494 Sopatro,
595 2420 682 2480 cuius
695 2422 789 2481 verba
804 2421 943 2503 audistis,

52 2502 162 2563 dictur.
201 2502 299 2574 Quum
325 2509 493 2573 recusaret,
519 2504 715 2564 vehementer
734 2504 871 2564 minatur.
906 2502 944 2560 Et

52 2584 138 2644 xilla
156 2585 270 2659 oppido
286 2583 498 2658 proficiscitur.
529 2586 633 2647 Refert
651 2604 715 2648 rem
730 2586 780 2647 ille
800 2587 841 2645 ad
853 2600 938 2644 sena-

52 2668 206 2739 bementer
220 2667 356 2741 undique
373 2668 560 2739 reclamatur.
583 2671 627 2730 Ne
641 2673 748 2741 multa,
762 2669 871 2728 iterum
885 2665 943 2723 iste

58 2749 215 2825 aliquanto
231 2748 410 2824 postvenit,
426 2749 542 2822 quaerit
554 2754 696 2813 continuo
712 2753 751 2810 dc
766 2749 865 2821 sig-no.
885 2747 944 2805 Re·
1015 2740 1024 2757 ⁶

52 2849 85 2892 ur
101 2832 129 2892 ei
151 2841 288 2893 senatum
310 2848 371 2891 non
389 2829 575 2906 permittere
595 2850 726 2907 poenam
748 2828 856 2904 eapitis
872 2844 944 2889 con*

52 2962 56 2984 ,
75 2915 102 2974 si
117 2915 236 2975 iniussu
247 2924 371 2976 senatus
384 2913 546 2991 qnisquam
556 2915 721 2988 attigisset=
738 2911 827 2971 simul
837 2911 942 2986 religio

52 3000 179 3058 roratur.
215 3000 289 3057 'lum
309 2999 382 3057 iste:
409 2997 504 3071 Quam
528 2996 601 3054 mihi
619 2996 798 3071 religionem
817 3003 943 3056 narras?
997 2999 1002 3005 '

53 3089 185 3140 oenamt
212 3097 302 3155 quern
325 3087 487 3141 senatum?
506 3079 607 3139 vivum
629 3087 658 3139 te
677 3095 739 3140 non
760 3077 942 3154 relinquam=

59 3163 171 3238 virgis,
198 3163 257 3224 nisi
278 3163 349 3223 milri
372 3164 492 3239 signum
513 3160 648 3223 traditur.
687 3161 816 3236 Sopater
834 3162 942 3224 iterum

52 3250 57 3307 l
80 3254 220 3307 senatum
239 3263 303 3307 rem
326 3248 438 3321 defert,
467 3246 555 3306 istius
578 3244 769 3319 cupiditatem
783 3245 942 3319 minasque
990 3250 992 3255 '

52 3339 113 3392 rat.
147 3330 278 3390 Senatus
300 3330 430 3407 Sopatro
451 3344 634 3405 responsum
655 3330 768 3390 nullum
793 3330 860 3399 dat,
887 3325 943 3386 sed

52 3430 85 3474 us
102 3415 355 3488 perturbatusque
370 3413 507 3474 discedit.
540 3413 594 3473 llle
611 3411 761 3486 praetoris
776 3408 943 3471 arcessitus
