2340 3788
389 167 471 228 cAl’.
487 176 619 231 n-re
638 172 665 236 t.
682 174 815 233 oe-et.
1055 169 1117 240 tu

83 319 166 382 lonis
187 333 310 393 semper
329 325 472 378 coenatu
489 316 618 392 probata
635 326 692 378 est.
734 315 888 381 Videbunt
902 319 982 383 enlm
997 321 1120 398 sapien-

83 401 196 462 tissimi
210 400 347 461 homines
364 400 435 462 lacti
449 400 612 474 rationem,
633 401 838 475 praesentiam
851 402 950 476 animi,
965 406 1119 468 detensio-

85 483 136 543 nis
159 483 368 544 constantiam.
410 485 459 543 An
479 497 555 542 vero
569 482 653 544 obliti
670 481 914 557 estie,-iudlcea,
931 488 1047 549 recenti
1066 489 1118 551 illo

83 565 196 626 nuncio
220 565 305 626 necis
325 566 490 627 Clodianae
511 580 572 626 non
589 565 681 626 modo
702 563 894 625 inimieorum
911 566 1033 628 Milonis
1054 587 1118 631 ser·

84 664 192 708 mones
206 655 236 709 et
250 647 428 722 opiniones,
450 646 590 708 sednon
611 648 761 707 nullorum
782 647 871 707 etiam
892 647 1120 723 imperitorumt

82 730 239 802 Negabant
250 745 318 790 eum
334 731 461 790 Romam
482 744 553 789 esse
572 729 750 789 rediturum.
794 728 844 791 63.
860 730 933 791 Sive
950 731 1030 792 euim
1043 734 1119 795 illud

84 812 185 871 animo
206 813 284 873 irato
304 828 340 872 ac
357 811 473 887 percito
488 810 627 883 lecisset,
646 819 681 871 ut
700 811 846 873 incensus
868 812 941 873 odio
955 815 1120 877 trucidaret

82 894 246 967 inimicum,
262 894 485 954 arbitrabantur-
499 910 568 954 eum
588 892 660 954 tanti
674 902 802 954 mortem
816 895 848 953 P.
864 893 964 955 ulodii
982 903 1118 971 putusse,

81 986 115 1037 ut
132 975 352 1050 aequoanimo
369 976 467 1051 patria
481 983 612 1048 careret,
637 993 733 1050 quum
760 976 909 1050 sauguine
931 977 1045 1039 inimici
1065 995 1118 1040 ex·

81 1062 201 1133 plesset
216 1057 319 1118 odium
334 1074 438 1119 soum=
455 1059 521 1119 slve
536 1060 626 1119 etiam
640 1056 721 1120 illius
735 1067 832 1119 morte
847 1059 974 1134 patriam
988 1061 1119 1123 liberare

81 1139 242 1214 voluisset,
258 1156 318 1200 non
334 1141 538 1202 dubitaturum
552 1143 659 1201 iortem
676 1140 774 1202 virum
791 1141 872 1216 quio,
888 1159 981 1220 quum
996 1160 1053 1205 suo
1066 1160 1118 1219 pe

80 1223 179 1282 riculo
204 1223 332 1284 salutem
350 1223 395 1283 rei
410 1224 550 1299 publicae
563 1223 729 1295 attulisset,
760 1225 882 1285 cederet
902 1241 1002 1299 aequo
1017 1226 1118 1288 animo

81 1305 219 1379 legibus,
240 1321 344 1366 secum
360 1308 493 1367 auferret
516 1305 643 1380 gloriam
669 1305 900 1381 sempiternam,
925 1307 1016 1383 nobis
1041 1309 1118 1370 haec

82 1388 211 1448 fruenda
223 1387 423 1463 relinqueret,
447 1405 527 1464 quae
540 1388 609 1464 ipae
624 1394 788 1450 servasset.
830 1388 917 1451 Multi
931 1392 1022 1452 etiam
1037 1391 1116 1453 Cati-

72 1470 173 1529 linam
193 1476 285 1544 atque
308 1469 359 1532 ille
382 1479 522 1547 portenta
538 1472 753 1547 loquebantur=
773 1466 1118 1551 Erumpet,‘occupabit

80 1552 212 1628 aliquem
230 1554 345 1627 locum,
360 1554 472 1615 bellum
487 1553 602 1630 patriae
616 1554 716 1618 laciet.
761 1553 893 1616 Miseros
908 1556 1059 1619 interdmn
1075 1558 1116 1617 ci·

79 1652 136 1696 ves
160 1634 274 1710 optime
297 1637 336 1697 de
354 1637 529 1712 republica
549 1638 688 1709 meritos,
708 1635 740 1697 in
761 1636 872 1710 quibus
895 1638 1035 1700 homines
1052 1657 1113 1701 uon

79 1719 173 1778 modo
193 1732 243 1776 rea
263 1718 526 1792 praeclarissimas
546 1717 782 1789 obliviscuntur,
802 1719 859 1779 sed
879 1719 968 1779 etiam
983 1721 1115 1782 nefarias

81 1798 292 1873 suspicantur!
320 1797 371 1860 64.
394 1801 475 1879 Ergo
500 1799 553 1859 illa
574 1799 651 1858 laisa
676 1800 815 1871 luerunt,
837 1816 916 1875 quae
937 1811 1019 1862 certe
1043 1819 1114 1863 vera

81 1879 279 1954 exstitissent,
298 1880 326 1940 si
338 1879 412 1941 ldilo
428 1879 603 1941 admisisset
623 1880 739 1956 aliquid
760 1882 844 1956 quod
859 1897 919 1942 non
937 1891 1048 1957 posset
1059 1883 1109 1944 tro·

81 1964 507 2037 nesteverequedelendere.
753 2014 756 2019 .

143 2046 251 2106 xxiv.
273 2044 372 2118 Quidt
391 2062 471 2120 quae
491 2053 599 2121 postea
619 2054 691 2108 suut
708 2044 739 2106 in
755 2062 826 2108 eum
848 2054 1115 2127 consequutus

82 2129 222 2205 quemvis
236 2127 326 2188 etlam
340 2128 538 2190 mediocrium
559 2128 737 2190 delictorum
760 2129 949 2191 conscientia
965 2130 1114 2205 perculis-

82 2219 159 2283 sent,
180 2218 213 2272 ut
230 2210 388 2284 sustinuit,
410 2211 441 2272 di
462 2210 662 2273 immortales!
686 2212 850 2274 sustinuitt
870 2211 962 2274 immo
988 2229 1061 2274 vero
1081 2222 1115 2273 ut

81 2292 266 2368 contempsit
278 2309 315 2355 ac
330 2310 385 2369 pro
400 2292 493 2355 nihilo
510 2293 636 2371 putavit,
652 2311 732 2370 quae
746 2311 849 2369 neque
863 2297 996 2356 maximo
1012 2295 1113 2357 animo

80 2392 199 2438 nocens
229 2391 331 2451 neque
357 2377 506 2438 innocens
533 2377 594 2438 nisi
616 2376 801 2438 tortissimus
823 2376 870 2436 vir
889 2378 1043 2453 negligere
1058 2394 1111 2453 po·

79 2458 204 2521 tuissett
228 2457 405 2534 Scotorum,
437 2459 621 2535 gladiorum,
647 2461 896 2541 ferramentorum
922 2461 1113 2535 pilorumque

80 2541 170 2603 etiam
182 2541 340 2602 multitudo
353 2542 539 2617 deprehendi
552 2558 645 2618 posse
656 2541 859 2603 indicabatnr=
871 2545 984 2609 nullum
997 2543 1026 2603 in
1039 2543 1113 2603 urbe

79 2627 197 2698 vicum,
212 2625 325 2685 nullum
339 2623 531 2700 angiportum
546 2640 616 2687 esse
634 2624 774 2686 dicebaut
794 2624 826 2685 in
848 2640 909 2699 quo
919 2620 993 2685 'non
1008 2624 1113 2685 Miloni

81 2707 232 2767 conducta
243 2715 328 2768 esset
343 2708 469 2767 domnoc
490 2724 574 2768 arma
593 2707 625 2767 in
641 2707 743 2769 villam
759 2706 969 2768 Ocriculanam
984 2708 1113 2767 devecta

80 2787 189 2860 Tiberi,
205 2790 326 2850 domum
342 2790 373 2849 in
388 2789 467 2852 clivo
483 2789 652 2865 Capitolino
668 2789 763 2852 scutis
776 2791 1034 2865 refertam-plena
1049 2805 1111 2850 om·

80 2869 132 2930 nia
147 2871 353 2934 malleolorum
365 2872 406 2932 ad
419 2872 505 2933 urbis
517 2872 661 2933 incendia
674 2881 935 2948 comparatorum=
956 2872 1033 2933 baec
1048 2886 1109 2933 non

80 2953 182 3014 delata
202 2956 316 3028 solum,
346 2956 402 3016 sed
432 2970 532 3030 paene
553 2954 667 3016 credita
688 2971 746 3016 uec
769 2963 839 3017 ante
859 2953 1020 3029 repudiate
1041 2960 1112 3015 sunt

81 3052 172 3111 quam
194 3037 341 3112 quaesita.
383 3035 435 3100 ob.
455 3038 630 3099 Laudabam
654 3037 795 3113 equidem
815 3035 1022 3097 incredibilem
1045 3035 1110 3096 dili-

78 3118 211 3195 gentiam
227 3120 281 3179 cn.
294 3119 446 3195 Pompeii,
463 3122 521 3181 sed
535 3122 647 3193 dicum,
663 3129 696 3181 ut
718 3120 832 3191 sentio,
847 3119 975 3184 iudices.
1015 3118 1120 3178 Nimis.

78 3203 171 3263 multa
186 3211 336 3278 coguntur
351 3203 456 3264 audire
473 3219 575 3277 neque
588 3202 675 3264 aliter
687 3203 789 3263 iacere
804 3210 936 3277 possunt
951 3201 1111 3280 itquibus

78 3293 143 3345 tota
166 3287 332 3346 commissa
354 3294 402 3346 est
421 3284 619 3361 respublica.
672 3285 749 3358 Quin
764 3284 926 3347 etiamtuit
939 3282 1111 3346 audiendus

79 3382 164 3442 pope
176 3365 312 3428 Licinius
332 3368 438 3429 nescio
459 3368 512 3442 qui
532 3369 572 3428 de
586 3367 673 3428 Circo
693 3367 843 3443 maximo,
864 3383 975 3429 servos
988 3364 1110 3427 Milonis
