2340 3788
361 203 593 286 cebro-⁴12.
615 209 781 270 §.aa-se
887 279 890 285 ,
1024 208 1084 276 155

58 362 245 435 perpetuum
259 363 465 430 comparatum
485 361 547 426 est,
579 369 689 428 magna
708 352 740 413 in
761 355 930 430 republica
944 356 1087 433 dignitas,

58 452 144 517 quae
163 453 215 498 me
233 452 356 514 semper
372 438 465 498 tacite
492 437 649 509 defendet,
676 439 852 510 magnonis
872 441 1087 514 eonscientiae,

58 536 154 601 qnam
170 520 225 597 qui
238 521 401 597 negligent,
416 536 508 596 quum
523 536 573 580 me
588 519 705 578 violare
720 519 837 592 volent,
849 536 884 581 se
898 523 957 597 ipsi
971 523 1086 586 indica·

56 606 145 667 bunt
156 598 218 666 ⁴28.
232 602 287 666 Est
297 603 387 665 eliam
398 602 428 664 in
440 602 530 664 nobis
541 602 568 662 is
583 601 711 674 animus,
728 599 867 678 Quirites,
877 611 980 665 utnon
993 610 1086 671 modo

57 687 174 750 nullius
191 687 337 747 audaciae
351 687 513 759 cedamus,
534 684 695 746 sedetiam
715 699 822 745 omnes
838 684 994 761 improbos
1007 693 1086 753 ultro

57 786 186 846 semper
198 771 398 832 lacessamus.
442 769 531 843 Quod
551 769 577 828 si
593 769 691 829 omnis
706 767 840 842 impetus
853 768 1088 833 domesticorum

56 853 205 926 bostiam,
222 854 371 929 depulsus
386 852 519 926 avobis,
535 868 571 912 se
584 851 615 910 in
626 868 675 912 me
685 866 776 913 unum
789 852 982 925 converterit,
997 855 1088 917 vobis

57 937 115 998 erit
132 935 366 1013 providendum,
381 935 522 1010 Quirites,
537 951 599 1010 qua
612 934 792 995 condicione
807 935 937 1011 posthoc
948 951 1004 997 eos
1017 953 1089 998 esse

57 1018 171 1093 velitis,
187 1019 238 1094 qui
255 1036 289 1080 se
304 1035 361 1095 pro
379 1021 477 1079 salute
491 1026 593 1079 vestra
606 1017 769 1079 obtulerint
783 1017 917 1079 invidiae
931 1018 1088 1094 periculis·

58 1120 120 1180 que
136 1103 293 1165 omnibuse
309 1101 381 1162 mihi
399 1101 521 1178 quidem
536 1100 597 1177 ipsi
615 1101 689 1176 quid
706 1102 852 1177 estquod
871 1103 932 1163 iam
954 1103 1090 1163 advitae

56 1189 192 1248 unctum
207 1185 308 1261 possit
326 1184 458 1260 acquiri,
485 1183 778 1264 quampraesertim
800 1201 901 1260 neque
920 1188 953 1246 in
971 1186 1089 1247 honore

56 1278 165 1331 vestro
182 1284 283 1344 nequa
300 1266 330 1328 in
345 1268 442 1344 gloria
456 1267 573 1330 virtutis
587 1268 754 1343 quidquam
769 1268 889 1330 videam
905 1268 1010 1342 allius,
1026 1285 1088 1345 quo

58 1352 133 1414 mibi
146 1353 241 1412 libeat
258 1353 448 1414 ascenderet
489 1352 542 1414 29.
562 1352 639 1413 lllud
652 1354 791 1427 prolecto
807 1351 973 1428 perficiam,
991 1352 1088 1427 Quiri·

58 1446 115 1509 tes,
132 1444 168 1497 ut
180 1452 227 1510 ea,
242 1453 321 1510 quae
335 1435 419 1512 gessi
434 1436 465 1497 in
481 1438 655 1507 consulatu,
672 1435 809 1511 privatus
829 1444 916 1498 tuear
932 1445 1026 1512 atque
1040 1452 1088 1497 or-

59 1534 139 1590 nem,
154 1527 197 1590 ut,
213 1518 240 1579 si
256 1536 317 1594 qua
333 1529 381 1581 est
396 1519 510 1581 invidie
522 1520 734 1580 conservanda
746 1534 781 1579 re
794 1520 919 1594 publiea
932 1527 1089 1594 suscepta,

59 1602 163 1663 laedat
176 1602 311 1674 invidos,
325 1603 396 1662 mibi
408 1605 508 1664 valeat
523 1604 563 1662 ad
576 1602 710 1678 gloriam.
739 1603 878 1679 Denique
891 1605 935 1664 ita
946 1620 996 1665 me
1009 1603 1042 1663 in
1054 1618 1089 1663 re

58 1684 184 1761 sublim
194 1686 339 1758 tractabo,
350 1692 384 1745 ut
394 1686 579 1747 meminerim
590 1700 713 1760 semper
725 1702 804 1760 quae
814 1687 963 1761 gesserim
971 1702 1089 1748 eurern·

59 1784 121 1844 oue
133 1776 172 1828 nt
184 1783 223 1827 ea
237 1766 357 1841 virtute,
371 1784 433 1827 oon
442 1784 519 1829 casu
531 1776 700 1843 gestaesse
710 1767 880 1830 videantur.
898 1772 975 1844 Vos,
992 1769 1088 1843 Qniri-

58 1856 121 1924 tes,
143 1848 292 1924 quoniam
306 1848 367 1908 iam
382 1859 519 1922 nonest,
539 1849 676 1910 venerati
689 1852 808 1923 Iovem,
823 1853 906 1913 illum
930 1855 1088 1914 custodem

57 1935 151 1995 buius
164 1929 248 1990 urbis
263 1946 299 1990 ac
314 1939 456 2005 vestrum,
472 1932 503 1992 in
514 1942 617 1994 vestra
627 1941 705 1993 tecta
717 1932 866 1995 discedite
876 1944 908 1996 et
920 1951 966 2008 ea,
983 1951 1088 2011 quam·

57 2032 152 2094 qum
168 2013 228 2073 iam
249 2022 298 2075 est
314 2014 483 2090 pericnlum
498 2017 674 2092 depulsum,
702 2024 801 2077 amen
819 2034 919 2093 aeque
935 2019 1089 2094 aspriora

56 2108 150 2161 noete
157 2096 307 2159 custodiis
316 2097 488 2175 vigiliisque
495 2099 658 2162 defendite.
666 2099 700 2159 ld
708 2114 746 2160 ne
760 2101 847 2163 vobis
855 2100 967 2163 diutius
975 2102 1088 2164 lacien-

57 2184 130 2245 dum
152 2181 193 2241 sil
210 2189 302 2258 atque
322 2182 401 2243 utin
416 2194 566 2261 perpetua
586 2201 664 2260 pace
678 2199 750 2245 esse
761 2184 892 2259 possitis
907 2186 1087 2260 providebo-

484 2394 667 2407 Μ

254 2550 298 2632 ll.
340 2550 545 2632 TULLII
588 2548 902 2635 CICERONIS

144 2675 193 2770 ΙΝ
222 2679 265 2777 l.
297 2677 558 2773 cnllllNlll
590 2677 771 2773 abillo
804 2680 1000 2784 ablani

362 2824 510 2906 fllblll
538 2824 780 2909 insimili.
826 2899 832 2907 .
988 2886 991 2892 -

493 2992 643 3003 ——ffl—

399 3110 734 3172 ARGUMENTUM.

123 3218 207 3283 Quum
226 3218 261 3273 ll.
279 3218 365 3274 Cicero
387 3224 475 3275 consul
484 3224 562 3276 Nouis
576 3226 757 3278 Decembribus
775 3233 889 3276 senatum
904 3227 931 3277 in
946 3228 1009 3280 sede
1020 3227 1085 3278 loris

51 3288 160 3341 Statoris
178 3288 336 3358 consuleret,
361 3293 470 3356 quidde
491 3295 527 3345 iis
546 3295 728 3346 coniurationis
750 3292 913 3346 catilinarise
936 3299 1012 3348 sociis
1032 3293 1086 3343 deri

50 3359 183 3424 plseeret,
204 3359 248 3421 qul
268 3361 296 3408 in
309 3362 451 3412 custodiam
466 3360 553 3413 traditi
576 3373 675 3428 essent,
700 3364 797 3414 lectum
811 3372 863 3426 est,
881 3366 994 3415 ntduas
1005 3362 1086 3427 potis·

51 3428 146 3479 siuun
172 3427 313 3481 nemetim
332 3439 549 3495 emendarentur,
569 3446 621 3483 uns
648 3433 681 3485 D.
706 3431 926 3485 nutrimentum
947 3429 1085 3495 assignati.
