2340 3788
100 178 163 245 lut
348 177 387 235 IN
400 176 434 236 L.
451 168 659 236 CATILINAM
673 172 814 235 ORATIO
827 174 880 262 Ν.

99 347 167 393 rum
181 326 314 388 hostium
329 341 454 387 numero
471 325 630 397 habendos
650 328 733 399 puto.
777 322 1001 397 cretensem,
1024 324 1056 386 di
1074 325 1129 388 im-

99 412 259 473 mortales!
286 425 347 485 qua
363 407 545 482 frequentia,
569 419 630 483 quo
650 405 767 479 studio,
789 424 849 481 qua
866 406 975 468 virtute
992 408 1032 467 ad
1047 425 1132 471 com·

100 509 222 555 munem
242 494 368 553 salutem
390 489 626 565 dignitatemque
647 488 856 551 consentiunt!
899 488 978 564 Quid
995 506 1055 566 ego
1080 493 1131 556 hic

100 579 220 652 equites
234 576 390 635 Romanos
413 578 667 635 commemorem?
688 571 739 647 qui
756 571 844 632 vobis
859 569 901 632 ila
915 589 1065 650 summam
1081 592 1131 635 or·

74 713 82 719 .
100 660 179 719 dinis
201 657 380 733 consiliique
400 657 585 729 concedunt,
606 663 639 716 ut
655 654 814 733 vobiscum
833 655 873 715 de
886 672 991 716 amore
1006 658 1051 717 rei
1074 676 1131 734 pu·

99 741 198 802 olicae
209 748 338 802 certent:
355 756 434 815 quos
448 755 487 799 ex
499 741 659 799 multorum
670 753 817 799 annorum
832 737 1027 799 dissensione
1037 740 1131 802 huius

100 823 216 886 ordinis
237 825 277 884 ad
297 822 474 885 societatem
495 814 752 896 concordiamque
773 821 1130 885 revocatos-hodiernus

100 907 167 968 dies
183 906 343 968 vobiscum
368 913 459 986 atque
480 905 555 965 haec
579 918 674 963 causa
697 902 866 979 coniungin
893 921 985 979 quam
1007 905 1035 966 si
1056 923 1129 968 con-

100 990 299 1063 iunctionem,
316 989 347 1048 in
363 987 522 1048 consulatu
537 986 743 1046 confirmatam
756 1002 841 1060 meo,
856 995 1035 1062 perpetuam
1049 989 1079 1049 in
1093 1006 1130 1050 re

99 1075 222 1149 publica
240 1070 440 1141 tenuerimus,
463 1070 608 1129 confirmo
630 1068 718 1128 vobis
739 1071 853 1129 nullum
869 1070 999 1144 posthac
1016 1073 1128 1133 malum

100 1155 189 1217 civile
203 1171 239 1214 cc
255 1151 454 1213 domesticum
470 1153 610 1212 adullam
623 1151 668 1211 rei
683 1150 822 1226 publicae
837 1159 954 1228 partem
968 1169 1040 1215 esse
1053 1170 1127 1215 ven-

99 1247 208 1298 turum.
238 1234 305 1294 Pari
322 1232 423 1295 studio
439 1235 649 1294 defendendae
662 1234 706 1294 rei
722 1236 863 1310 publicae
880 1236 1064 1297 convenisse
1082 1236 1127 1298 vi-

99 1321 159 1380 deo
181 1317 316 1378 tribunos
337 1316 487 1388 aerarios,
509 1315 692 1378 fortissimos
714 1317 812 1378 vir0s=
833 1319 949 1378 scribas
969 1319 1041 1379 item
1061 1319 1128 1381 uni·

99 1416 218 1472 versos,
236 1415 314 1474 quos
329 1415 423 1474 quum
439 1415 514 1459 casu
528 1399 576 1459 hic
592 1399 658 1460 dies
672 1400 712 1459 ad
728 1399 878 1461 aerarium
894 1402 1127 1475 frequentasset,

99 1482 189 1543 video
210 1483 249 1542 ab
270 1480 498 1556 exspectatione
520 1483 611 1543 sortis
635 1483 822 1544 adsalutem
847 1499 1034 1545 communem
1053 1500 1126 1545 esse

100 1581 278 1627 conversos.
318 1563 367 1643 ld.
389 1563 493 1624 Omnis
516 1565 715 1639 ingenuorum
734 1567 822 1626 adest
842 1565 1013 1639 multitudo,
1033 1566 1126 1627 etiam

98 1647 353 1710 tenuissimorum.
383 1646 456 1720 Quis
471 1656 519 1708 est
532 1647 611 1707 enim
624 1647 673 1707 cui
683 1664 744 1708 non
755 1648 831 1709 haec
842 1651 964 1724 templa,
980 1657 1125 1725 aspectus

99 1732 192 1803 urbis,
211 1731 371 1807 possessio
386 1730 542 1802 libertatis,
558 1732 612 1791 lux
622 1730 754 1806 denique
764 1731 841 1792 haec
852 1731 921 1807 ipsa
931 1731 1032 1794 ethoc
1042 1748 1125 1793 com-

98 1830 188 1877 mune
208 1814 323 1890 patriae
343 1815 442 1875 solum
464 1830 556 1888 quum
578 1813 617 1874 sit
637 1830 739 1873 carum
756 1823 910 1877 tumuere
930 1816 1020 1877 dulce
1034 1824 1127 1889 atque

97 1899 285 1960 iucundum?
325 1898 405 1957 Vlll.
433 1896 551 1972 Operae
573 1897 709 1973 precium
734 1905 796 1971 est,
823 1905 925 1972 patres
950 1897 1126 1973 conscripti,

97 1981 305 2043 libertinorum
324 1978 479 2057 hominum
503 1980 604 2041 studia
624 1995 825 2054 cognoscere,
851 1978 919 2054 qui,
939 1997 997 2041 sua
1018 1981 1128 2041 virtute

98 2066 249 2124 fortunam
273 2064 363 2123 huius
385 2061 514 2123 civitatis
535 2061 708 2134 consecuti,
733 2061 812 2122 hanc
832 2079 918 2123 suam
938 2063 1067 2139 patriam
1081 2063 1128 2124 iu·

97 2145 209 2219 dicant,
225 2163 315 2221 quam
331 2145 452 2220 quidam
466 2147 514 2205 hic
528 2145 590 2205 nati
602 2153 632 2205 et
642 2160 760 2205 summo
772 2145 841 2206 loco
853 2145 915 2206 nati
925 2163 986 2206 non
999 2146 1128 2220 patriam

99 2243 200 2299 suam,
225 2229 282 2288 sed
299 2228 403 2288 urbem
418 2227 551 2288 hostium
566 2243 637 2287 esse
651 2224 870 2289 iudicaverunt.
899 2227 962 2289 Sed
976 2231 1049 2304 quid
1067 2245 1130 2304 ego

98 2311 196 2370 hosce
210 2309 348 2370 homines
365 2310 551 2386 ordinesque
566 2326 785 2383 commemoro,
800 2328 890 2385 quos
911 2310 1048 2386 privatae
1063 2314 1126 2371 lor-

97 2402 198 2464 tunae‚
212 2405 297 2467 ‘quos
310 2393 479 2454 communis
491 2409 542 2453 res
557 2392 688 2467 publica,
706 2410 785 2467 quos
799 2393 1069 2468 deniquelibertas,
1086 2411 1126 2454 ea

99 2492 179 2551 quae
201 2469 378 2537 dulcissima
397 2486 459 2556 est,
488 2477 674 2536 adsalutem
697 2475 811 2551 patriae
830 2477 1052 2538 defendendam
1069 2493 1125 2536 ex-

99 2556 223 2627 citavit?
249 2557 369 2618 Servus·
379 2569 426 2620 est
439 2576 528 2619 nemo
546 2558 598 2633 qui
617 2559 709 2619 modo
725 2559 872 2620 tolerabili
888 2559 1068 2628 condicione
1085 2559 1129 2620 sit

99 2641 268 2716 servitutis,
291 2640 421 2716 quinon
441 2642 598 2703 audaciam
620 2641 730 2704 civium
745 2643 972 2717 perhorrescat,
995 2642 1127 2718 quinon

99 2728 175 2787 haec
191 2734 272 2787 stare
288 2725 396 2800 cupiat,
415 2725 541 2800 quinon
555 2733 699 2800 quantum
714 2726 806 2786 audet
819 2733 849 2786 et
864 2735 1008 2801 quantum
1024 2734 1130 2801 potest

100 2811 236 2871 conserat
250 2809 290 2870 ad
306 2809 434 2869 salutem
448 2808 620 2870 voluntatis.
649 2806 699 2870 17.
718 2809 830 2882 Quare
845 2808 872 2870 si
887 2825 977 2884 quem
992 2817 1127 2869 vestrum

99 2893 176 2951 lorte
192 2901 362 2978 commovet
374 2892 448 2966 hoc,
471 2893 556 2966 quod
572 2891 707 2954 auditum
722 2900 783 2966 est,
803 2894 943 2953 lenonem
962 2892 1128 2967 quemdam

98 2973 216 3035 Lentuli
237 2992 421 3038 concursare
444 2975 556 3036 circum
581 2976 738 3049 tabernae,
765 2975 868 3051 precio
894 2991 1020 3051 sperare
1043 2975 1127 3035 solli-

100 3053 184 3115 citari
198 3073 292 3130 posse
307 3059 425 3121 animos
440 3059 593 3135 egentium
607 3066 698 3134 atque
714 3057 934 3134 imperitorum,
952 3058 1045 3118 estid
1060 3057 1128 3131 qui·

99 3139 170 3198 dem
187 3147 327 3213 coeptum
347 3151 438 3219 atque
458 3151 650 3217 temptatum,
672 3142 729 3202 sed
748 3141 821 3202 nulli
842 3149 912 3202 sunt
931 3139 1046 3200 inventi
1065 3149 1130 3201 tam

100 3230 152 3282 aut
166 3221 285 3283 fortuna
298 3223 400 3284 miseri
414 3234 466 3287 aut
480 3227 634 3285 voluntate
650 3223 759 3299 perditi
776 3222 827 3300 qui
842 3241 902 3284 non
923 3223 1006 3285 illum
1023 3222 1128 3298 ipsum

101 3306 194 3364 sellae
211 3312 303 3377 atque
318 3307 420 3380 operis
435 3317 465 3370 et
480 3317 625 3384 quaestus
640 3306 783 3368 cotidiani
797 3308 912 3381 locum,
928 3306 980 3382 qui
996 3323 1058 3367 non
1074 3323 1127 3367 cu·

98 3387 161 3448 bile
172 3403 208 3450 ac
220 3388 362 3449 lectulum
373 3405 470 3465 suum,
483 3391 536 3466 qui
547 3392 678 3468 denique
689 3405 750 3450 non
763 3406 883 3452 cursum
893 3391 974 3451 hunc
987 3389 1129 3451 ociosum
