<?xml version="1.0" encoding="UTF-8"?>
<!DOCTYPE html PUBLIC "-//W3C//DTD XHTML 1.0 Transitional//EN"
    "http://www.w3.org/TR/xhtml1/DTD/xhtml1-transitional.dtd">
<html xmlns="http://www.w3.org/1999/xhtml" xml:lang="en" lang="en">
 <head>
  <title>
</title>
<meta http-equiv="Content-Type" content="text/html;charset=utf-8" />
  <meta name='ocr-system' content='tesseract 3.04.00' />
  <meta name='ocr-capabilities' content='ocr_page ocr_carea ocr_par ocr_line ocrx_word'/>
</head>
<body>
  <div class='ocr_page' id='page_1' title='image "./orationesselect01cicegoog/orationesselect01cicegoog_0148.png"; bbox 0 0 2340 3788; ppageno 0'>
   <div class='ocr_carea' id='block_1_1' title="bbox 393 172 1112 253">
    <p class='ocr_par' dir='ltr' id='par_1_1' title="bbox 393 172 1112 253">
     <span class='ocr_line' id='line_1_1' title="bbox 393 172 1112 253; baseline 0.017 -21"><span class='ocrx_word' id='word_1_1' title='bbox 393 172 619 253; x_wconf 72' lang='lat' dir='ltr'>cnP.1e-1r.</span> <span class='ocrx_word' id='word_1_2' title='bbox 641 180 666 240; x_wconf 77' lang='lat' dir='ltr'>s.</span> <span class='ocrx_word' id='word_1_3' title='bbox 680 183 812 239; x_wconf 74' lang='lat' dir='ltr'>te-er.</span> <span class='ocrx_word' id='word_1_4' title='bbox 1051 176 1112 244; x_wconf 84' lang='lat'>115</span> 
     </span>
    </p>
   </div>
   <div class='ocr_carea' id='block_1_2' title="bbox 72 282 1115 3470">
    <p class='ocr_par' dir='ltr' id='par_1_2' title="bbox 85 282 1115 1478">
     <span class='ocr_line' id='line_1_2' title="bbox 935 282 1052 305; baseline 0 -13"><span class='ocrx_word' id='word_1_5' title='bbox 935 282 941 305; x_wconf 72' lang='lat'>,</span> <span class='ocrx_word' id='word_1_6' title='bbox 1047 283 1052 292; x_wconf 94' lang='lat'><em>.</em></span> 
     </span>
     <span class='ocr_line' id='line_1_3' title="bbox 88 321 1115 403; baseline 0.01 -21"><span class='ocrx_word' id='word_1_7' title='bbox 88 325 128 382; x_wconf 91' lang='lat' dir='ltr'>de</span> <span class='ocrx_word' id='word_1_8' title='bbox 144 338 208 397; x_wconf 86' lang='lat' dir='ltr'>quo</span> <span class='ocrx_word' id='word_1_9' title='bbox 222 338 302 383; x_wconf 89' lang='lat' dir='ltr'>nune</span> <span class='ocrx_word' id='word_1_10' title='bbox 317 321 450 398; x_wconf 80' lang='lat' dir='ltr'><strong>agimus,</strong></span> <span class='ocrx_word' id='word_1_11' title='bbox 471 323 528 382; x_wconf 90' lang='lat' dir='ltr'>lrac</span> <span class='ocrx_word' id='word_1_12' title='bbox 545 332 611 383; x_wconf 90' lang='lat' dir='ltr'>utar</span> <span class='ocrx_word' id='word_1_13' title='bbox 626 324 832 387; x_wconf 76' lang='lat' dir='ltr'>moderatione</span> <span class='ocrx_word' id='word_1_14' title='bbox 847 327 981 403; x_wconf 91' lang='lat' dir='ltr'>dicendi,</span> <span class='ocrx_word' id='word_1_15' title='bbox 1005 346 1064 391; x_wconf 88' lang='lat' dir='ltr'>noo</span> <span class='ocrx_word' id='word_1_16' title='bbox 1083 339 1115 392; x_wconf 90' lang='lat' dir='ltr'>ut</span> 
     </span>
     <span class='ocr_line' id='line_1_4' title="bbox 87 403 1113 490; baseline 0.009 -24"><span class='ocrx_word' id='word_1_17' title='bbox 87 407 117 466; x_wconf 93' lang='lat' dir='ltr'>in</span> <span class='ocrx_word' id='word_1_18' title='bbox 134 403 215 464; x_wconf 88' lang='lat' dir='ltr'>illius</span> <span class='ocrx_word' id='word_1_19' title='bbox 231 407 546 480; x_wconf 78' lang='lat' dir='ltr'>potestate-fortunam</span> <span class='ocrx_word' id='word_1_20' title='bbox 561 405 691 481; x_wconf 90' lang='lat' dir='ltr'>positam</span> <span class='ocrx_word' id='word_1_21' title='bbox 702 424 773 468; x_wconf 90' lang='lat' dir='ltr'>csse</span> <span class='ocrx_word' id='word_1_22' title='bbox 786 410 892 485; x_wconf 87' lang='lat' dir='ltr'>dicam,</span> <span class='ocrx_word' id='word_1_23' title='bbox 909 416 964 474; x_wconf 89' lang='lat' dir='ltr'>sed</span> <span class='ocrx_word' id='word_1_24' title='bbox 979 423 1012 475; x_wconf 92' lang='lat' dir='ltr'>ut</span> <span class='ocrx_word' id='word_1_25' title='bbox 1027 425 1113 490; x_wconf 87' lang='lat' dir='ltr'>prae·</span> 
     </span>
     <span class='ocr_line' id='line_1_5' title="bbox 89 487 1113 567; baseline 0.005 -18"><span class='ocrx_word' id='word_1_26' title='bbox 89 488 176 549; x_wconf 84' lang='lat' dir='ltr'>terite</span> <span class='ocrx_word' id='word_1_27' title='bbox 195 487 386 563; x_wconf 82' lang='lat' dir='ltr'>meminisse,</span> <span class='ocrx_word' id='word_1_28' title='bbox 407 489 525 564; x_wconf 90' lang='lat' dir='ltr'>reliqua</span> <span class='ocrx_word' id='word_1_29' title='bbox 547 505 671 563; x_wconf 88' lang='lat' dir='ltr'>sperare</span> <span class='ocrx_word' id='word_1_30' title='bbox 693 488 860 567; x_wconf 86' lang='lat' dir='ltr'>videamur,</span> <span class='ocrx_word' id='word_1_31' title='bbox 884 512 922 556; x_wconf 89' lang='lat' dir='ltr'>ne</span> <span class='ocrx_word' id='word_1_32' title='bbox 941 506 992 558; x_wconf 90' lang='lat' dir='ltr'>aut</span> <span class='ocrx_word' id='word_1_33' title='bbox 1013 497 1113 559; x_wconf 83' lang='lat' dir='ltr'>invisa</span> 
     </span>
     <span class='ocr_line' id='line_1_6' title="bbox 88 571 1112 646; baseline 0.01 -15"><span class='ocrx_word' id='word_1_34' title='bbox 88 572 135 631; x_wconf 92' lang='lat' dir='ltr'>dis</span> <span class='ocrx_word' id='word_1_35' title='bbox 161 571 380 632; x_wconf 77' lang='lat' dir='ltr'><strong>immortalibus</strong></span> <span class='ocrx_word' id='word_1_36' title='bbox 405 572 501 632; x_wconf 86' lang='lat' dir='ltr'>oratio</span> <span class='ocrx_word' id='word_1_37' title='bbox 528 580 641 632; x_wconf 79' lang='lat' dir='ltr'>nostra</span> <span class='ocrx_word' id='word_1_38' title='bbox 658 581 710 633; x_wconf 90' lang='lat' dir='ltr'>aut</span> <span class='ocrx_word' id='word_1_39' title='bbox 734 572 847 646; x_wconf 82' lang='lat' dir='ltr'>ingrata</span> <span class='ocrx_word' id='word_1_40' title='bbox 870 593 939 638; x_wconf 91' lang='lat' dir='ltr'>esse</span> <span class='ocrx_word' id='word_1_41' title='bbox 964 580 1112 641; x_wconf 87' lang='lat' dir='ltr'>videatur.</span> 
     </span>
     <span class='ocr_line' id='line_1_7' title="bbox 87 653 1112 729; baseline 0.007 -14"><span class='ocrx_word' id='word_1_42' title='bbox 87 653 137 715; x_wconf 86' lang='grc'>48.</span> <span class='ocrx_word' id='word_1_43' title='bbox 160 655 266 729; x_wconf 87' lang='lat' dir='ltr'>ltaque</span> <span class='ocrx_word' id='word_1_44' title='bbox 280 670 342 715; x_wconf 91' lang='lat' dir='ltr'>non</span> <span class='ocrx_word' id='word_1_45' title='bbox 357 671 425 715; x_wconf 89' lang='lat' dir='ltr'>sum</span> <span class='ocrx_word' id='word_1_46' title='bbox 442 655 670 729; x_wconf 77' lang='lat' dir='ltr'>praedicaturus</span> <span class='ocrx_word' id='word_1_47' title='bbox 687 662 816 729; x_wconf 86' lang='lat' dir='ltr'>quantas</span> <span class='ocrx_word' id='word_1_48' title='bbox 830 655 880 716; x_wconf 93' lang='lat' dir='ltr'>ille</span> <span class='ocrx_word' id='word_1_49' title='bbox 893 676 926 718; x_wconf 91' lang='lat' dir='ltr'>re</span> <span class='ocrx_word' id='word_1_50' title='bbox 941 661 1022 722; x_wconf 89' lang='lat' dir='ltr'>domi</span> <span class='ocrx_word' id='word_1_51' title='bbox 1036 663 1112 725; x_wconf 90' lang='lat' dir='ltr'>mili-</span> 
     </span>
     <span class='ocr_line' id='line_1_8' title="bbox 89 737 1111 813; baseline 0.011 -16"><span class='ocrx_word' id='word_1_52' title='bbox 89 738 160 811; x_wconf 85' lang='lat' dir='ltr'>tiae,</span> <span class='ocrx_word' id='word_1_53' title='bbox 190 744 269 796; x_wconf 88' lang='lat' dir='ltr'>terra</span> <span class='ocrx_word' id='word_1_54' title='bbox 290 738 442 813; x_wconf 86' lang='lat' dir='ltr'>marique,</span> <span class='ocrx_word' id='word_1_55' title='bbox 469 746 642 813; x_wconf 84' lang='lat' dir='ltr'>quantaque</span> <span class='ocrx_word' id='word_1_56' title='bbox 661 737 803 798; x_wconf 82' lang='lat' dir='ltr'>felicitate</span> <span class='ocrx_word' id='word_1_57' title='bbox 825 741 966 813; x_wconf 80' lang='lat' dir='ltr'><strong>gesserit,</strong></span> <span class='ocrx_word' id='word_1_58' title='bbox 992 747 1111 807; x_wconf 83' lang='lat' dir='ltr'>ateius</span> 
     </span>
     <span class='ocr_line' id='line_1_9' title="bbox 88 821 1111 896; baseline 0.008 -16"><span class='ocrx_word' id='word_1_59' title='bbox 88 834 210 895; x_wconf 90' lang='lat' dir='ltr'>semper</span> <span class='ocrx_word' id='word_1_60' title='bbox 224 821 431 881; x_wconf 89' lang='lat' dir='ltr'>voluntatibus</span> <span class='ocrx_word' id='word_1_61' title='bbox 447 837 507 881; x_wconf 92' lang='lat' dir='ltr'>non</span> <span class='ocrx_word' id='word_1_62' title='bbox 523 821 614 881; x_wconf 92' lang='lat' dir='ltr'>modo</span> <span class='ocrx_word' id='word_1_63' title='bbox 638 822 721 881; x_wconf 86' lang='lat' dir='ltr'>cives</span> <span class='ocrx_word' id='word_1_64' title='bbox 738 821 945 896; x_wconf 89' lang='lat' dir='ltr'>adsenserint,</span> <span class='ocrx_word' id='word_1_65' title='bbox 966 826 1041 884; x_wconf 89' lang='lat' dir='ltr'>socii</span> <span class='ocrx_word' id='word_1_66' title='bbox 1058 830 1111 888; x_wconf 92' lang='lat' dir='ltr'>ob-</span> 
     </span>
     <span class='ocr_line' id='line_1_10' title="bbox 89 902 1112 980; baseline 0.005 -16"><span class='ocrx_word' id='word_1_67' title='bbox 89 902 295 978; x_wconf 75' lang='lat' dir='ltr'>temperarint,</span> <span class='ocrx_word' id='word_1_68' title='bbox 311 904 417 964; x_wconf 89' lang='lat' dir='ltr'>hostes</span> <span class='ocrx_word' id='word_1_69' title='bbox 432 902 615 977; x_wconf 84' lang='lat' dir='ltr'>obedierint,</span> <span class='ocrx_word' id='word_1_70' title='bbox 630 906 686 964; x_wconf 91' lang='lat' dir='ltr'>sed</span> <span class='ocrx_word' id='word_1_71' title='bbox 702 905 790 965; x_wconf 89' lang='lat' dir='ltr'>etiam</span> <span class='ocrx_word' id='word_1_72' title='bbox 807 902 890 965; x_wconf 91' lang='lat' dir='ltr'>venti</span> <span class='ocrx_word' id='word_1_73' title='bbox 904 913 1112 980; x_wconf 83' lang='lat' dir='ltr'>tempestates-</span> 
     </span>
     <span class='ocr_line' id='line_1_11' title="bbox 88 985 1112 1064; baseline 0.004 -17"><span class='ocrx_word' id='word_1_74' title='bbox 88 1003 147 1062; x_wconf 91' lang='lat' dir='ltr'>que</span> <span class='ocrx_word' id='word_1_75' title='bbox 159 985 411 1046; x_wconf 76' lang='lat' dir='ltr'>obsecundantur:</span> <span class='ocrx_word' id='word_1_76' title='bbox 427 985 486 1046; x_wconf 89' lang='lat' dir='ltr'>hoe</span> <span class='ocrx_word' id='word_1_77' title='bbox 497 986 677 1048; x_wconf 90' lang='lat' dir='ltr'>brevissime</span> <span class='ocrx_word' id='word_1_78' title='bbox 689 987 796 1060; x_wconf 87' lang='lat' dir='ltr'>dicam,</span> <span class='ocrx_word' id='word_1_79' title='bbox 810 987 960 1048; x_wconf 92' lang='lat' dir='ltr'>neminem</span> <span class='ocrx_word' id='word_1_80' title='bbox 969 999 1112 1064; x_wconf 84' lang='lat' dir='ltr'>umquam</span> 
     </span>
     <span class='ocr_line' id='line_1_12' title="bbox 87 1067 1112 1144; baseline 0.003 -14"><span class='ocrx_word' id='word_1_81' title='bbox 87 1079 145 1130; x_wconf 85' lang='lat' dir='ltr'>tam</span> <span class='ocrx_word' id='word_1_82' title='bbox 159 1069 368 1144; x_wconf 90' lang='lat' dir='ltr'>impudentem</span> <span class='ocrx_word' id='word_1_83' title='bbox 383 1067 487 1140; x_wconf 89' lang='lat' dir='ltr'>luisse,</span> <span class='ocrx_word' id='word_1_84' title='bbox 506 1069 557 1144; x_wconf 87' lang='lat' dir='ltr'>qui</span> <span class='ocrx_word' id='word_1_85' title='bbox 571 1070 609 1129; x_wconf 90' lang='lat' dir='ltr'>ab</span> <span class='ocrx_word' id='word_1_86' title='bbox 620 1072 667 1130; x_wconf 93' lang='lat' dir='ltr'>dis</span> <span class='ocrx_word' id='word_1_87' title='bbox 678 1069 896 1132; x_wconf 79' lang='lat' dir='ltr'>immortalibus</span> <span class='ocrx_word' id='word_1_88' title='bbox 909 1078 953 1131; x_wconf 91' lang='lat' dir='ltr'>tot</span> <span class='ocrx_word' id='word_1_89' title='bbox 969 1079 999 1130; x_wconf 90' lang='lat' dir='ltr'>et</span> <span class='ocrx_word' id='word_1_90' title='bbox 1014 1079 1112 1133; x_wconf 87' lang='lat' dir='ltr'>tantas</span> 
     </span>
     <span class='ocr_line' id='line_1_13' title="bbox 85 1152 1113 1228; baseline 0.003 -17"><span class='ocrx_word' id='word_1_91' title='bbox 85 1169 135 1213; x_wconf 86' lang='lat' dir='ltr'>res</span> <span class='ocrx_word' id='word_1_92' title='bbox 150 1153 260 1213; x_wconf 82' lang='lat' dir='ltr'>mcitns</span> <span class='ocrx_word' id='word_1_93' title='bbox 275 1152 400 1212; x_wconf 84' lang='lat' dir='ltr'>auderet</span> <span class='ocrx_word' id='word_1_94' title='bbox 417 1160 532 1227; x_wconf 89' lang='lat' dir='ltr'>optare,</span> <span class='ocrx_word' id='word_1_95' title='bbox 548 1162 622 1228; x_wconf 91' lang='lat' dir='ltr'>quot</span> <span class='ocrx_word' id='word_1_96' title='bbox 638 1162 668 1213; x_wconf 88' lang='lat' dir='ltr'>et</span> <span class='ocrx_word' id='word_1_97' title='bbox 683 1161 812 1228; x_wconf 88' lang='lat' dir='ltr'>quantas</span> <span class='ocrx_word' id='word_1_98' title='bbox 827 1155 857 1214; x_wconf 92' lang='lat' dir='ltr'>di</span> <span class='ocrx_word' id='word_1_99' title='bbox 872 1154 1056 1215; x_wconf 86' lang='lat' dir='ltr'>immortales</span> <span class='ocrx_word' id='word_1_100' title='bbox 1073 1156 1113 1214; x_wconf 87' lang='lat' dir='ltr'>ad</span> 
     </span>
     <span class='ocr_line' id='line_1_14' title="bbox 87 1235 1113 1312; baseline 0.001 -17"><span class='ocrx_word' id='word_1_101' title='bbox 87 1237 137 1295; x_wconf 80' lang='lat' dir='ltr'>Cn.</span> <span class='ocrx_word' id='word_1_102' title='bbox 152 1235 330 1310; x_wconf 85' lang='lat' dir='ltr'>Pompeium</span> <span class='ocrx_word' id='word_1_103' title='bbox 346 1235 524 1297; x_wconf 86' lang='lat' dir='ltr'>detulerunt.</span> <span class='ocrx_word' id='word_1_104' title='bbox 562 1236 649 1309; x_wconf 91' lang='lat' dir='ltr'>Quod</span> <span class='ocrx_word' id='word_1_105' title='bbox 671 1245 703 1296; x_wconf 88' lang='lat' dir='ltr'>ut</span> <span class='ocrx_word' id='word_1_106' title='bbox 722 1237 763 1295; x_wconf 93' lang='lat' dir='ltr'>illi</span> <span class='ocrx_word' id='word_1_107' title='bbox 780 1237 937 1312; x_wconf 92' lang='lat' dir='ltr'>proprium</span> <span class='ocrx_word' id='word_1_108' title='bbox 952 1253 987 1296; x_wconf 86' lang='lat' dir='ltr'>ac</span> <span class='ocrx_word' id='word_1_109' title='bbox 1001 1252 1113 1312; x_wconf 90' lang='lat' dir='ltr'>perpe-</span> 
     </span>
     <span class='ocr_line' id='line_1_15' title="bbox 86 1317 1113 1395; baseline 0.002 -17"><span class='ocrx_word' id='word_1_110' title='bbox 86 1329 167 1380; x_wconf 86' lang='lat' dir='ltr'>tuum</span> <span class='ocrx_word' id='word_1_111' title='bbox 180 1317 228 1390; x_wconf 88' lang='lat' dir='ltr'>sit,</span> <span class='ocrx_word' id='word_1_112' title='bbox 247 1317 385 1392; x_wconf 83' lang='lat' dir='ltr'>Quirites,</span> <span class='ocrx_word' id='word_1_113' title='bbox 404 1319 678 1393; x_wconf 82' lang='lat' dir='ltr'>quumcommunis</span> <span class='ocrx_word' id='word_1_114' title='bbox 695 1319 800 1380; x_wconf 88' lang='lat' dir='ltr'>salutis</span> <span class='ocrx_word' id='word_1_115' title='bbox 813 1328 904 1395; x_wconf 88' lang='lat' dir='ltr'>atque</span> <span class='ocrx_word' id='word_1_116' title='bbox 916 1319 1035 1394; x_wconf 90' lang='lat' dir='ltr'>imperii</span> <span class='ocrx_word' id='word_1_117' title='bbox 1049 1328 1113 1380; x_wconf 90' lang='lat' dir='ltr'>tum</span> 
     </span>
     <span class='ocr_line' id='line_1_16' title="bbox 85 1401 1091 1478; baseline -0.001 -17"><span class='ocrx_word' id='word_1_118' title='bbox 85 1403 182 1478; x_wconf 85' lang='lat' dir='ltr'>ipsius</span> <span class='ocrx_word' id='word_1_119' title='bbox 198 1401 329 1461; x_wconf 89' lang='lat' dir='ltr'>hominis</span> <span class='ocrx_word' id='word_1_120' title='bbox 345 1417 447 1476; x_wconf 87' lang='lat' dir='ltr'>eausa,</span> <span class='ocrx_word' id='word_1_121' title='bbox 466 1402 555 1463; x_wconf 88' lang='lat' dir='ltr'>sicuti</span> <span class='ocrx_word' id='word_1_122' title='bbox 572 1401 678 1473; x_wconf 90' lang='lat' dir='ltr'>laeitis,</span> <span class='ocrx_word' id='word_1_123' title='bbox 697 1404 775 1462; x_wconf 90' lang='lat' dir='ltr'>velle</span> <span class='ocrx_word' id='word_1_124' title='bbox 791 1411 821 1463; x_wconf 88' lang='lat' dir='ltr'>et</span> <span class='ocrx_word' id='word_1_125' title='bbox 839 1411 945 1478; x_wconf 87' lang='lat' dir='ltr'>optare</span> <span class='ocrx_word' id='word_1_126' title='bbox 963 1402 1091 1463; x_wconf 89' lang='lat' dir='ltr'>debetis.</span> 
     </span>
    </p>

    <p class='ocr_par' dir='ltr' id='par_1_3' title="bbox 80 1481 1111 2791">
     <span class='ocr_line' id='line_1_17' title="bbox 166 1481 1111 1560; baseline 0.001 -16"><span class='ocrx_word' id='word_1_127' title='bbox 166 1481 219 1544; x_wconf 80' lang='lat'>49.</span> <span class='ocrx_word' id='word_1_128' title='bbox 244 1483 342 1558; x_wconf 83' lang='lat' dir='ltr'>Quare</span> <span class='ocrx_word' id='word_1_129' title='bbox 362 1502 455 1560; x_wconf 90' lang='lat' dir='ltr'>quum</span> <span class='ocrx_word' id='word_1_130' title='bbox 476 1494 506 1547; x_wconf 90' lang='lat' dir='ltr'>et</span> <span class='ocrx_word' id='word_1_131' title='bbox 521 1486 633 1546; x_wconf 90' lang='lat' dir='ltr'>bellum</span> <span class='ocrx_word' id='word_1_132' title='bbox 654 1487 692 1546; x_wconf 93' lang='lat' dir='ltr'>sit</span> <span class='ocrx_word' id='word_1_133' title='bbox 708 1487 748 1546; x_wconf 87' lang='lat' dir='ltr'>ita</span> <span class='ocrx_word' id='word_1_134' title='bbox 763 1488 985 1558; x_wconf 87' lang='lat' dir='ltr'>necessarium,</span> <span class='ocrx_word' id='word_1_135' title='bbox 1006 1492 1040 1545; x_wconf 91' lang='lat' dir='ltr'>ut</span> <span class='ocrx_word' id='word_1_136' title='bbox 1059 1499 1111 1545; x_wconf 91' lang='lat' dir='ltr'>ne-</span> 
     </span>
     <span class='ocr_line' id='line_1_18' title="bbox 84 1567 1111 1645; baseline -0.002 -17"><span class='ocrx_word' id='word_1_137' title='bbox 84 1567 155 1645; x_wconf 79' lang='lat' dir='ltr'>gligi</span> <span class='ocrx_word' id='word_1_138' title='bbox 176 1583 237 1627; x_wconf 91' lang='lat' dir='ltr'>non</span> <span class='ocrx_word' id='word_1_139' title='bbox 261 1568 374 1643; x_wconf 92' lang='lat' dir='ltr'>possit,</span> <span class='ocrx_word' id='word_1_140' title='bbox 400 1570 441 1629; x_wconf 87' lang='lat' dir='ltr'>ita</span> <span class='ocrx_word' id='word_1_141' title='bbox 461 1585 617 1643; x_wconf 72' lang='lat' dir='ltr'>magnum,</span> <span class='ocrx_word' id='word_1_142' title='bbox 644 1576 678 1629; x_wconf 89' lang='lat' dir='ltr'>ut</span> <span class='ocrx_word' id='word_1_143' title='bbox 701 1570 929 1630; x_wconf 85' lang='lat' dir='ltr'>accuratissime</span> <span class='ocrx_word' id='word_1_144' title='bbox 954 1568 993 1628; x_wconf 94' lang='lat' dir='ltr'>sit</span> <span class='ocrx_word' id='word_1_145' title='bbox 1018 1568 1111 1627; x_wconf 90' lang='lat' dir='ltr'>admi·</span> 
     </span>
     <span class='ocr_line' id='line_1_19' title="bbox 84 1643 1111 1727; baseline -0.002 -16"><span class='ocrx_word' id='word_1_146' title='bbox 84 1651 287 1725; x_wconf 84' lang='lat' dir='ltr'>nistrandum,</span> <span class='ocrx_word' id='word_1_147' title='bbox 310 1662 449 1727; x_wconf 81' lang='lat' dir='ltr'>etquum</span> <span class='ocrx_word' id='word_1_148' title='bbox 464 1651 492 1711; x_wconf 92' lang='lat' dir='ltr'>ei</span> <span class='ocrx_word' id='word_1_149' title='bbox 508 1652 720 1725; x_wconf 87' lang='lat' dir='ltr'>imperatorem</span> <span class='ocrx_word' id='word_1_150' title='bbox 734 1643 900 1726; x_wconf 79' lang='lat' dir='ltr'>praeficere</span> <span class='ocrx_word' id='word_1_151' title='bbox 916 1648 1058 1726; x_wconf 90' lang='lat' dir='ltr'>possitis,</span> <span class='ocrx_word' id='word_1_152' title='bbox 1079 1648 1111 1709; x_wconf 94' lang='lat' dir='ltr'>in</span> 
     </span>
     <span class='ocr_line' id='line_1_20' title="bbox 85 1732 1110 1811; baseline -0.002 -16"><span class='ocrx_word' id='word_1_153' title='bbox 85 1751 145 1811; x_wconf 91' lang='lat' dir='ltr'>quo</span> <span class='ocrx_word' id='word_1_154' title='bbox 162 1733 202 1795; x_wconf 90' lang='lat' dir='ltr'>sit</span> <span class='ocrx_word' id='word_1_155' title='bbox 215 1733 326 1794; x_wconf 88' lang='lat' dir='ltr'>eximia</span> <span class='ocrx_word' id='word_1_156' title='bbox 339 1734 410 1793; x_wconf 91' lang='lat' dir='ltr'>belli</span> <span class='ocrx_word' id='word_1_157' title='bbox 425 1732 559 1800; x_wconf 88' lang='lat' dir='ltr'>scientia,</span> <span class='ocrx_word' id='word_1_158' title='bbox 577 1733 739 1807; x_wconf 82' lang='lat' dir='ltr'>singularis</span> <span class='ocrx_word' id='word_1_159' title='bbox 754 1735 857 1807; x_wconf 90' lang='lat' dir='ltr'>virtus,</span> <span class='ocrx_word' id='word_1_160' title='bbox 874 1733 1043 1794; x_wconf 89' lang='lat' dir='ltr'>clarissima</span> <span class='ocrx_word' id='word_1_161' title='bbox 1057 1748 1110 1793; x_wconf 89' lang='lat' dir='ltr'>au·</span> 
     </span>
     <span class='ocr_line' id='line_1_21' title="bbox 84 1815 1110 1891; baseline -0.004 -12"><span class='ocrx_word' id='word_1_162' title='bbox 84 1817 218 1888; x_wconf 72' lang='lat' dir='ltr'>meritas,</span> <span class='ocrx_word' id='word_1_163' title='bbox 240 1815 362 1890; x_wconf 81' lang='lat' dir='ltr'>egregia</span> <span class='ocrx_word' id='word_1_164' title='bbox 378 1816 506 1885; x_wconf 71' lang='lat' dir='ltr'>lortuna</span> <span class='ocrx_word' id='word_1_165' title='bbox 526 1815 707 1887; x_wconf 90' lang='lat' dir='ltr'>dubitabitis,</span> <span class='ocrx_word' id='word_1_166' title='bbox 730 1817 869 1890; x_wconf 77' lang='lat' dir='ltr'>Quirites,</span> <span class='ocrx_word' id='word_1_167' title='bbox 885 1817 956 1891; x_wconf 90' lang='lat' dir='ltr'>quin</span> <span class='ocrx_word' id='word_1_168' title='bbox 971 1816 1031 1875; x_wconf 91' lang='lat' dir='ltr'>hoc</span> <span class='ocrx_word' id='word_1_169' title='bbox 1046 1824 1110 1876; x_wconf 86' lang='lat' dir='ltr'>larr-</span> 
     </span>
     <span class='ocr_line' id='line_1_22' title="bbox 82 1896 1110 1972; baseline -0.003 -10"><span class='ocrx_word' id='word_1_170' title='bbox 82 1910 144 1962; x_wconf 89' lang='lat' dir='ltr'>tum</span> <span class='ocrx_word' id='word_1_171' title='bbox 159 1897 244 1969; x_wconf 92' lang='lat' dir='ltr'>boni,</span> <span class='ocrx_word' id='word_1_172' title='bbox 262 1897 346 1972; x_wconf 92' lang='lat' dir='ltr'>quod</span> <span class='ocrx_word' id='word_1_173' title='bbox 361 1896 450 1956; x_wconf 89' lang='lat' dir='ltr'>vobis</span> <span class='ocrx_word' id='word_1_174' title='bbox 465 1896 503 1955; x_wconf 88' lang='lat' dir='ltr'>ab</span> <span class='ocrx_word' id='word_1_175' title='bbox 518 1897 566 1956; x_wconf 90' lang='lat' dir='ltr'>dis</span> <span class='ocrx_word' id='word_1_176' title='bbox 584 1896 799 1958; x_wconf 90' lang='lat' dir='ltr'>immortalibus</span> <span class='ocrx_word' id='word_1_177' title='bbox 815 1898 948 1959; x_wconf 87' lang='lat' dir='ltr'>oblatum</span> <span class='ocrx_word' id='word_1_178' title='bbox 963 1906 993 1958; x_wconf 90' lang='lat' dir='ltr'>et</span> <span class='ocrx_word' id='word_1_179' title='bbox 1008 1898 1110 1965; x_wconf 88' lang='lat' dir='ltr'>datum</span> 
     </span>
     <span class='ocr_line' id='line_1_23' title="bbox 83 1978 1110 2057; baseline 0 -18"><span class='ocrx_word' id='word_1_180' title='bbox 83 1994 136 2057; x_wconf 82' lang='lat' dir='ltr'>est,</span> <span class='ocrx_word' id='word_1_181' title='bbox 149 1981 181 2039; x_wconf 92' lang='lat' dir='ltr'>in</span> <span class='ocrx_word' id='word_1_182' title='bbox 193 1995 257 2038; x_wconf 93' lang='lat' dir='ltr'>rem</span> <span class='ocrx_word' id='word_1_183' title='bbox 270 1978 421 2054; x_wconf 87' lang='lat' dir='ltr'>publicam</span> <span class='ocrx_word' id='word_1_184' title='bbox 433 1979 675 2049; x_wconf 84' lang='lat' dir='ltr'>conservandam</span> <span class='ocrx_word' id='word_1_185' title='bbox 685 1988 777 2055; x_wconf 86' lang='lat' dir='ltr'>atque</span> <span class='ocrx_word' id='word_1_186' title='bbox 788 1980 1030 2055; x_wconf 84' lang='lat' dir='ltr'>amplificandam</span> <span class='ocrx_word' id='word_1_187' title='bbox 1038 1996 1110 2041; x_wconf 84' lang='lat' dir='ltr'>eon-</span> 
     </span>
     <span class='ocr_line' id='line_1_24' title="bbox 82 2061 1109 2139; baseline -0.002 -13"><span class='ocrx_word' id='word_1_188' title='bbox 82 2064 209 2129; x_wconf 81' lang='lat' dir='ltr'>teratist</span> <span class='ocrx_word' id='word_1_189' title='bbox 250 2063 343 2123; x_wconf 93' lang='lat' dir='ltr'>XVll.</span> <span class='ocrx_word' id='word_1_190' title='bbox 364 2061 415 2124; x_wconf 81' lang='lat'>50.</span> <span class='ocrx_word' id='word_1_191' title='bbox 438 2063 525 2136; x_wconf 92' lang='lat' dir='ltr'>Quod</span> <span class='ocrx_word' id='word_1_192' title='bbox 543 2062 569 2123; x_wconf 90' lang='lat' dir='ltr'>si</span> <span class='ocrx_word' id='word_1_193' title='bbox 585 2064 701 2124; x_wconf 87' lang='lat' dir='ltr'>Romae</span> <span class='ocrx_word' id='word_1_194' title='bbox 719 2063 770 2122; x_wconf 87' lang='lat' dir='ltr'>Cn.</span> <span class='ocrx_word' id='word_1_195' title='bbox 789 2064 952 2139; x_wconf 88' lang='lat' dir='ltr'>Pompeius</span> <span class='ocrx_word' id='word_1_196' title='bbox 972 2065 1109 2138; x_wconf 89' lang='lat' dir='ltr'>privatus</span> 
     </span>
     <span class='ocr_line' id='line_1_25' title="bbox 82 2147 1108 2227; baseline -0.002 -17"><span class='ocrx_word' id='word_1_197' title='bbox 82 2155 166 2211; x_wconf 86' lang='lat' dir='ltr'>essct</span> <span class='ocrx_word' id='word_1_198' title='bbox 182 2147 240 2207; x_wconf 87' lang='lat' dir='ltr'>hoe</span> <span class='ocrx_word' id='word_1_199' title='bbox 256 2154 406 2221; x_wconf 89' lang='lat' dir='ltr'>tempore,</span> <span class='ocrx_word' id='word_1_200' title='bbox 425 2154 525 2207; x_wconf 87' lang='lat' dir='ltr'>tamen</span> <span class='ocrx_word' id='word_1_201' title='bbox 543 2148 583 2207; x_wconf 90' lang='lat' dir='ltr'>ad</span> <span class='ocrx_word' id='word_1_202' title='bbox 601 2154 714 2208; x_wconf 88' lang='lat' dir='ltr'>tantum</span> <span class='ocrx_word' id='word_1_203' title='bbox 728 2147 841 2208; x_wconf 92' lang='lat' dir='ltr'>bellum</span> <span class='ocrx_word' id='word_1_204' title='bbox 855 2148 881 2206; x_wconf 87' lang='lat' dir='ltr'>is</span> <span class='ocrx_word' id='word_1_205' title='bbox 897 2155 961 2208; x_wconf 86' lang='lat' dir='ltr'>erat</span> <span class='ocrx_word' id='word_1_206' title='bbox 975 2148 1108 2227; x_wconf 78' lang='lat' dir='ltr'>deligen-</span> 
     </span>
     <span class='ocr_line' id='line_1_26' title="bbox 82 2230 1108 2306; baseline -0.003 -13"><span class='ocrx_word' id='word_1_207' title='bbox 82 2234 139 2293; x_wconf 90' lang='lat' dir='ltr'>dus</span> <span class='ocrx_word' id='word_1_208' title='bbox 162 2237 255 2306; x_wconf 91' lang='lat' dir='ltr'>atque</span> <span class='ocrx_word' id='word_1_209' title='bbox 276 2230 454 2291; x_wconf 82' lang='lat' dir='ltr'>mittendus:</span> <span class='ocrx_word' id='word_1_210' title='bbox 478 2246 558 2291; x_wconf 89' lang='lat' dir='ltr'>nune</span> <span class='ocrx_word' id='word_1_211' title='bbox 581 2248 674 2306; x_wconf 87' lang='lat' dir='ltr'>quum</span> <span class='ocrx_word' id='word_1_212' title='bbox 694 2232 734 2290; x_wconf 89' lang='lat' dir='ltr'>ad</span> <span class='ocrx_word' id='word_1_213' title='bbox 753 2236 888 2291; x_wconf 87' lang='lat' dir='ltr'>caeteras</span> <span class='ocrx_word' id='word_1_214' title='bbox 903 2230 1108 2292; x_wconf 88' lang='lat' dir='ltr'>summas-uti·</span> 
     </span>
     <span class='ocr_line' id='line_1_27' title="bbox 81 2313 1107 2390; baseline -0.003 -14"><span class='ocrx_word' id='word_1_215' title='bbox 81 2316 181 2376; x_wconf 84' lang='lat' dir='ltr'>litotes</span> <span class='ocrx_word' id='word_1_216' title='bbox 196 2313 271 2373; x_wconf 88' lang='lat' dir='ltr'>haec</span> <span class='ocrx_word' id='word_1_217' title='bbox 286 2329 409 2389; x_wconf 86' lang='lat' dir='ltr'>quoque</span> <span class='ocrx_word' id='word_1_218' title='bbox 424 2313 635 2388; x_wconf 88' lang='lat' dir='ltr'>opportunitas</span> <span class='ocrx_word' id='word_1_219' title='bbox 657 2313 851 2389; x_wconf 81' lang='lat' dir='ltr'>adiungatur,</span> <span class='ocrx_word' id='word_1_220' title='bbox 870 2323 903 2377; x_wconf 91' lang='lat' dir='ltr'>ut</span> <span class='ocrx_word' id='word_1_221' title='bbox 921 2313 952 2374; x_wconf 90' lang='lat' dir='ltr'>in</span> <span class='ocrx_word' id='word_1_222' title='bbox 972 2314 1010 2374; x_wconf 94' lang='lat' dir='ltr'>iis</span> <span class='ocrx_word' id='word_1_223' title='bbox 1030 2314 1107 2390; x_wconf 84' lang='lat' dir='ltr'>ipsis</span> 
     </span>
     <span class='ocr_line' id='line_1_28' title="bbox 80 2396 1108 2473; baseline -0.001 -17"><span class='ocrx_word' id='word_1_224' title='bbox 80 2399 157 2458; x_wconf 92' lang='lat' dir='ltr'>locis</span> <span class='ocrx_word' id='word_1_225' title='bbox 174 2396 269 2470; x_wconf 87' lang='lat' dir='ltr'>adsit,</span> <span class='ocrx_word' id='word_1_226' title='bbox 288 2404 321 2457; x_wconf 91' lang='lat' dir='ltr'>ut</span> <span class='ocrx_word' id='word_1_227' title='bbox 335 2397 445 2457; x_wconf 87' lang='lat' dir='ltr'>habeut</span> <span class='ocrx_word' id='word_1_228' title='bbox 458 2398 638 2469; x_wconf 88' lang='lat' dir='ltr'>exereitum,</span> <span class='ocrx_word' id='word_1_229' title='bbox 662 2404 695 2457; x_wconf 88' lang='lat' dir='ltr'>ut</span> <span class='ocrx_word' id='word_1_230' title='bbox 711 2399 748 2456; x_wconf 91' lang='lat' dir='ltr'>ab</span> <span class='ocrx_word' id='word_1_231' title='bbox 764 2397 818 2471; x_wconf 91' lang='lat' dir='ltr'>iis,</span> <span class='ocrx_word' id='word_1_232' title='bbox 839 2398 890 2473; x_wconf 89' lang='lat' dir='ltr'>qui</span> <span class='ocrx_word' id='word_1_233' title='bbox 906 2398 1038 2469; x_wconf 79' lang='lat' dir='ltr'>habent,</span> <span class='ocrx_word' id='word_1_234' title='bbox 1056 2412 1108 2455; x_wconf 88' lang='lat' dir='ltr'>ac·</span> 
     </span>
     <span class='ocr_line' id='line_1_29' title="bbox 81 2479 1107 2556; baseline -0.004 -16"><span class='ocrx_word' id='word_1_235' title='bbox 81 2480 185 2556; x_wconf 86' lang='lat' dir='ltr'>cipere</span> <span class='ocrx_word' id='word_1_236' title='bbox 196 2479 296 2541; x_wconf 90' lang='lat' dir='ltr'>statim</span> <span class='ocrx_word' id='word_1_237' title='bbox 311 2480 418 2554; x_wconf 91' lang='lat' dir='ltr'>possit,</span> <span class='ocrx_word' id='word_1_238' title='bbox 435 2480 509 2554; x_wconf 90' lang='lat' dir='ltr'>quid</span> <span class='ocrx_word' id='word_1_239' title='bbox 520 2488 756 2555; x_wconf 68' lang='lat' dir='ltr'>exspectamus?</span> <span class='ocrx_word' id='word_1_240' title='bbox 774 2490 962 2541; x_wconf 79' lang='lat' dir='ltr'>autemnon</span> <span class='ocrx_word' id='word_1_241' title='bbox 978 2479 1107 2539; x_wconf 90' lang='lat' dir='ltr'>ducibus</span> 
     </span>
     <span class='ocr_line' id='line_1_30' title="bbox 81 2558 1108 2645; baseline -0.006 -22"><span class='ocrx_word' id='word_1_242' title='bbox 81 2565 128 2645; x_wconf 88' lang='lat' dir='ltr'>dis</span> <span class='ocrx_word' id='word_1_243' title='bbox 142 2563 362 2624; x_wconf 87' lang='lat' dir='ltr'>immortalibus</span> <span class='ocrx_word' id='word_1_244' title='bbox 380 2563 491 2631; x_wconf 90' lang='lat' dir='ltr'>eidem,</span> <span class='ocrx_word' id='word_1_245' title='bbox 514 2562 563 2622; x_wconf 90' lang='lat' dir='ltr'>eui</span> <span class='ocrx_word' id='word_1_246' title='bbox 584 2573 704 2624; x_wconf 87' lang='lat' dir='ltr'>caetera</span> <span class='ocrx_word' id='word_1_247' title='bbox 725 2580 841 2623; x_wconf 87' lang='lat' dir='ltr'>summa</span> <span class='ocrx_word' id='word_1_248' title='bbox 861 2579 929 2625; x_wconf 88' lang='lat' dir='ltr'>eum</span> <span class='ocrx_word' id='word_1_249' title='bbox 944 2563 1042 2621; x_wconf 88' lang='lat' dir='ltr'>salute</span> <span class='ocrx_word' id='word_1_250' title='bbox 1063 2558 1108 2618; x_wconf 91' lang='lat' dir='ltr'>rei</span> 
     </span>
     <span class='ocr_line' id='line_1_31' title="bbox 81 2644 1107 2722; baseline -0.007 -15"><span class='ocrx_word' id='word_1_251' title='bbox 81 2646 223 2722; x_wconf 91' lang='lat' dir='ltr'>publicae</span> <span class='ocrx_word' id='word_1_252' title='bbox 244 2645 406 2707; x_wconf 87' lang='lat' dir='ltr'>commissa</span> <span class='ocrx_word' id='word_1_253' title='bbox 428 2651 511 2717; x_wconf 91' lang='lat' dir='ltr'>sunt,</span> <span class='ocrx_word' id='word_1_254' title='bbox 534 2645 593 2706; x_wconf 90' lang='lat' dir='ltr'>hoe</span> <span class='ocrx_word' id='word_1_255' title='bbox 615 2663 738 2722; x_wconf 76' lang='lat' dir='ltr'>ortoque</span> <span class='ocrx_word' id='word_1_256' title='bbox 759 2647 870 2707; x_wconf 89' lang='lat' dir='ltr'>bellum</span> <span class='ocrx_word' id='word_1_257' title='bbox 887 2644 1003 2719; x_wconf 81' lang='lat' dir='ltr'>regium</span> <span class='ocrx_word' id='word_1_258' title='bbox 1026 2658 1107 2702; x_wconf 91' lang='lat' dir='ltr'>com·</span> 
     </span>
     <span class='ocr_line' id='line_1_32' title="bbox 80 2731 255 2791; baseline -0.023 0"><span class='ocrx_word' id='word_1_259' title='bbox 80 2731 255 2791; x_wconf 67' lang='lat' dir='ltr'>mittamus?</span> 
     </span>
    </p>

    <p class='ocr_par' dir='ltr' id='par_1_4' title="bbox 72 2805 1107 3470">
     <span class='ocr_line' id='line_1_33' title="bbox 163 2805 1104 2884; baseline -0.005 -11"><span class='ocrx_word' id='word_1_260' title='bbox 163 2810 215 2873; x_wconf 85' lang='lat'>51.</span> <span class='ocrx_word' id='word_1_261' title='bbox 237 2815 277 2872; x_wconf 85' lang='lat' dir='ltr'>Al</span> <span class='ocrx_word' id='word_1_262' title='bbox 292 2812 371 2871; x_wconf 89' lang='lat' dir='ltr'>enim</span> <span class='ocrx_word' id='word_1_263' title='bbox 385 2810 431 2870; x_wconf 92' lang='lat' dir='ltr'>vir</span> <span class='ocrx_word' id='word_1_264' title='bbox 446 2811 642 2884; x_wconf 90' lang='lat' dir='ltr'>clarissimus,</span> <span class='ocrx_word' id='word_1_265' title='bbox 658 2811 882 2873; x_wconf 88' lang='lat' dir='ltr'>amantissimus</span> <span class='ocrx_word' id='word_1_266' title='bbox 897 2807 943 2869; x_wconf 90' lang='lat' dir='ltr'>rei</span> <span class='ocrx_word' id='word_1_267' title='bbox 957 2805 1104 2883; x_wconf 88' lang='lat' dir='ltr'>publicae,</span> 
     </span>
     <span class='ocr_line' id='line_1_34' title="bbox 79 2891 1107 2970; baseline -0.004 -15"><span class='ocrx_word' id='word_1_268' title='bbox 79 2894 192 2957; x_wconf 83' lang='lat' dir='ltr'>vestris</span> <span class='ocrx_word' id='word_1_269' title='bbox 206 2894 364 2954; x_wconf 78' lang='lat' dir='ltr'>beneficiis</span> <span class='ocrx_word' id='word_1_270' title='bbox 379 2894 574 2970; x_wconf 91' lang='lat' dir='ltr'>amplissimis</span> <span class='ocrx_word' id='word_1_271' title='bbox 590 2894 743 2969; x_wconf 80' lang='lat' dir='ltr'>adiectae,</span> <span class='ocrx_word' id='word_1_272' title='bbox 765 2896 797 2968; x_wconf 89' lang='lat' dir='ltr'>Q.</span> <span class='ocrx_word' id='word_1_273' title='bbox 817 2894 955 2965; x_wconf 74' lang='lat' dir='ltr'>Catullus,</span> <span class='ocrx_word' id='word_1_274' title='bbox 975 2891 1107 2968; x_wconf 88' lang='lat' dir='ltr'>itemque</span> 
     </span>
     <span class='ocr_line' id='line_1_35' title="bbox 79 2973 1104 3050; baseline -0.007 -10"><span class='ocrx_word' id='word_1_275' title='bbox 79 2978 206 3040; x_wconf 91' lang='lat' dir='ltr'>summis</span> <span class='ocrx_word' id='word_1_276' title='bbox 222 2977 404 3038; x_wconf 90' lang='lat' dir='ltr'>ornamentis</span> <span class='ocrx_word' id='word_1_277' title='bbox 419 2976 558 3050; x_wconf 79' lang='lat' dir='ltr'>horarie,</span> <span class='ocrx_word' id='word_1_278' title='bbox 575 2979 727 3050; x_wconf 89' lang='lat' dir='ltr'>lorlunae,</span> <span class='ocrx_word' id='word_1_279' title='bbox 742 2975 875 3047; x_wconf 89' lang='lat' dir='ltr'>virtutis,</span> <span class='ocrx_word' id='word_1_280' title='bbox 891 2973 1003 3050; x_wconf 81' lang='lat' dir='ltr'>ingenii</span> <span class='ocrx_word' id='word_1_281' title='bbox 1018 2990 1104 3050; x_wconf 91' lang='lat' dir='ltr'>prae-</span> 
     </span>
     <span class='ocr_line' id='line_1_36' title="bbox 78 3058 1105 3135; baseline -0.005 -13"><span class='ocrx_word' id='word_1_282' title='bbox 78 3062 171 3135; x_wconf 78' lang='lat' dir='ltr'>dituS,</span> <span class='ocrx_word' id='word_1_283' title='bbox 190 3060 423 3135; x_wconf 88' lang='lat' dir='ltr'>Q.Hortensius‚</span> <span class='ocrx_word' id='word_1_284' title='bbox 440 3061 478 3120; x_wconf 90' lang='lat' dir='ltr'>ab</span> <span class='ocrx_word' id='word_1_285' title='bbox 489 3060 546 3120; x_wconf 90' lang='lat' dir='ltr'>hae</span> <span class='ocrx_word' id='word_1_286' title='bbox 557 3060 673 3122; x_wconf 90' lang='lat' dir='ltr'>ratione</span> <span class='ocrx_word' id='word_1_287' title='bbox 686 3058 882 3120; x_wconf 79' lang='lat' dir='ltr'>dissentiunt:</span> <span class='ocrx_word' id='word_1_288' title='bbox 904 3075 1030 3132; x_wconf 90' lang='lat' dir='ltr'>quorum</span> <span class='ocrx_word' id='word_1_289' title='bbox 1045 3074 1105 3132; x_wconf 81' lang='lat' dir='ltr'>ego</span> 
     </span>
     <span class='ocr_line' id='line_1_37' title="bbox 77 3141 1103 3219; baseline -0.007 -13"><span class='ocrx_word' id='word_1_290' title='bbox 77 3145 287 3206; x_wconf 84' lang='lat' dir='ltr'>auctoritatem</span> <span class='ocrx_word' id='word_1_291' title='bbox 304 3145 387 3219; x_wconf 91' lang='lat' dir='ltr'>apud</span> <span class='ocrx_word' id='word_1_292' title='bbox 402 3161 458 3204; x_wconf 86' lang='lat' dir='ltr'>vos</span> <span class='ocrx_word' id='word_1_293' title='bbox 473 3143 573 3204; x_wconf 90' lang='lat' dir='ltr'>multis</span> <span class='ocrx_word' id='word_1_294' title='bbox 588 3143 664 3204; x_wconf 91' lang='lat' dir='ltr'>locis</span> <span class='ocrx_word' id='word_1_295' title='bbox 679 3142 838 3218; x_wconf 91' lang='lat' dir='ltr'>plurimum</span> <span class='ocrx_word' id='word_1_296' title='bbox 861 3141 993 3202; x_wconf 86' lang='lat' dir='ltr'>valuisse</span> <span class='ocrx_word' id='word_1_297' title='bbox 1008 3150 1038 3202; x_wconf 92' lang='lat' dir='ltr'>ct</span> <span class='ocrx_word' id='word_1_298' title='bbox 1053 3157 1103 3200; x_wconf 87' lang='lat' dir='ltr'>va-</span> 
     </span>
     <span class='ocr_line' id='line_1_38' title="bbox 77 3222 1104 3302; baseline -0.007 -16"><span class='ocrx_word' id='word_1_299' title='bbox 77 3230 147 3290; x_wconf 76' lang='lat' dir='ltr'>lere‘</span> <span class='ocrx_word' id='word_1_300' title='bbox 157 3236 301 3302; x_wconf 87' lang='lat' dir='ltr'>oportere</span> <span class='ocrx_word' id='word_1_301' title='bbox 315 3227 472 3299; x_wconf 87' lang='lat' dir='ltr'>confiteor,</span> <span class='ocrx_word' id='word_1_302' title='bbox 489 3228 543 3286; x_wconf 87' lang='lat' dir='ltr'>sed</span> <span class='ocrx_word' id='word_1_303' title='bbox 557 3225 585 3285; x_wconf 91' lang='lat' dir='ltr'>in</span> <span class='ocrx_word' id='word_1_304' title='bbox 598 3227 655 3286; x_wconf 90' lang='lat' dir='ltr'>lrac</span> <span class='ocrx_word' id='word_1_305' title='bbox 667 3243 768 3298; x_wconf 89' lang='lat' dir='ltr'>causa,</span> <span class='ocrx_word' id='word_1_306' title='bbox 784 3225 902 3286; x_wconf 90' lang='lat' dir='ltr'>tametsi</span> <span class='ocrx_word' id='word_1_307' title='bbox 918 3222 1104 3301; x_wconf 79' lang='lat' dir='ltr'>cognoscitis</span> 
     </span>
     <span class='ocr_line' id='line_1_39' title="bbox 74 3305 1103 3373; baseline -0.01 -2"><span class='ocrx_word' id='word_1_308' title='bbox 74 3310 274 3373; x_wconf 89' lang='lat' dir='ltr'>auctoritates</span> <span class='ocrx_word' id='word_1_309' title='bbox 290 3311 457 3370; x_wconf 84' lang='lat' dir='ltr'>contrarias</span> <span class='ocrx_word' id='word_1_310' title='bbox 472 3309 605 3369; x_wconf 89' lang='lat' dir='ltr'>virorum</span> <span class='ocrx_word' id='word_1_311' title='bbox 624 3308 855 3369; x_wconf 76' lang='lat' dir='ltr'>fortissimorum</span> <span class='ocrx_word' id='word_1_312' title='bbox 870 3317 901 3369; x_wconf 93' lang='lat' dir='ltr'>et</span> <span class='ocrx_word' id='word_1_313' title='bbox 921 3305 1103 3369; x_wconf 87' lang='lat' dir='ltr'>clarissimo·</span> 
     </span>
     <span class='ocr_line' id='line_1_40' title="bbox 72 3382 1104 3470; baseline -0.01 -17"><span class='ocrx_word' id='word_1_314' title='bbox 72 3411 158 3470; x_wconf 87' lang='lat' dir='ltr'>rum,</span> <span class='ocrx_word' id='word_1_315' title='bbox 181 3402 281 3454; x_wconf 87' lang='lat' dir='ltr'>tameo</span> <span class='ocrx_word' id='word_1_316' title='bbox 300 3392 422 3454; x_wconf 90' lang='lat' dir='ltr'>omissis</span> <span class='ocrx_word' id='word_1_317' title='bbox 438 3392 665 3454; x_wconf 86' lang='lat' dir='ltr'>auctoritatibus</span> <span class='ocrx_word' id='word_1_318' title='bbox 681 3391 749 3468; x_wconf 86' lang='lat' dir='ltr'>ipsa</span> <span class='ocrx_word' id='word_1_319' title='bbox 761 3408 795 3453; x_wconf 88' lang='lat' dir='ltr'>re</span> <span class='ocrx_word' id='word_1_320' title='bbox 809 3408 845 3453; x_wconf 86' lang='lat' dir='ltr'>ac</span> <span class='ocrx_word' id='word_1_321' title='bbox 864 3391 981 3452; x_wconf 89' lang='lat' dir='ltr'>ratione</span> <span class='ocrx_word' id='word_1_322' title='bbox 996 3382 1104 3459; x_wconf 84' lang='lat' dir='ltr'>exqui-</span> 
     </span>
    </p>
   </div>
   <div class='ocr_carea' id='block_1_3' title="bbox 865 3473 915 3541">
    <p class='ocr_par' dir='ltr' id='par_1_5' title="bbox 865 3473 915 3541">
     <span class='ocr_line' id='line_1_41' title="bbox 865 3473 915 3541; baseline 0 -30"><span class='ocrx_word' id='word_1_323' title='bbox 865 3473 915 3541; x_wconf 58' lang='lat' dir='ltr'>g*</span> 
     </span>
    </p>
   </div>
   <div class='ocr_carea' id='block_1_4' title="bbox 0 0 1174 3788">
    <p class='ocr_par' dir='ltr' id='par_1_6' title="bbox 0 0 1174 3788">
     <span class='ocr_line' id='line_1_42' title="bbox 0 0 1174 3788; baseline 0 3"><span class='ocrx_word' id='word_1_324' title='bbox 0 0 1174 3788; x_wconf 95' lang='lat' dir='ltr'> </span> 
     </span>
    </p>
   </div>
  </div>
 </body>
</html>
