2340 3788
94 188 157 254 tos
289 193 339 252 un
353 190 509 253 roisnato
525 190 581 251 cn.
597 189 750 251 ronenn
764 168 915 252 dunno.

94 359 187 406 unum
210 344 248 402 ab
272 340 411 403 omnibus
434 340 537 403 sociis·
550 349 581 401 et
597 338 714 402 civibus
730 339 815 401 adid
829 341 940 402 beilum
954 340 1117 418 imperato-

94 432 158 488 'rern
177 426 304 513 deposui
322 432 415 499 atque
435 425 551 499 expeti,
572 424 711 484 eumdem
723 423 804 484 hune
818 440 909 486 unum
923 425 962 484 ab
977 425 1119 489 hostibus

94 507 201 580 metui,
220 515 378 584 praeterea
394 507 554 569 neminem.

178 590 208 652 6.
240 591 338 651 Causa
352 606 430 665 quae
446 590 486 651 sit
497 587 624 649 videtis:
643 605 724 649 nuno
739 587 813 664 quid
826 589 977 663 agendum
990 588 1031 650 sit
1044 605 1119 652 eou-

96 672 236 736 siderate.
266 674 394 735 Primum
414 673 486 735 mihi
509 672 626 733 videtur
645 672 685 732 de
706 688 818 746 genere
837 671 923 744 belii,
945 672 1065 732 deinde·
1078 675 1120 735 de

30 770 37 781 ⁹
94 757 314 832 magnitudine,
335 765 396 819 tum
416 759 455 816 de
474 756 654 831 imperatore
675 755 835 829 deligendo
856 770 928 815 esse
945 754 1119 818 dicendum.

95 841 197 902 Genus
212 849 260 902 est
272 839 344 900 belii
357 839 423 900 eius
440 838 538 911 modi,
554 838 638 913 quod
652 837 782 897 innume
796 846 920 898 vestros
931 837 1119 901 animos-ex·

95 924 186 985 citare
208 932 300 998 utque
318 921 504 982 inflammare
518 921 559 980 ad
573 920 779 997 persequendi
793 920 925 982 studium
940 922 1066 983 debeata
1087 921 1119 982 iu

87 1023 156 1082 ono
176 1007 274 1082 agitur
294 1004 398 1080 popuii
418 1001 546 1064 Romani
567 1003 677 1077 gloria,
701 1020 781 1079 quae
804 1003 891 1064 vobis
912 1020 932 1062 a
949 1003 1118 1066 maioribus

19 1124 24 1137 x
96 1107 188 1164 quum
209 1103 318 1162 magna
337 1086 368 1146 in
391 1087 530 1147 omnibus
551 1087 644 1146 rebus
664 1093 728 1146 tum
750 1103 867 1147 summu
886 1084 918 1145 in
937 1102 971 1146 re
995 1086 1117 1149 militari

93 1173 202 1232 traditu
216 1180 277 1231 est=
295 1168 392 1244 agitur
407 1171 490 1231 salus
508 1168 661 1231 sociorum
675 1179 767 1244 atque
784 1169 964 1242 amicorum,
982 1186 1040 1244 pro
1056 1187 1118 1246 qua

95 1258 186 1315 muita
199 1255 329 1314 maiores
344 1251 436 1313 vestri
452 1268 560 1327 magna
576 1260 607 1313 et
620 1251 727 1328 gravia·
737 1253 817 1312 belia
831 1260 1007 1327 gesserunt:
1023 1269 1117 1328 ugnu-

76 1343 143 1397 'tur
162 1334 330 1396 certissime
351 1335 456 1410 popuii
469 1335 598 1396 Romani
619 1334 776 1409 vectigalia
794 1344 823 1396 et
837 1334 982 1408 maxima,
1005 1336 1118 1411 quibus

95 1417 216 1479 amissis
232 1425 263 1478 et
274 1417 360 1492 pacis
376 1427 550 1478 ornamenta
564 1414 593 1479 et
604 1417 822 1491 subsidiubeili
832 1417 1007 1492 requiretis:
1023 1435 1116 1493 agun-

95 1510 143 1567 tur
156 1501 236 1560 bona
249 1501 408 1561 multorum
425 1501 550 1573 civium,
567 1501 677 1575 quibus
695 1509 743 1561 est
756 1517 775 1561 a
788 1499 878 1561 vobis
891 1508 921 1560 et
934 1499 1072 1576 ipsorum
1087 1510 1118 1563 ot

93 1583 138 1644 rei
152 1583 293 1658 publicae
308 1599 401 1644 eausa
415 1585 645 1645 consulendum.
666 1583 717 1643 111.
739 1580 767 1645 7.
786 1583 823 1643 iit
837 1577 983 1658 qnoniam
995 1599 1118 1660 semper

94 1674 272 1742 appetentes
295 1667 409 1741 gloriae
430 1677 549 1743 praeter
568 1675 705 1728 caeteras
726 1674 832 1741 gentes
846 1673 938 1740 atque
954 1665 1037 1726 avidi
1052 1667 1116 1728 luu-

95 1748 144 1809 dis
166 1748 280 1822 inistis‚
303 1750 433 1812 delenda
452 1760 500 1812 est
522 1750 609 1825 vobis
624 1749 675 1810 itta
689 1750 806 1816 maenia
819 1748 1020 1809 Mithridation
1033 1748 1116 1810 bello

95 1832 255 1908 superiore
271 1843 428 1910 conrepta,
445 1851 524 1909 quae
539 1833 659 1910 penitus
676 1832 735 1892 iam
749 1831 861 1893 insedit
875 1846 912 1895 ao
928 1831 1018 1892 nimis
1032 1831 1116 1891 inve

93 1915 200 1976 teravit
212 1914 244 1974 in
258 1917 364 1992 popuii
377 1918 504 1977 Romani
519 1917 655 1990 nomine,
671 1915 753 1990 quod
768 1914 810 1988 is,
827 1914 878 1990 qui
895 1931 956 1976 uno
973 1913 1038 1988 die,
1052 1921 1118 1975 tote

93 1998 123 2058 in
139 1998 227 2070 Asia,
249 2007 293 2060 tot
312 1999 343 2059 in
364 2001 548 2072 civitatibus,
570 2016 631 2059 nno
653 1998 762 2059 nuncio
783 2006 874 2072 atque
888 2013 950 2058 una
963 1996 1117 2072 signifiea-

92 2081 175 2141 tione
189 2081 352 2143 litterarum
364 2086 447 2144 cives
458 2085 613 2145 Romanos
624 2083 780 2141 necandos
791 2080 1049 2154 trucidandosque
1058 2081 1116 2148 de·

95 2162 222 2234 notavit,
244 2181 305 2223 non
326 2168 416 2227 modo
438 2166 538 2226 adhue
561 2180 691 2240 poenum
710 2165 819 2224 nuliam
839 2180 895 2224 suo
911 2163 1032 2238 dignam
1048 2178 1117 2223 see

92 2245 156 2303 lere
171 2246 321 2320 spseepit,
342 2249 398 2309 sed
418 2251 457 2310 ab
472 2249 523 2309 iilo
542 2256 676 2322 ternpore
691 2264 803 2307 annum
819 2245 879 2306 iam
892 2246 1012 2308 tertium
1026 2253 1057 2305 et
1073 2245 1116 2304 vi-

94 2325 240 2386 cesimum
254 2339 360 2403 regnat
375 2341 405 2392 et
417 2332 459 2392 ita
469 2338 593 2406 regnat,
611 2338 643 2391 ut
656 2346 692 2390 se
705 2346 766 2391 non
781 2329 865 2390 Ponti
881 2346 982 2405 neque
996 2329 1116 2404 Coppa·

93 2408 200 2470 dociae
216 2411 337 2471 latebris
351 2417 502 2476 occultare
516 2404 596 2486 tert,
613 2412 669 2473 sed
684 2428 837 2488 emergere
854 2429 891 2472 ex
906 2411 1003 2487 patrio
1018 2427 1115 2486 regno

92 2498 183 2567 atque
198 2491 229 2552 in
243 2494 353 2554 vestris
371 2496 583 2572 vectigalibus,
598 2497 656 2558 hoe
671 2505 734 2570 est,
750 2497 780 2555 in
796 2495 890 2555 Asiae
906 2492 1115 2560 inreverenti.

91 2575 122 2638 8.
143 2576 260 2638 Etenim
280 2578 379 2638 adhue
398 2581 439 2640 itu
461 2581 556 2640 nostri
575 2595 644 2640 oum
664 2580 715 2641 iiio
735 2595 807 2652 rege
824 2578 1045 2638 contenderunt
1060 2576 1116 2637 im·

92 2668 265 2735 penatores,
284 2668 314 2721 ut
328 2662 367 2721 ab
381 2661 432 2723 ilio
449 2662 580 2737 insignia
594 2662 748 2735 victorine,
762 2677 824 2721 non
837 2660 993 2720 victoriam
1007 2676 1116 2735 repor-

93 2749 198 2802 tarent.
225 2743 431 2821 Triumphauit
447 2746 479 2809 L.
498 2745 596 2819 Sulla,
612 2745 805 2820 triumphavit
818 2744 851 2803 L.
866 2743 992 2803 Murena
1006 2744 1046 2803 de
1059 2741 1116 2803 Mi·

91 2824 234 2900 thridnte,
256 2828 317 2889 duo
338 2827 493 2890 fortissimi
511 2827 569 2887 viri
589 2837 619 2889 et
639 2829 747 2889 summi
766 2827 979 2902 imperatores,
1001 2826 1059 2886 sed
1073 2826 1116 2886 ite

91 2907 323 2985 triumpharunt,
344 2919 378 2973 ut
395 2911 446 2972 ille
460 2913 569 2988 pulsus
584 2919 807 2986 superatusque
819 2917 969 2985 regnaret.
994 2910 1116 2971 ⁴Verum

91 2997 191 3048 tamen
210 2992 267 3053 iilis
287 2994 520 3070 imperatoribus
539 2996 606 3055 iaus
627 3003 673 3055 est
693 2993 852 3055 tribuenda
873 2993 956 3067 quod
977 2999 1114 3066 egerunt,

91 3070 180 3129 venia
201 3073 301 3135 danda
321 3080 404 3151 quod
424 3078 624 3153 reliquerunt,
646 3085 810 3152 propterea
825 3076 910 3151 quod
923 3076 962 3135 ab
979 3091 1018 3136 eo
1033 3075 1116 3135 bello

91 3152 204 3212 Sullam
222 3153 252 3212 in
268 3157 381 3219 ltaliam
394 3178 444 3221 res
459 3161 596 3236 publiea,
610 3161 764 3221 Murenam
780 3159 864 3220 Sutia
878 3159 1044 3220 revocavit

172 3237 223 3295 lv.
245 3236 274 3297 9.
305 3239 492 3304 Mithridates
515 3253 615 3305 autem
635 3260 724 3304 omne
745 3242 895 3318 reliquum
912 3251 1035 3315 tempus
1052 3258 1115 3302 non

89 3319 129 3377 ad
144 3319 328 3380 obiivionem
341 3325 454 3385 veteris
468 3327 548 3399 beili,
563 3327 620 3386 sed
633 3327 673 3386 ad
689 3324 945 3401 comparationem
957 3325 1031 3385 novi
1043 3341 1116 3386 eon-

91 3402 168 3463 tulit=
181 3403 232 3479 qui
243 3408 353 3479 postea
363 3423 453 3479 quam
463 3411 610 3469 maximas
619 3408 815 3470 aedificasset
823 3416 1026 3482 ornassetque
1036 3407 1119 3469 eius·
