2340 3788
125 196 189 262 432
273 194 311 253 IN
318 194 364 265 nl.
381 191 580 287 antonium
595 191 735 253 ORATIO
749 192 965 255 PHILIPPICA
979 195 1017 253 II.

127 349 188 409 Gur
212 344 275 405 ludi
291 342 483 419 Apollinares
505 341 674 403 Incredibili
693 343 735 403 ln.-
753 342 837 404 Bruti
851 344 975 405 honore
998 344 1128 406 celebnt't
1165 332 1170 419 ζ

128 431 189 489 Gur
204 427 380 502 provinciae
396 428 507 500 Bruto,
527 426 632 486 cassio
647 427 758 487 damet
774 441 829 486 cur
844 437 1035 501 quaestores
1052 428 1129 489 audiit

128 528 183 573 cur
206 513 373 586 legatorum
394 524 537 569 numerus
560 516 690 569 auctusl
729 509 831 584 Atque
850 509 932 569 haec
953 519 1027 572 actu
1047 520 1131 588 pera
1164 512 1170 521 ”

126 594 194 655 Non
214 594 304 669 igitur
326 592 507 653 homicidas.
542 591 686 667 Sequitur
705 602 738 653 ut
758 591 942 653 liberatores
966 602 1026 655 tuo
1046 594 1132 664 tutta
1165 579 1169 606 ¹

128 678 252 753 quando
275 676 398 753 quidem
426 674 547 736 tertium
572 674 646 735 nihil
669 682 873 750 potestesse.
919 672 976 737 32.
1001 678 1079 752 Quid
1095 680 1133 738 citt
1165 669 1170 750 ,'

129 778 201 821 num
216 761 364 821 conturbo
379 766 431 820 tet
463 757 532 819 Non
545 757 625 819 enim
641 759 773 819 tortasse
789 757 878 831 sans,
900 776 987 834 quae
1005 760 1133 822 duunctu
1166 751 1170 770 '

127 844 283 918 dicuntur,
297 841 448 918 intelligis.
476 841 538 903 Sed
552 849 651 902 tamen
666 835 743 901 h'aec
758 856 875 903 summa
890 850 943 902 est
957 842 1134 906 conclusuri
1166 831 1168 853 ”

129 943 231 987 meae=
254 925 397 1003 quoniam
413 925 531 986 scelere
548 932 609 985 ate
623 923 740 984 liberati
755 930 839 996 sunt,
865 924 907 983 ab
934 927 1054 987 eodem
1067 937 1134 989 tctn
1167 925 1170 935 ’

129 1009 277 1085 plissimis
290 1007 433 1086 praemiis
450 1006 648 1082 dignissimos
662 1007 821 1068 iudicatos.
855 1006 969 1083 ltaque
988 1011 1051 1070 iam
1065 1020 1134 1072 retctt
1167 997 1169 1017 '

127 1095 296 1154 orationem
316 1100 423 1153 meam.
458 1090 595 1152 Scribam
609 1090 648 1149 ad
663 1089 746 1164 illos,
766 1098 813 1164 ut,
837 1089 864 1149 si
886 1093 943 1165 qui
957 1094 1043 1154 torte
1057 1093 1134 1171 quola
1165 1087 1167 1099 '

128 1184 159 1236 te
174 1176 325 1237 obiectum
347 1183 395 1237 est
415 1181 562 1251 quaerent
583 1173 660 1234 sitne
682 1189 801 1246 verum,
820 1187 860 1232 ne
880 1175 934 1234 cui
955 1187 1081 1252 negent.
1107 1174 1134 1235 P·
1160 1150 1169 1207 I

128 1258 211 1319 enim
225 1276 334 1320 vereor
350 1274 389 1319 ne
403 1268 456 1319 aut
470 1259 598 1318 celatum
613 1273 661 1316 me
675 1254 734 1317 ints
752 1253 828 1330 Ipsis
855 1272 920 1316 non
936 1256 1135 1321 honestunat

128 1342 285 1402 invitatum
303 1341 456 1416 refugisse
482 1339 553 1399 mihi
576 1338 615 1401 sil
635 1339 852 1414 turpissimum.
896 1340 987 1413 Quae
1012 1343 1089 1403 enim
1106 1352 1135 1401 re

126 1441 286 1499 umquam,
308 1424 385 1498 proh
400 1430 506 1482 sancte
519 1421 668 1497 luppiter!
689 1438 751 1484 non
764 1423 856 1484 modo
871 1420 902 1482 in
919 1423 984 1485 hac
999 1427 1087 1503 urbe,
1102 1420 1135 1485 stI

129 1506 161 1567 in
187 1507 326 1568 omnibus
347 1508 435 1566 terris
456 1513 504 1564 est
524 1513 612 1580 gesta
630 1506 747 1569 maiort
773 1521 852 1581 quae
872 1507 1069 1580 glorIosiorr
1087 1516 1134 1585 qt!
1161 1576 1162 1596 χ

129 1588 368 1652 commendatior
395 1588 548 1649 hominum
574 1589 739 1651 memoriae
760 1591 995 1664 sempiternae?
1029 1595 1062 1654 In
1079 1591 1135 1654 Int't
1161 1576 1167 1671 ,¹

128 1683 224 1734 metu
240 1672 360 1735 consilii
375 1672 554 1747 societatem
568 1679 721 1748 tamquam
742 1671 772 1732 in
787 1688 901 1749 equum
918 1674 1086 1737 Troianum
1097 1686 1135 1736 c!
1161 1741 1169 1764 γ

128 1756 319 1834 principibus
341 1755 494 1817 includis?
535 1754 586 1817 33.
606 1757 673 1816 Non
694 1772 820 1817 recusos
848 1772 909 1832 ago
934 1759 1032 1820 etiam
1050 1758 1135 1837 grabi
1167 1756 1170 1767 '

130 1858 256 1916 quoquo
274 1841 374 1900 animo
391 1839 477 1900 lacis.
506 1837 600 1899 Tanta
617 1839 697 1900 enim
711 1855 762 1900 res
777 1846 838 1913 est,
854 1848 887 1900 ut
902 1840 1059 1904 invidiam
1072 1847 1135 1907 istan
1159 1812 1165 1856 ⁵

131 1941 224 1999 quam
244 1933 276 1984 tu
297 1925 326 1983 in
347 1939 396 1983 me
419 1922 466 1983 vIs
486 1925 654 1997 concitare,
679 1939 746 1985 cum
772 1924 863 1983 laude
888 1939 956 1984 non
983 1936 1136 2003 comparet
1160 1898 1169 1957 I

131 2008 210 2083 Quid
224 2006 304 2067 enIm
318 2005 436 2066 beatius
452 2005 526 2079 illis,
550 2021 629 2082 quos
653 2012 686 2066 tu
706 2008 854 2080 expulsos
877 2015 945 2068 ate
961 2010 1138 2084 praeditastt
1167 2072 1169 2099 Ι

129 2093 302 2165 relegatos?
317 2089 369 2165 qui
383 2093 471 2149 locus
486 2100 533 2151 est
546 2098 598 2151 aut
612 2097 672 2149 tam
687 2091 826 2150 desertus
838 2099 888 2148 aut
902 2098 969 2150 tam
986 2092 1139 2154 inhumana

134 2175 184 2248 qui
199 2174 282 2247 illos,
308 2190 400 2248 quum
423 2173 624 2243 accesserint,
646 2189 706 2234 uon
729 2172 827 2232 adfari
846 2180 943 2246 atque
962 2169 1140 2252 appeteret}

50 2290 52 2293 -
131 2258 258 2315 deaturt
276 2255 328 2330 qui
341 2254 481 2316 homines
495 2266 555 2316 tam
570 2265 708 2330 agrestes
724 2256 775 2331 qui
791 2271 834 2328 se,
851 2272 949 2330 quum
964 2275 1026 2320 eos
1046 2270 1142 2337 aspett·

129 2339 203 2410 rint,
220 2355 282 2398 non
297 2341 458 2400 maximum
477 2339 598 2416 cepisse
615 2339 694 2400 vitae
709 2341 837 2399 fructum
852 2347 986 2414 putent?
1004 2351 1143 2419 quaerat

130 2431 192 2482 tam
212 2420 368 2482 immemor
390 2420 569 2498 posteritas,
594 2439 673 2498 quae
693 2431 753 2483 tam
777 2421 913 2497 ingratae
936 2424 1065 2488 litterae
1086 2436 1143 2499 repr

130 2507 260 2579 rientur,
286 2522 367 2580 quae
392 2522 495 2566 eorum
524 2505 649 2581 glorIam
675 2523 735 2566 non
761 2504 999 2568 immortalitatis
1029 2503 1144 2573 memori

132 2596 378 2666 prosequantur?
400 2591 444 2649 Tu
460 2606 532 2649 vero
547 2589 666 2649 ascribe
681 2606 729 2649 me
744 2590 833 2647 talem
848 2589 878 2647 In
890 2606 1072 2654 numerum.
1094 2586 1145 2652 utt-

131 2672 182 2736 34.
200 2672 261 2732 Sed
280 2690 371 2733 unam
388 2690 453 2732 rem
467 2689 577 2732 vereor
592 2689 630 2732 ne
647 2689 706 2732 non
721 2673 843 2746 probes.
878 2670 911 2731 si
929 2674 1018 2735 enim
1036 2675 1145 2738 luisset.

131 2774 193 2818 non
209 2757 309 2817 solum
324 2772 442 2830 regem,
467 2757 523 2816 sed
537 2773 662 2830 regnum
677 2755 765 2815 etiam
781 2755 866 2815 dere
884 2756 1017 2828 publica
1034 2754 1146 2821 sustolle

133 2857 213 2900 sem:
236 2848 282 2910 et,
304 2840 330 2899 si
351 2856 438 2901 meus
460 2838 547 2899 stilus
568 2838 618 2899 ille
637 2837 759 2912 luisset,
780 2845 812 2898 ut
828 2836 955 2912 diritur,
978 2841 1058 2902 mihi
1073 2838 1145 2902 creda

133 2940 193 2983 non
221 2925 319 2984 solum
344 2940 437 2983 unum
462 2931 575 2995 actum,
602 2922 658 2980 sed
676 2929 768 2982 totam
793 2921 923 2980 fabulam
952 2925 1146 2986 coniecIssen

134 3006 322 3082 Quamquam
342 3007 369 3066 si
391 3005 519 3066 interfici
533 3005 692 3065 caesarem
711 3005 845 3065 voluisse
867 3005 986 3068 crImen
1004 3019 1069 3082 est,
1091 3005 1147 3069 virt

135 3106 267 3163 quaeso,
283 3090 410 3160 AntonI‚
427 3088 499 3164 quid
515 3086 567 3149 tibi
582 3090 712 3149 futurum
728 3089 781 3162 sit,
798 3103 887 3162 quem
903 3096 934 3148 et
950 3090 1098 3153 Narbone
1111 3089 1148 3147 lm

133 3171 293 3233 consilium
308 3189 375 3235 cum
388 3172 419 3232 c.
432 3170 581 3232 Trebonio
597 3172 717 3247 cepisse
733 3170 922 3231 notissImum
939 3182 1039 3236 estet
1055 3175 1094 3237 ob
1104 3171 1148 3233 eiu
1169 3242 1170 3245 Ἴ

137 3254 256 3315 consilii
278 3259 471 3329 societatem,
499 3271 592 3330 quum
614 3255 832 3315 interficeretur
854 3254 985 3328 Caesar,
1016 3266 1082 3318 tum
1102 3264 1147 3315 tet

131 3337 282 3399 TrebonIo
300 3341 429 3398 vidimus
444 3337 592 3399 sevocari.
622 3339 687 3413 Ego
703 3345 801 3397 autem
819 3371 854 3381 -
872 3336 943 3396 vide
961 3357 1057 3415 quam
1071 3348 1146 3401 tecua

133 3437 221 3495 agam
237 3438 296 3482 non
314 3419 448 3481 inimice!
462 3455 502 3466 -
518 3422 601 3496 quod
614 3421 692 3481 bene
708 3419 848 3495 cogitasti
862 3419 1044 3499 aliquando,
1061 3420 1147 3484 laudo
