2340 3788
384 177 579 240 cara-e.
598 179 627 254 §-
640 188 764 241 15-20.
1027 184 1090 253 aar

21 368 28 388 .
63 341 94 392 ct
109 333 147 390 ab
165 347 212 402 eo,
234 329 285 403 qui
305 328 363 388 bos
377 315 512 400 dimovit,
535 329 635 402 potius
653 344 744 401 quam
761 330 799 388 ab
814 329 861 404 iis,
886 332 981 406 quiin
1001 343 1029 397 te
1044 337 1088 413 ip-

65 412 363 484 sumincubuerunt,
378 418 408 471 te
423 411 586 485 depulsum
603 419 700 484 putas.
747 410 796 472 18.
819 413 881 472 Sed
897 424 996 477 tamen
1013 420 1088 481 baec

63 498 116 557 tibi
138 505 185 556 est
207 494 301 569 prima
320 510 388 554 cum
407 493 527 553 Plancio
549 495 669 567 generis
691 494 783 555 vestri
804 496 993 572 familiaeque
1017 517 1087 562 con-

63 579 172 650 tentio,
190 595 250 653 qua
264 579 319 639 abs
334 584 364 639 te
391 576 528 635 vincitur.
572 577 631 636 Cur
650 577 730 635 enim
751 593 811 637 non
832 580 978 639 confitear
1004 589 1086 658 quod
1109 621 1113 630 ·

64 678 193 722 necesse
208 667 275 721 esti
310 659 372 720 Sed
388 676 450 719 non
465 658 514 718 hic
528 659 624 733 magis
640 675 730 735 quem
746 676 804 734 ego
817 678 837 720 a
853 663 928 722 meis
943 668 1088 739 competi-

63 747 177 806 toribus
205 743 334 805 elalius
364 750 395 802 et
417 743 449 800 iu
469 745 643 802 consulatus
668 742 812 817 petitione
831 745 984 805 vincebar.
1027 748 1089 808 Sed

64 830 133 888 vide
147 845 184 887 ne
198 827 275 887 lraec
295 826 388 901 ipsa,⁸
407 841 488 898 quac
504 825 654 899 despicis,
676 825 747 885 huic
764 826 929 901 suffragata
944 828 1018 889 sint:
1043 831 1088 891 sic

62 912 141 972 enim
154 913 356 971 conferamus.
390 907 446 967 Est
459 914 541 967 tuum
559 924 667 967 nomen
680 916 807 983 utraque
825 910 936 971 lamilia
948 915 1088 973 consula·

62 1013 111 1055 re:
128 1011 200 1054 num
215 992 334 1055 dubitas
348 990 438 1065 igitur
453 992 523 1064 quin
538 1007 660 1063 omnes,
680 993 731 1065 qui
746 992 848 1052 lavent
861 995 1020 1068 nobilitati,
1037 997 1088 1070 qui

62 1079 93 1137 id
108 1085 214 1151 putant
230 1091 301 1135 esse
317 1072 560 1149 pulcherrimum,
577 1073 627 1148 qui
642 1074 832 1149 imaginibus,
854 1076 905 1151 qui
917 1078 1087 1139 nominibus
1116 1148 1117 1155 ἵ

14 1191 16 1195 -
62 1160 173 1220 vestris
190 1159 350 1230 ducuntur,
365 1165 395 1217 te
408 1156 536 1217 aedilem
552 1157 697 1217 iecerint?
735 1158 885 1234 Equidem
899 1176 958 1221 non
974 1162 1087 1222 dubim.

63 1243 126 1302 Sed
141 1241 167 1301 si
184 1258 290 1316 parum
309 1239 393 1300 multi
408 1247 478 1299 sunt
491 1240 542 1313 qui
557 1239 740 1300 nobilitatem
755 1252 863 1317 ament,
881 1260 952 1303 num
966 1244 1025 1325 ista
1039 1252 1089 1304 est

63 1334 168 1385 nostra
182 1327 294 1399 culpat
320 1323 444 1385 Etenim
458 1323 498 1383 ad
512 1331 603 1398 caput
616 1334 646 1384 et
659 1323 699 1384 ad
717 1326 828 1386 iontem
843 1327 964 1400 generis
977 1327 1087 1388 utrius·

66 1425 125 1483 que
141 1424 308 1467 veniamue

144 1490 223 1550 Vill.
245 1487 295 1550 19.
330 1491 375 1563 Tu
394 1508 430 1552 es
451 1508 469 1551 e
490 1488 652 1564 municipio
674 1490 885 1565 antiquissimo
905 1492 1086 1565 Tusculano,

62 1591 101 1633 ex
127 1591 186 1647 quo
209 1574 355 1648 plurimae
381 1584 451 1635 sunt
480 1573 608 1632 familiae
631 1575 821 1644 consulares,
848 1574 879 1632 in
905 1577 1015 1648 quibus
1040 1584 1087 1636 est

62 1656 152 1716 etiam
180 1656 329 1717 Iuventia:
366 1666 412 1717 tot
442 1674 480 1714 ex
503 1655 628 1728 reliquis
657 1655 826 1729 municipiis
856 1659 995 1717 omnibus
1026 1675 1087 1718 non

62 1747 146 1799 sunt:
162 1737 212 1797 hic
228 1747 276 1798 est
291 1755 308 1798 e
321 1741 514 1813 praefectura
528 1736 654 1809 Atinati,
668 1754 727 1797 non
744 1747 804 1796 tam
820 1738 935 1811 prisca,
950 1755 1011 1805 non
1026 1748 1085 1798 tam

60 1824 219 1890 honorata,
236 1835 296 1877 non
312 1828 372 1879 tam
388 1820 570 1880 suburbana.
607 1819 755 1891 Quantum
769 1820 917 1878 interesse
927 1820 974 1879 vis
988 1821 1027 1878 ad
1041 1837 1087 1878 ru·

61 1905 174 1964 tionem
189 1901 332 1975 petendi?
359 1901 488 1961 Primum
504 1910 602 1961 ulrum
618 1900 714 1974 magis
731 1902 833 1960 lavere
844 1909 934 1975 putea
947 1901 1086 1965 Atinates

62 2005 103 2045 au
117 1986 307 2045 Tusculanos
325 1983 409 2044 suist
440 1985 536 2045 Alteri
554 2018 598 2031 -
612 1983 691 2044 eolre
705 1984 783 2043 enim
800 1983 858 2043 hoc
877 1992 1001 2059 propter
1015 1984 1086 2044 vici·

62 2070 185 2128 nitatem
208 2066 295 2127 lecile
309 2070 435 2142 possum
448 2100 499 2140 -,
515 2084 607 2142 quum
623 2067 712 2128 huius
728 2066 910 2127 ornatissimi
925 2076 1017 2141 atque
1032 2083 1087 2142 op·

63 2153 127 2210 timi
142 2151 208 2222 viri,
225 2150 277 2211 Cn.
294 2150 453 2222 Saturnini,
470 2159 583 2226 patrem
600 2151 737 2223 aedilem,
752 2165 844 2224 quum
860 2159 1029 2224 praetorem
1044 2151 1086 2208 vi·

63 2236 188 2306 derunt,
203 2234 287 2308 quod
305 2234 418 2309 primus
439 2235 490 2294 ille
510 2251 570 2295 non
591 2235 681 2295 modo
706 2234 737 2291 in
765 2249 830 2292 eam
852 2233 1006 2307 familiam,
1031 2233 1086 2294 sed

62 2318 151 2376 etiem
170 2317 199 2375 in
223 2318 443 2391 praefecturam
463 2319 544 2377 illam
562 2319 666 2376 sellam
687 2318 820 2386 curulem
843 2316 1006 2389 atmiisset,
1030 2316 1085 2376 mi·

60 2401 188 2460 randum
202 2399 233 2458 in
248 2401 370 2461 modum
387 2400 488 2461 laetati
502 2409 587 2462 suut:
607 2401 771 2460 alteros-
785 2398 894 2473 credo,
908 2400 979 2476 quia
992 2401 1085 2458 reler-

61 2491 123 2543 tum
149 2490 196 2543 est
212 2482 408 2557 municipium
422 2482 647 2543 consularibus=
674 2499 743 2542 nam
760 2485 925 2544 malevolos
940 2498 1001 2543 non
1015 2496 1085 2541 csse

63 2573 144 2624 certo
163 2565 228 2625 scio
263 2598 299 2610 -
330 2582 492 2640 numquam
514 2563 879 2626 intellexivehementius
902 2565 1086 2639 municipum

63 2664 188 2708 suorum
202 2649 319 2710 honore
332 2646 446 2708 laetari.
489 2644 539 2706 20.
565 2648 718 2708 Habemus
738 2648 797 2708 hoc
811 2666 884 2709 nos:
906 2648 1018 2708 babent
1032 2662 1085 2706 no·

62 2740 126 2791 stra
140 2731 311 2806 municipia.
343 2730 420 2803 Quid
434 2745 491 2802 ego
506 2731 544 2789 de
560 2746 616 2802 me,
633 2732 672 2790 de
683 2733 773 2790 iratre
786 2747 853 2791 meo
871 2732 998 2805 loquum
1010 2744 1085 2802 qno·

60 2830 127 2873 rum
151 2813 318 2875 honoribus
341 2813 406 2888 agri
428 2812 487 2887 ipsi
508 2829 604 2886 prope
625 2813 724 2873 dicam
744 2823 924 2888 montesque
940 2815 1086 2871 laverunt

60 2895 138 2955 Num
154 2899 274 2969 quando
290 2896 381 2956 vides
396 2897 597 2959 Tusculanum
612 2895 744 2970 aliquem
757 2898 796 2956 de
806 2896 846 2954 Μ.
863 2896 974 2955 Catone
990 2892 1042 2953 illo
1056 2893 1086 2953 ln
1145 2965 1151 2975 x

61 2977 143 3039 omni
159 2977 265 3040 virtute
278 2978 429 3053 principe,
451 2995 521 3039 nuru
537 2980 575 3038 de
589 2977 633 3036 Ti.
650 2978 838 3040 Coruncanio
852 2976 1005 3051 municipe
1018 2990 1084 3046 suo,

59 3079 132 3122 num
151 3062 189 3120 de
202 3070 246 3123 tot
257 3062 370 3122 Fulviis
385 3063 526 3136 gloriari?
543 3064 666 3122 verbum
680 3078 768 3121 nemo
782 3061 860 3120 lacit.
890 3058 1084 3143 Atinquam·

61 3160 193 3219 cumque
209 3145 384 3218 Arpinatem
397 3145 555 3216 incideris,
578 3147 666 3205 etiarn
681 3145 709 3205 si
724 3145 818 3217 nolis,
836 3142 899 3202 ¹erit
909 3139 1085 3218 *tumentibi

59 3231 192 3287 fortasse
214 3229 303 3288 etiam
325 3227 468 3288 danobis
488 3228 616 3300 aliquid,
640 3229 696 3286 sed
717 3236 799 3287 certe
817 3226 858 3287 de
876 3222 1019 3284 afflatio·
1032 3239 1099 3282 au··

61 3311 216 3370 diendum.
252 3309 383 3370 Primum
399 3310 488 3384 igitur
501 3310 549 3368 hie
563 3309 665 3369 habuit
684 3311 784 3370 studia
799 3303 1086 3387 suorumardentiar

59 3400 92 3452 tu
106 3402 203 3464 tanta,
226 3400 338 3466 quanta
358 3393 389 3465 in
410 3393 581 3453 hominibus
601 3393 659 3451 iam
681 3391 823 3460 saturatis
823 3389 1001 3530 &rioribus
1015 3401 1086 3447 ease

132 3490 186 3532 cic.
206 3491 295 3535 onir.
