2340 3788
80 179 125 245 92
311 187 350 246 IN
373 185 405 247 C.
427 184 591 247 VERREM
605 184 688 245 Aca.
705 185 741 283 11τ
755 184 827 245 tta.
841 184 893 243 lv.

82 348 116 402 ut
139 347 348 410 conservaret,
379 351 485 397 verum
508 344 541 397 ut
561 342 734 410 asportaret
750 332 921 411 requisivit.
949 334 1026 396 Ltlt.
1055 339 1110 401 lam

82 423 149 495 illa,
165 436 243 496 quae
257 422 374 481 leviora
387 418 582 491 videbuntur,
600 417 671 478 ideo
682 418 869 493 praeteribo:
885 420 980 493 quod
992 436 1110 482 mensas

81 503 247 579 Delphicas
269 519 465 576 marmore,
487 511 620 563 crateras
644 517 684 561 ex
704 517 775 562 aere
794 500 1036 578 pulcherrimas,
1058 505 1110 565 vin

81 587 244 648 maximam
261 602 406 648 vasorum
420 585 641 648 Corinthiorum
659 601 699 645 ex
715 584 856 646 omnibus
873 583 1004 663 aedibus
1020 590 1110 649 sacris

81 671 206 732 abstulit
233 670 407 747 Syracusis.
443 669 514 732 132.
542 670 663 744 ltaque,
684 667 819 742 iudices,
836 666 876 742 ii,
899 667 955 744 qui
977 669 1110 746 hospites

82 757 123 815 ad
140 768 192 827 ea,
217 771 296 830 quae
317 755 447 815 visenda
462 760 547 825 sunt,
569 753 670 812 solent
690 752 804 812 ducere
823 760 854 812 et
867 769 963 813 uuum
977 752 1110 830 quidque

82 839 259 912 ostendere,
276 855 355 914 quos
369 836 412 898 illi
428 844 627 915 mystagogos
641 843 770 917 vocant,
790 850 975 896 conversam
988 837 1050 897 ianr
1064 839 1109 901 ha·

82 923 154 984 bent
184 919 472 982 demonstrationem
501 935 596 979 suam.
638 918 733 991 Nam,
765 927 799 979 ut
829 926 899 978 ante
924 919 1109 981 demonstra·

81 1006 163 1079 bant,
180 1005 254 1080 quid
268 1001 382 1079 ubique
396 1011 488 1075 esset,
505 1001 576 1062 item
591 1017 673 1061 nunc
689 1002 761 1077 quid
776 1001 913 1077 undique
927 1003 1064 1065 ablatum
1077 1004 1110 1065 sit

82 1089 255 1151 ostendunt.

166 1169 244 1244 Quid
256 1175 338 1240 tamt
354 1167 540 1229 mediocrine
554 1167 677 1229 tandem
692 1168 799 1229 dolore
812 1183 868 1229 eos
883 1169 1027 1233 adiectos
1043 1186 1109 1231 esse

81 1251 290 1315 arbitramini?
325 1251 392 1312 Non
414 1252 456 1312 ita
484 1261 544 1324 est,
574 1251 709 1312 iudicesa
730 1250 876 1327 primurn,
898 1253 985 1327 qnod
1007 1269 1108 1314 omnes

43 1382 48 1388 .
79 1335 226 1411 religione
240 1343 413 1409 moventur,
431 1343 461 1396 et
475 1336 552 1397 deos
568 1335 700 1411 patrios,
717 1351 796 1410 quos
811 1352 830 1394 a
843 1334 1013 1397 maioribus
1027 1352 1109 1398 acce

80 1426 206 1495 perant,
228 1418 374 1481 colendos
390 1418 448 1478 sibi
465 1418 625 1493 diligenter
642 1427 671 1479 et
684 1417 862 1479 retinendos
876 1435 950 1480 esse
966 1419 1109 1483 arbitran-

80 1511 143 1563 tur:
166 1501 278 1562 deinde
299 1500 509 1574 nicomatus,
532 1501 609 1562 haee
629 1518 724 1577 opera
737 1510 830 1578 atque
845 1501 989 1582 artificia,
1015 1502 1108 1580 signa,

79 1586 200 1647 tabulae
215 1585 330 1660 pictae,
347 1585 481 1645 Graecos
494 1584 634 1646 homines
650 1584 744 1646 nimio
763 1601 858 1661 opere
871 1585 1036 1647 delectant
1054 1588 1108 1648 Ita·

80 1685 140 1746 que
162 1685 199 1729 ex
221 1669 340 1728 illorum
356 1668 552 1742 querimoniis
567 1668 735 1743 intelligere
749 1684 931 1743 possumus,
959 1669 1037 1730 haee
1052 1669 1108 1732 illis

79 1751 277 1814 acerbissima
290 1744 403 1825 videri,
425 1768 504 1827 quae
526 1751 652 1812 forsitan
667 1751 756 1813 nobis
770 1751 850 1812 levia
868 1759 898 1811 et
915 1760 1108 1813 contemnen-

79 1837 119 1897 da
132 1851 203 1896 esse
216 1835 386 1896 videantur.
416 1835 490 1897 Mihi
509 1835 638 1910 credite,
652 1835 785 1911 iudices,
798 1867 842 1882 -
854 1835 976 1896 tametsi
987 1842 1108 1917 vosmet

78 1919 165 1995 ipsos
180 1919 257 1980 haec
272 1920 380 1979 eadem
393 1918 500 1980 audire
518 1928 600 1980 certo
616 1918 682 1980 scio
695 1950 752 1991 -‚
776 1936 868 1994 quum
890 1920 1001 1979 mudms
1024 1935 1106 1981 acce·

78 2003 179 2079 perint
195 2020 249 2078 per
265 2003 362 2063 hosce
379 2018 476 2075 annos
493 2003 569 2063 socii
583 2009 676 2076 alque
696 2011 819 2063 exterae
834 2001 973 2063 nationes
989 2002 1108 2063 calami·

77 2093 154 2145 tates
170 2095 199 2145 et
211 2085 351 2157 iniurias,
368 2087 466 2145 nullas
480 2085 586 2145 Graeci
603 2084 742 2146 homines
759 2085 883 2160 gravius
900 2086 999 2146 lerunt
1013 2103 1052 2147 ac
1066 2095 1107 2147 tu·

77 2168 192 2238 lerunt,
216 2184 306 2241 quam
327 2168 455 2228 huiusce
473 2169 556 2228 modi
578 2168 777 2242 spoliationes
793 2171 932 2230 fanorum
946 2177 1041 2243 atquc
1057 2187 1107 2244 op·

78 2248 228 2323 pidorum.
260 2248 330 2310 133.
362 2251 448 2311 Licet
466 2250 525 2311 iste
546 2248 628 2311 dicat
650 2251 763 2312 emisse
784 2268 834 2324 se,
862 2252 950 2312 sicuti
962 2253 1053 2323 ,solet
1066 2250 1106 2311 di·

78 2347 165 2391 cerat
188 2332 302 2392 credite
316 2333 377 2394 hoc
394 2333 480 2406 milri,
504 2333 637 2394 iudices:
661 2336 743 2395 nulla
757 2351 903 2411 umquam
917 2335 1026 2396 civitas
1047 2343 1107 2396 tota

77 2414 154 2474 Asia
175 2424 204 2474 et
218 2414 345 2475 Graecia
359 2417 479 2491 signum
496 2418 605 2488 ullum,
627 2419 759 2479 tabulam
774 2419 900 2494 pictam,
915 2420 1011 2479 ullum
1026 2416 1106 2478 deni-

77 2515 137 2574 que
153 2508 362 2559 ornamentum
376 2500 471 2574 urbis,
487 2517 543 2561 sua
559 2502 712 2562 voluntate
727 2501 869 2577 cuiquam
882 2501 1036 2563 vendidit:
1050 2499 1108 2561 nisi

76 2583 153 2643 lortc
177 2581 372 2655 existimatis,
400 2591 509 2658 postea
533 2603 624 2659 quam
644 2585 756 2645 iudicIa
778 2603 887 2646 severa
906 2585 1024 2646 Romae
1044 2583 1107 2644 lieri

76 2665 248 2740 desierunt,
266 2665 400 2726 Graecos
422 2666 562 2728 homines
584 2669 660 2729 haec
677 2668 833 2731 venditare
852 2668 1011 2744 coepisse,
1031 2683 1107 2743 quae

76 2758 214 2812 tamnen
230 2750 321 2811 modo
337 2765 398 2810 non
410 2749 615 2824 venditabant,
631 2769 725 2827 quum
738 2752 851 2813 iudicia
862 2752 984 2823 fiebant,
1005 2767 1107 2812 verum

75 2831 165 2893 etiarn
188 2834 380 2895 coemebant:
403 2842 455 2894 aut
471 2834 530 2894 nisi
540 2835 723 2896 arbitramini
736 2836 769 2894 L.
788 2837 907 2907 crasso,
925 2834 960 2908 Q.
976 2834 1107 2895 Scaevo-

75 2915 138 2986 lae,
154 2917 185 2975 Ο.
203 2917 338 2990 Claudio,
353 2918 573 2992 potentissimis
589 2918 777 2991 hominibus,
796 2936 926 2994 quorum
939 2918 1108 2979 aedilitates

76 2997 285 3061 ornatissimas
304 3001 443 3074 vidimus,
457 3001 671 3063 commercium
685 3002 811 3063 istarum
822 3019 924 3062 rerum
935 3017 1005 3062 cum
1017 3001 1108 3062 Grae-

75 3075 120 3136 cis
144 3079 314 3143 hominibus
339 3101 400 3144 non
416 3083 528 3146 luisse:
549 3085 601 3158 iis,
625 3087 677 3160 qui
692 3095 763 3160 post
778 3086 960 3148 iudiciorum
975 3084 1107 3145 dissolu·

74 3159 186 3220 tionem
205 3165 320 3226 aediles
337 3169 408 3227 lacti
423 3177 503 3240 sunt,
519 3168 624 3231 luisse.
921 3187 925 3202 ·

156 3244 216 3303 LX.
250 3245 318 3308 134.
355 3253 554 3313 Acerbiorem
579 3252 670 3313 etiarn
695 3252 805 3314 scitote
834 3268 906 3314 esse
934 3251 1109 3313 civitatibus

74 3328 180 3388 falsam
197 3327 286 3387 istam
305 3340 335 3390 et
358 3333 528 3395 simulatam
550 3336 748 3410 emptionem,
776 3336 915 3412 quamsi
938 3337 1008 3413 quis
1032 3339 1108 3398 clam

73 3411 217 3486 surripiat
231 3420 283 3472 aut
297 3413 405 3488 eripiat
420 3419 519 3490 palam
534 3427 627 3493 atque
643 3420 768 3480 aulerat.
797 3421 872 3480 Nam
887 3421 1108 3496 turpitudinem
