2340 3788
109 162 151 227 to
276 160 350 223 ruo
365 159 448 220 sux.
463 154 601 219 Roscio
615 156 790 219 ιιιιιιιιιιο
813 156 965 218 οιιιιιο.
1077 124 1082 145 “
1164 136 1166 151 “

109 324 191 385 tuam
206 313 390 372 voluntatem
404 308 516 370 laedio
530 322 578 368 me
594 315 705 383 putast
724 307 776 369 ubi
795 307 855 370 tuis
871 308 1044 395 commodis
1065 312 1127 373 olli·
1161 306 1166 381 ’,

111 395 181 457 οἰοι
195 395 268 471 quid
282 393 335 455 tibi
349 394 460 454 obstot
479 391 511 452 Si
524 390 691 466 spoliorum
706 390 859 458 causaris
874 389 1029 475 hominem
1050 395 1125 455 occi

111 479 197 550 dere,
216 476 289 554 quid
303 474 425 552 quaeris
440 474 592 550 amplius?
605 473 631 535 si
648 473 876 548 inimicitiarum,
895 490 975 549 quae
991 486 1066 537 sunt
1079 476 1124 539 tihi
1160 506 1166 555 t

108 559 281 621 inimicitiae
291 576 359 621 cum
369 576 417 633 eo,
432 558 519 619 cuius
529 564 598 617 ante
609 557 735 632 praedia
745 556 912 633 possedisti
926 574 1019 632 quam
1029 559 1123 635 ipsum

111 643 271 718 cognostis
290 642 336 704 sin
357 650 470 717 metus,
491 641 530 701 ab
550 657 627 702 eone
646 640 760 716 aliquid
782 639 906 713 metuis,
933 657 1026 715 quem
1042 642 1123 704 videt

108 725 209 802 ipsum
223 726 261 786 ab
276 742 346 788 sese
358 736 420 789 tam
436 733 568 785 atrocem
582 723 720 784 iniuriam
739 724 921 798 propulsare
935 740 998 784 non
1013 732 1123 800 posset
1154 750 1164 791 2

104 809 172 881 sin,
194 811 277 885 quod
290 811 380 883 bona,
398 823 477 884 quae
487 805 591 866 Roscii
605 808 738 880 luerunt,
754 815 806 866 tua
816 808 899 866 lacta
911 816 998 881 sunt,
1012 808 1121 869 idcirco
1163 850 1166 855 -

108 891 188 954 hunc
207 893 287 954 illius
303 893 397 954 lilium
413 890 518 951 studes
534 891 677 965 perdere,
697 905 798 949 nonne
813 888 951 949 ostendis
977 891 1010 951 id
1033 900 1064 951 te
1079 908 1121 951 ve

107 976 182 1048 reri,
212 977 295 1051 quod
322 982 442 1050 praeter
466 978 603 1032 caeteros
629 979 661 1047 ιιι
686 979 819 1033 metuere
843 988 906 1031 non
931 973 1064 1049 debeas,
1089 988 1121 1035 ne

110 1059 231 1133 quando
247 1057 350 1117 liberis
366 1053 609 1131 proscriptorum
627 1056 709 1115 hona
728 1055 826 1130 patria
845 1055 1033 1116 reddanturt
1058 1054 1120 1119 tlt.
1164 1100 1166 1105 -

107 1139 195 1201 Facis
215 1138 370 1213 iniuriam,
396 1138 610 1215 chrysogone,
634 1137 662 1196 si
688 1137 832 1198 maiorem
858 1154 945 1213 spem
964 1139 1120 1214 emptionis
1160 1182 1166 1189 -.

108 1232 177 1283 tuae
191 1223 221 1281 in
235 1221 325 1281 huius
342 1220 434 1281 exitio
452 1220 542 1296 ponis
563 1221 697 1296 quentin
714 1220 762 1280 his
776 1221 883 1294 rebus,
902 1238 979 1295 quas
996 1223 1029 1281 L.
1046 1222 1121 1283 Sullt

107 1303 211 1380 gessit.
245 1303 360 1377 Quodsi
372 1304 425 1364 tibi
443 1320 536 1364 causa
552 1305 633 1363 nulla
647 1310 695 1363 est
713 1319 767 1364 cur
786 1304 866 1365 hunc
887 1305 1032 1365 miserum
1046 1314 1121 1367 tuno

108 1385 274 1447 calamitate
288 1387 379 1448 adlici
392 1386 484 1461 velis,
499 1387 526 1447 si
541 1387 594 1448 tibi
608 1387 709 1448 omnia
720 1404 777 1447 sua
790 1395 910 1461 praeter
923 1388 1056 1449 animam
1069 1397 1119 1450 tra·

108 1467 259 1552 diditnec
279 1469 337 1530 sibi
358 1469 523 1545 quidquam
550 1477 709 1545 paternum
733 1486 771 1530 ne
796 1472 982 1533 monumenti
1003 1472 1121 1546 quiden
1161 1525 1166 1531 .

107 1567 201 1611 causa
213 1553 288 1612 clam
302 1553 481 1625 reservavit,
497 1570 553 1627 per
566 1553 642 1614 deos
660 1553 860 1626 immortales,
880 1570 960 1629 quae
974 1556 1034 1615 ista
1044 1563 1121 1616 anu

107 1635 268 1695 cmdelites
283 1642 351 1696 esti
365 1652 443 1710 quae
457 1644 519 1696 tam
531 1637 596 1696 iera
607 1635 807 1710 immanisque
821 1644 950 1697 natarat
975 1637 1049 1712 Quis
1062 1654 1121 1698 um·
1163 1690 1166 1695 .

108 1733 199 1792 quam
209 1720 325 1793 praedo
340 1719 396 1780 luit
409 1727 469 1779 tam
483 1719 625 1792 nefarius,
643 1719 711 1793 quis
726 1719 823 1793 pirata
837 1728 897 1780 tam
911 1721 1069 1792 barbaros,
1084 1728 1120 1791 ιιι,

108 1817 201 1875 (ιιιιιιιι
215 1801 362 1877 integram
377 1802 522 1877 praedam
536 1802 603 1862 sine
618 1802 767 1877 sanguine
781 1802 894 1863 hahere
911 1812 1034 1878 posset,
1059 1820 1120 1864 cru-

105 1893 175 1945 enta
189 1884 289 1959 spolia
304 1887 462 1947 detrahere
476 1888 598 1946 mullet?
628 1883 700 1948 147
731 1884 799 1945 Scis
820 1886 901 1946 hunc
915 1886 989 1946 nihil
1002 1886 1121 1959 habere,
1155 1916 1166 1957 ,ι

105 1966 178 2027 nihil
198 1969 324 2042 audere,
346 1968 420 2030 nihil
440 1986 549 2044 posse,
573 1969 647 2028 nihil
670 1984 814 2042 umquam
833 1978 939 2030 contra
959 1986 1025 2030 rem
1045 1979 1122 2032 tuant
1156 2001 1166 2039 ι

44 2084 46 2089 -
105 2050 273 2124 cogitasse,
293 2061 323 2112 et
343 2060 440 2112 tamen
461 2068 621 2127 oppugnas
642 2069 726 2123 eum,
753 2068 843 2126 quem
863 2068 964 2149 neque
991 2062 1122 2114 metuere
1152 2076 1166 2123 ι

104 2140 194 2206 potes
209 2149 310 2208 neque
325 2133 429 2194 odisse
443 2134 539 2194 debes
553 2150 610 2194 nec
626 2134 792 2230 quidquam
804 2135 944 2195 habere'
934 2151 995 2196 ram
1016 2134 1121 2211 reliqui

102 2213 191 2273 vides
213 2217 297 2288 quod
318 2217 347 2274 ei
369 2216 527 2276 detrahere
547 2216 666 2291 possis:
687 2216 747 2277 nisi
767 2218 826 2278 hoc
847 2219 1004 2294 indignum
1025 2228 1120 2294 putat,
1158 2252 1166 2283 -ι

105 2295 188 2370 quod
203 2298 343 2358 vestitum
359 2301 466 2359 sedere
480 2299 510 2358 in
525 2299 636 2360 iudicio
650 2300 747 2371 vides,
764 2317 854 2375 quem
868 2311 900 2362 tu
916 2302 1121 2377 epatrimonio

103 2386 257 2451 tamquam
273 2397 291 2439 e
306 2382 462 2458 naufragio
478 2383 590 2443 nudum
605 2372 758 2458 expulisti.
796 2383 889 2457 Quasi
908 2401 982 2446 vero
1003 2385 1121 2446 nescius
1160 2418 1166 2460 :

103 2460 183 2520 hunc
194 2468 224 2521 et
233 2461 273 2522 alt
283 2472 313 2523 et
322 2465 594 2526 vesturracaecrlra
606 2466 765 2541 [Balearrcr
775 2466 837 2527 filra
838 2468 984 2543 Nepotis
996 2468 1121 2544 sorore]
1161 2504 1166 2542 ι

104 2543 328 2618 spectatissimo
348 2547 459 2607 lemina
466 2565 571 2644 ,quae
587 2567 680 2624 quum
699 2558 815 2625 patrem
831 2551 1041 2623 clarissimum,
1063 2562 1121 2611 dm·
1161 2582 1164 2587 ·

100 2626 257 2702 plissimos
279 2638 421 2704 patruos,
446 2631 670 2694 ornatissimum
697 2633 819 2693 fratrem
846 2633 987 2707 haberet,
1007 2642 1121 2730 tamen,

102 2722 220 2791 quum
211 2721 295 2774 esset
311 2712 432 2788 mulier,
447 2714 555 2775 virtute
570 2716 711 2790 perfecit,
728 2723 761 2777 ιιι
782 2726 896 2791 quanto
917 2717 1064 2778 honore
1055 2730 1123 2793 ipss

101 2808 141 2850 ex
155 2793 274 2856 illomm
288 2795 435 2872 dignitate
452 2798 648 2872 adficeretur,
663 2816 724 2860 non
740 2798 856 2859 minora
870 2800 931 2860 illis
947 2808 1122 2861 ornamenta

101 2890 140 2933 ex
154 2892 210 2936 suo
223 2880 313 2939 laude
327 2880 478 2940 redderet
509 2881 556 2940 Ll.
588 2879 658 2943 148.
680 2884 729 2942 An
745 2875 829 2956 quod
843 2882 1004 2957 diligenter
1018 2884 1121 2947 delen·

102 2955 195 3029 ditur,
210 2958 242 3018 id
255 2962 309 3022 tihi
323 2962 480 3037 indignum
494 2964 613 3026 lacinus
630 2965 769 3025 videtur?
806 2965 880 3025 Mihi
895 2967 1003 3039 crede,
1024 2965 1053 3026 si
1067 2980 1121 3040 pro

100 3037 194 3111 patris
210 3041 275 3102 eius
289 3045 431 3121 hospitiis
447 3056 478 3107 et
498 3047 594 3122 gratie
614 3050 727 3107 vellent
747 3065 853 3109 omnes
874 3048 966 3109 huius
983 3048 1122 3123 hospites

99 3120 211 3180 adesse
226 3125 416 3187 clauderent
436 3130 530 3190 libere
544 3130 722 3199 defendere,
745 3132 820 3192 satis
835 3131 962 3206 copiose
975 3131 1121 3192 deleude

97 3211 194 3264 retur
212 3203 259 3264 sin
274 3215 373 3267 autem
387 3228 444 3284 pro
458 3212 686 3286 magnitudine
678 3212 804 3275 rniuriae
819 3230 938 3289 proque
961 3230 1015 3288 eo,
1039 3212 1123 3289 quod

99 3303 217 3348 summa
233 3303 284 3348 res
301 3291 469 3363 publicam
491 3294 581 3355 huius
598 3296 734 3371 periculo
759 3304 934 3393 temptatur,
959 3296 1038 3356 haec
1059 3311 1123 3356 om·.

97 3386 153 3430 nes
168 3369 367 3446 vindicarent,
380 3377 549 3439 consistere
563 3380 736 3439 mehercule
747 3379 857 3440 vohis
848 3389 908 3440 isto
923 3378 955 3438 in
971 3380 1042 3441 loco
1060 3394 1122 3439 non
