2340 3788
260 198 264 205 .
373 156 824 225 cra1>.1o-12.'s.ar-.-oa.¹
931 192 937 201 ·
1032 159 1095 227 att

62 325 137 372 uem
158 324 280 382 semper
300 306 375 380 vim,
398 322 591 381 quacumque
614 323 675 381 ope
694 317 837 384 possent,
868 325 886 369 a
909 326 1055 387 corpore,
1078 330 1097 373 a

62 393 179 466 sapite,
198 408 216 449 a
232 392 290 450 vita
304 386 362 449 sua
376 392 599 465 propulsarent,
615 390 822 465 non-potestis
836 391 894 450 hoc
908 394 1025 456 lacinus
1040 395 1095 456 im·

62 475 198 549 probum
212 472 346 532 iudicare
364 472 435 547 quin
449 473 536 533 simul
551 472 690 533 iudicetis
706 474 860 545 omnibus,
885 475 936 548 qui
959 479 989 536 in
1005 480 1094 539 latro·

62 573 122 615 nes
150 555 321 627 inciderint,
341 565 393 615 aut
413 555 531 615 illorum
548 554 617 614 telis
639 564 691 616 aut
710 554 820 615 vestris
845 558 1001 618 sententiis
1025 577 1095 622 esse

62 640 262 712 pereundum.
283 636 335 698 31.
352 639 439 712 Quod
458 637 484 697 si
501 637 541 697 ita
557 645 702 712 putasset,
718 647 800 697 certe
816 636 979 713 optabilius
992 640 1096 703 Miloni

62 723 123 782 luit
144 722 217 780 dare
237 720 371 795 iugulum
386 721 417 779 P.
435 720 555 792 Clodio,
577 737 638 781 non
665 722 759 781 semel
781 720 891 781 abillo
912 737 1012 796 neque
1034 731 1096 783 tum

62 804 194 878 primum
206 805 340 878 petitum,
357 819 448 877 quam
462 801 591 877 iugulari
605 819 624 862 a
638 803 735 876 vobis,
752 806 823 878 quia
837 819 872 862 se
883 819 945 862 non
960 807 1096 878 iugulan-

62 889 138 946 dum
158 887 200 945 illi
219 887 402 947 tradidisset.
448 884 500 944 Sin
520 885 580 946 hoc
595 901 684 946 nemo
701 894 836 946 vestrum
851 888 892 946 ita
909 886 1007 959 sentit,
1023 889 1096 947 illud

62 967 124 1028 iam
140 970 170 1028 in
186 968 330 1029 iudicium
346 968 440 1041 venit,
462 984 523 1028 non
540 971 701 1029 occisusne
716 967 769 1040 sit,
784 968 867 1043 quod
883 969 1023 1041 latemur,
1040 970 1096 1029 sed

63 1051 131 1111 iure
145 1069 183 1110 an
198 1051 321 1124 iniuria,
344 1050 427 1125 quod
449 1051 550 1110 multis
567 1052 598 1109 in
623 1051 726 1112 causis
747 1065 841 1126 saepe
856 1051 1024 1126 quaesitum
1040 1061 1095 1111 est.

65 1134 198 1192 Insidias
215 1136 310 1193 lactas
325 1148 397 1192 esse
411 1142 545 1204 constat,
567 1141 597 1193 et
612 1132 643 1191 id
658 1141 720 1207 est,
743 1134 825 1207 quod
846 1141 970 1194 senatus
992 1142 1096 1195 contra

65 1216 296 1290 rempublicam
312 1214 592 1275 lactumiudicavit=
614 1217 652 1274 ab
669 1224 736 1276 utro
754 1218 851 1276 iactae
870 1216 930 1276 sint
949 1216 1096 1277 incertum

66 1307 122 1356 est.
165 1300 209 1357 lle
225 1298 382 1372 hocigilur
395 1299 487 1358 latum
503 1305 597 1358 estut
621 1307 824 1373 quaereretur.
868 1300 911 1359 lta
926 1307 956 1360 et
971 1307 1095 1360 senatus

65 1396 146 1451 rem,
171 1398 230 1440 non
252 1381 403 1441 hominem
417 1380 532 1440 notavit
547 1389 576 1441 et
589 1381 751 1456 Pompeius
767 1381 805 1441 de
820 1381 899 1454 iure,
918 1399 978 1440 non
997 1383 1036 1442 de
1051 1383 1094 1441 la·
1137 1376 1141 1382 ’

66 1471 115 1521 cto
133 1464 340 1536 quaestionem
355 1458 428 1524 tulit.
449 1464 512 1523 Xll.
527 1463 690 1537 Numquid
704 1464 794 1539 igitur
808 1463 888 1524 aliud
905 1464 934 1524 in
950 1463 1094 1524 iudicium

63 1546 147 1605 venit
161 1547 217 1605 nisi
233 1555 299 1606 uter
312 1546 371 1607 utri
389 1545 516 1607 insidias
530 1546 656 1606 lecerit?
674 1547 812 1608 Profecto
825 1547 912 1605 nibil:
935 1547 962 1607 si
978 1547 1028 1627 bic
1042 1547 1094 1622 illi,

63 1636 149 1687 utne
164 1628 286 1703 impune
301 1631 354 1690 sit:
373 1629 399 1688 si
414 1630 464 1689 ille
477 1627 558 1699 huic,
578 1637 610 1688 ut
625 1631 742 1688 scelere
758 1631 920 1689 solvamur.

128 1710 178 1770 32.
202 1712 337 1783 Quonam
359 1710 449 1784 igitur
468 1718 558 1784 pacto
580 1711 704 1783 probari
725 1719 827 1784 potest
845 1709 973 1770 insidias
990 1711 1095 1772 Miloni

64 1792 179 1851 secisse
197 1793 353 1852 Clodium?
377 1790 458 1851 Satis
478 1791 574 1852 estin
596 1792 646 1850 illa
665 1792 787 1865 quidem
808 1800 867 1851 tam
887 1792 1012 1864 audaci,
1033 1802 1107 1853 tam-

62 1874 180 1933 nelaria
199 1874 289 1933 belua
311 1875 436 1945 docere,
455 1888 592 1947 magnam
608 1875 635 1932 ei
650 1888 939 1947 causam,magnam
958 1889 1044 1947 spem
1064 1876 1094 1934 in

62 1956 188 2015 Milonis
205 1964 300 2016 morte
316 1954 516 2030 propositam,
536 1971 661 2030 magnas
682 1955 824 2016 utilitates
839 1957 945 2016 luisse.
987 1957 1094 2031 ltaque

62 2039 139 2099 illud
154 2039 346 2111 Cassianum,
368 2042 419 2098 cai
431 2040 503 2099 dono
513 2039 623 2113 faerit,
643 2038 673 2098 in
690 2038 736 2098 liis
752 2039 893 2113 personis
911 2039 1022 2111 valeat,
1037 2039 1094 2099 etsi

62 2120 138 2181 boni
148 2123 230 2181 nullo
243 2123 444 2181 emolumento
456 2121 648 2196 impelluntur
661 2121 691 2180 in
703 2122 848 2195 lraudem,
860 2119 989 2196 improbi
999 2136 1093 2196 saepe

65 2221 172 2280 parvo.
215 2204 308 2278 Atqui
321 2204 435 2263 Milone
456 2203 612 2266 interiecto
630 2204 753 2265 Clodius
774 2205 833 2264 hoc
857 2204 1091 2278 adsequebatur,

63 2303 126 2346 non
143 2287 234 2346 ruodo
249 2296 281 2347 ut
296 2295 419 2362 praetor
434 2295 517 2348 esset
537 2304 598 2347 non
616 2304 654 2348 eo
666 2289 808 2361 consule,
831 2304 891 2362 qno
909 2287 1034 2347 sceleris
1050 2290 1092 2347 la·

64 2386 135 2430 cere
153 2369 225 2428 nihil
241 2379 363 2444 posset,
385 2370 544 2430 sedetiam
563 2369 655 2431 utils
672 2369 850 2431 consulibus
863 2378 985 2445 praetor
999 2379 1092 2444 esset,

65 2452 177 2527 quibus
204 2453 231 2512 si
258 2470 318 2512 non
339 2453 552 2513 adiuvantibus
567 2498 583 2529 ,λ
607 2461 638 2514 at
661 2453 892 2513 conniventibus
917 2461 998 2513 certe
1023 2469 1092 2526 spe-

62 2543 144 2595 raret
158 2552 250 2609 posse
264 2552 298 2595 se
315 2536 438 2595 eludere
453 2534 482 2594 in
497 2534 556 2596 illis
579 2535 644 2596 suis
667 2535 807 2611 cogitatis
823 2535 991 2595 luroribus=
1007 2534 1093 2594 cuius

62 2617 107 2678 illi
132 2627 274 2690 conatus,
301 2627 333 2679 ut
353 2619 422 2694 ipse
446 2618 695 2693 ratiocinabatur,
719 2634 785 2693 nee,
813 2620 838 2679 sl
865 2624 1025 2692 cuperent,
1046 2633 1093 2675 re-

63 2699 194 2775 primere
218 2710 360 2776 possent,
382 2715 474 2776 quum
486 2708 598 2761 tantum
618 2701 798 2762 beneficium
811 2701 840 2762 ei
858 2717 892 2760 se
912 2700 1025 2759 debere
1046 2716 1093 2758 ar-

62 2783 258 2856 bitrarentur,
281 2791 324 2858 et,
354 2783 380 2843 si
406 2784 530 2854 vellent,
560 2787 690 2844 tortasse
715 2786 767 2844 vix
798 2791 926 2859 possent
955 2783 1094 2856 frangere

63 2864 196 2924 hominis
213 2866 437 2927 sceleratissimi
451 2866 675 2927 corroboratam
692 2868 751 2927 iarn
764 2875 913 2927 vetustate
924 2864 1093 2925 audaciam.

63 2945 116 3007 33.
131 2949 178 3005 An
194 2963 281 3021 vero„
302 2949 436 3020 iudices,
451 2967 507 3009 vos
525 2949 582 3009 soli
597 2949 752 3025 ignoratis,
767 2967 824 3010 vos
836 2948 975 3022 hospites
992 2949 1021 3008 in
1036 2947 1093 3007 hac

64 3028 141 3090 urbe
163 3031 347 3092 versamini?
370 3040 490 3093 vestrae
513 3031 744 3107 peregrinantur
766 3048 857 3092 aures
873 3047 972 3106 neque
987 3032 1015 3090 in
1034 3031 1093 3091 hoc

62 3121 229 3189 pervagato
245 3114 373 3176 civitatis
389 3131 529 3176 sermone
545 3125 721 3190 versantur,
731 3132 820 3189 ,quas
834 3115 884 3175 ille
900 3115 999 3188 leges,
1009 3115 1034 3174 si
1051 3115 1093 3173 le-

63 3213 119 3271 ges
134 3198 335 3258 nominandae
347 3207 417 3259 sunl
432 3214 468 3258 ac
479 3214 539 3257 non
553 3200 636 3258 laces
650 3198 752 3269 urbis,
774 3205 877 3272 pestes
887 3199 931 3257 rei
942 3198 1093 3273 publicae,

62 3281 153 3340 luerit
173 3281 378 3355 impositurus·
390 3281 479 3341 nobis
501 3281 639 3340 omnibus
661 3290 753 3354 atque
768 3281 947 3344 inusturus?
965 3280 1092 3349 Exhibe,

63 3379 191 3437 quaeso,
208 3363 300 3423 Sexte
313 3363 413 3440 Clodi,
435 3363 545 3424 exhibe
556 3363 708 3423 librarium
720 3363 792 3422 illud
805 3365 1092 3438 legumvestrarnm,
