2340 3788
5 194 13 203 -
81 154 148 226 sos
313 153 389 214 ιιι
404 150 508 229 ιιιι
521 145 715 257 normano
731 146 893 231 cartoro.

81 312 189 363 lionam
206 304 292 355 mint·
307 302 431 369 prtum
452 316 528 354 cum
542 300 667 353 obductas
683 299 788 351 adiuvit.
818 299 918 366 Legati
931 304 1010 368 regis,

81 379 133 430 fide
144 380 361 442 permanserant,
379 385 481 423 maram
497 371 532 423 ad
551 371 585 420 tt.
601 368 747 419 ciceronem
760 367 926 435 detulerunt,
944 380 1019 421 vcten

82 446 175 513 opitu
195 451 271 505 atone
287 441 396 492 amicum
412 440 541 501 Deiotari,
563 438 608 520 qui
622 451 681 487 eum
694 435 765 517 apud
782 433 811 486 G.
827 434 976 520 §cesarem
992 441 1019 490 in

82 512 200 565 musicos
217 509 327 575 parietes
343 508 392 559 hec
410 509 474 574 ipso,
489 522 553 573 quae
570 505 636 556 mira
651 504 751 571 legitur,
770 507 890 557 oratione
910 507 1019 560 detenet

89 667 92 671 ’
140 678 164 739 1.
181 676 211 741 l.
227 676 323 750 Quum
337 673 370 735 in
381 672 521 736 omnibus
538 671 639 735 causis
656 670 859 750 gravioribus,
876 676 911 737 G.
927 676 1019 739 Caesa

80 762 122 825 tio
133 759 256 822 dicendi
266 755 451 819 commoveri
461 757 577 819 soleam
589 754 806 831 vehementius,
820 773 922 833 quam
936 760 1019 822 videt

79 860 157 909 usus
171 844 222 905 vel
235 850 321 903 aetas
334 857 403 903 mea
418 841 584 915 postularet
597 847 660 900 tum
674 838 705 901 in
720 839 779 901 bac
791 855 892 903 causa
906 844 951 905 ita
966 863 1014 906 me

70 920 271 1004 perturbant,
282 932 330 1000 ut,
345 932 490 1000 quantum
505 938 573 985 mea
586 920 664 983 fides
679 920 770 985 studii
784 921 860 999 mibi
879 926 1019 990 adieram

79 1013 173 1073 tutem
189 1009 271 1085 regis
285 1005 419 1069 Deiotari
447 1006 685 1076 defendendam,
706 1012 821 1066 tantum
841 1008 1011 1079 facultatis.

80 1094 228 1155 detrabat.
269 1089 400 1151 Primum
422 1088 492 1152 dico
514 1106 577 1165 pror
591 1086 690 1164 capite
705 1086 904 1165 fortunisque
917 1096 1013 1170 regis,

79 1175 196 1252 ipsum,
215 1175 273 1235 etsi
295 1189 356 1235 non
374 1172 510 1249 iniquum
531 1179 592 1245 est,
613 1169 644 1231 in
660 1179 712 1232 tuo
728 1170 890 1235 dumtaxat
904 1176 1019 1251 pericu

80 1275 150 1321 men
164 1264 213 1321 ost
223 1257 266 1318 ito
277 1254 467 1331 inusitatum,
479 1270 582 1330 regem
597 1271 681 1315 reum
699 1251 807 1329 capitis
820 1271 912 1333 esse,
924 1267 961 1321 ut
975 1269 1019 1322 ant

80 1349 201 1417 tempus
215 1354 277 1399 non
290 1337 331 1399 sit
344 1336 489 1398 auditum.
515 1337 545 1398 2.
555 1336 672 1397 Deinde
683 1353 752 1398 eum
762 1353 881 1413 regern,
900 1358 1019 1417 quemn

80 1431 172 1483 anmu
191 1429 301 1482 cuncto
323 1436 392 1480 cum
412 1427 520 1480 senatu
532 1420 668 1481 solebam
683 1436 738 1495 pro
752 1422 918 1497 perpetuis
934 1424 1019 1487 eiusi

80 1513 173 1566 stram
188 1501 419 1579 rempublicam
432 1501 561 1577 meritis,
577 1519 658 1564 nunc
680 1511 785 1564 contra
804 1507 1019 1570 atrocissimm

79 1603 149 1649 men
159 1602 261 1669 ¹cogor
272 1587 446 1647 defendere.
487 1586 615 1647 Accedit
628 1595 662 1647 ut
674 1595 893 1649 accusatorum
908 1590 1019 1654 alteria

79 1669 212 1745 delitatc,
230 1668 354 1731 atterius
370 1667 547 1744 indignitate
562 1669 733 1731 conturber.
762 1669 931 1734 crudelem
953 1676 1019 1736 Cast

79 1768 119 1814 ne
135 1752 234 1814 dicam
256 1754 435 1815 sceleratum
449 1761 480 1813 et
492 1751 632 1835 impium²
657 1751 709 1826 oui
731 1768 829 1826 nepos
844 1771 947 1817 avum
964 1758 1019 1819 ἰιιΙ

77 1852 148 1898 men
166 1836 274 1912 capitis
289 1834 450 1896 adduxerit
468 1834 754 1910 adolescentiaeque
776 1851 852 1896 suae
869 1845 1019 1901 terrorem

76 1919 146 1982 terit
156 1922 200 1995 ei,
219 1919 306 1980 cuius
328 1926 514 1980 senectutem
535 1916 613 1979 tueri
627 1925 657 1978 et
669 1928 772 1991 tegere
788 1918 944 1996 debebat,
968 1940 1019 1986 con

78 2002 293 2077 dationemque
314 2001 444 2062 ineuntis
472 2002 578 2062 aetatis
600 2003 639 2061 ab
653 2001 804 2076 impietate
819 2010 849 2061 et
868 2005 911 2065 ab
928 2010 1019 2068 sceler

76 2082 169 2146 xerit=
193 2083 242 2145 avi
258 2100 395 2158 servum,
419 2093 593 2159 corruptum
608 2083 760 2158 praemiis,
774 2085 814 2142 ad
828 2093 1019 2150 accusando

77 2167 191 2227 minum
203 2166 369 2241 impulerit,
381 2183 409 2226 -a
427 2169 595 2241 legatorum
611 2167 742 2242 pedibus
756 2165 937 2234 abduxerit,
983 2174 1012 2235 3.

78 2249 132 2310 tivi
147 2259 247 2311 autern
262 2249 417 2309 dominum
432 2249 603 2310 accusantis
624 2257 653 2309 et
667 2251 820 2310 dominum
835 2251 1006 2316 absentem

77 2330 189 2391 minum
201 2332 418 2393 amicissimum
433 2342 557 2394 nostrae
574 2332 619 2392 rei
640 2334 779 2408 publicae
796 2351 893 2408 quum
911 2354 952 2397 os
969 2339 1019 2401 vid

79 2431 172 2488 ouum
189 2414 283 2475 verba
298 2415 473 2488 audiebam,
493 2431 554 2475 non
575 2425 636 2476 tam
651 2415 802 2477 adflictam
818 2420 944 2494 regiam
964 2438 1019 2484 cor

75 2514 145 2558 uem
161 2498 300 2559 dolebam
315 2515 405 2573 quam
422 2499 461 2558 de
477 2498 605 2558 fortunis
628 2499 836 2562 communibus
863 2505 1019 2566 extimesc

74 2580 150 2641 Nam
165 2597 258 2656 quum
271 2597 356 2642 more
371 2580 517 2641 maiorum
535 2581 574 2642 de
589 2598 678 2642 servo
695 2583 726 2643 in
741 2584 903 2646 dominum
925 2604 968 2648 ne
991 2597 1019 2651 to

74 2663 114 2724 tis
131 2663 254 2738 quidem
272 2663 378 2739 quaeri
392 2663 495 2737 liceat,
512 2665 543 2724 in
561 2682 622 2739 qua
636 2668 815 2742 quaestione
827 2670 925 2731 dolor
938 2670 1019 2733 elice

73 2762 139 2806 ram
159 2761 268 2806 vocem
291 2745 391 2821 possit
410 2745 499 2807 etiam
521 2748 559 2806 ab
579 2748 691 2823 invito,
713 2760 839 2811 exortus
858 2761 913 2815 est
928 2769 1019 2817 servu

76 2845 169 2904 quern
184 2829 215 2888 in
233 2829 340 2890 eculeo
357 2830 512 2904 appellare
526 2848 588 2890 non
603 2842 726 2906 posset,
745 2850 815 2895 eum
836 2847 975 2900 accuset
989 2854 1019 2900 sc

133 2912 171 2971 Π.
185 2909 215 2973 4.
230 2910 388 2972 Perturbat
401 2927 458 2984 mc,
475 2912 506 2971 G.
523 2914 643 2989 Caesar,
659 2917 748 2975 etiam
760 2917 833 2976 illud
848 2916 1019 2995 interdum,

74 3000 173 3054 tamen
196 3011 289 3071 quum
311 3003 339 3056 te
361 2994 480 3070 penitus
500 2997 680 3071 recognovi,
701 2998 806 3060 timere
827 3000 962 3065 desino:
985 3020 1019 3066 re

73 3073 209 3150 iniquum
231 3088 293 3151 est,
313 3078 371 3138 sed
390 3087 442 3139 tua
463 3078 613 3154 sapientia
635 3081 670 3141 fit
689 3083 913 3156 aequissimum
928 3120 976 3135 -
990 3104 1019 3148 na

73 3171 144 3217 cere
159 3161 240 3233 apud
255 3177 323 3221 eum
338 3161 378 3221 de
392 3161 536 3234 facinore,
554 3172 660 3224 contra
678 3165 764 3225 cuius
780 3164 874 3226 vitam
893 3172 1019 3233 consitio

73 3238 186 3301 cineris
198 3239 294 3302 inisse
306 3260 443 3319 arguare,
462 3261 553 3319 quum
567 3262 623 3321 per
640 3263 674 3307 se
687 3247 789 3322 ipsum
806 3251 1009 3328 consideres,

71 3329 135 3395 estc
160 3339 249 3386 nemo
270 3327 347 3386 enim
369 3328 433 3388 fere
454 3336 502 3388 est
524 3328 576 3403 qui
596 3329 644 3391 sui
666 3328 794 3406 periculi
814 3330 912 3395 iudex
930 3353 1019 3400 nors
