2340 3788
97 183 164 251 lot
322 178 397 241 PRO
409 176 514 240 REGE
528 175 723 239 DEIOTARO
750 173 911 251 onitin.
978 166 990 173 ’

100 343 210 397 exacta
225 339 324 393 aetate
339 330 525 408 deiecerant
567 326 984 401 loquebatotarcmcuum
996 327 1128 403 plurari

100 432 216 493 equum
229 413 433 497 sustulissent,
448 411 533 486 quod
547 408 675 470 haerere
688 407 720 469 in
735 425 773 470 eo
784 424 886 471 senex
899 418 1040 484 poscat,
1056 408 1127 471 adai

99 501 161 561 rari
187 498 376 559 solebamus
398 493 448 554 bic
470 509 545 554 vero
567 492 766 565 adolescens,
788 491 842 566 qui
867 507 968 553 maus
991 493 1027 555 in
1049 493 1128 555 cilicia

100 578 199 656 miles,
214 581 245 641 in
259 578 388 640 Graecia
400 574 564 638 commilito
578 574 643 647 luit,
658 572 795 655 nnumin
808 573 862 636 illo
876 585 997 637 nostro
1012 576 1127 639 exeritu

25 680 28 685 ·
100 663 252 741 equitaret
271 679 342 724 cum
363 659 429 722 suis
448 658 576 721 delectis
596 656 766 734 equitibus,
779 673 859 732 quos
880 674 950 723 uua
967 676 1045 723 cum
1058 659 1126 721 eorl

28 812 31 817 ,
99 746 277 822 Pompeium
297 742 384 819 pater
403 742 540 815 miserat,
567 757 647 816 quos
677 754 848 803 concursus
869 743 987 805 lacem)
1009 743 1126 806 solebat!

46 832 50 837 '
101 844 193 906 mam
207 827 386 889 seiactaret
400 842 490 901 quam
503 832 671 887 ostentaret
693 838 784 899 quarn
795 822 916 885 nemini
932 824 970 887 in
986 827 1044 889 illa
1057 841 1126 889 contr

67 904 83 961 ἶ
101 910 205 974 studio
229 920 260 972 ct
287 910 452 986 cupiditate
476 908 660 969 concedere!
685 905 738 968 29.
764 906 863 980 Quum
894 922 979 969 vcro
1012 909 1125 971 exercitu

70 1066 73 1071 Α
101 994 216 1055 amisso
240 1008 315 1068 ogo,
337 994 389 1068 qni
410 991 498 1068 pacis
518 1006 640 1065 semper
653 997 760 1050 auctor
768 987 828 1062 fni,
844 998 923 1067 post
931 990 1125 1055 Pharsalicus

100 1085 203 1139 autem
222 1077 372 1150 proelium
394 1089 504 1136 suasor
527 1072 658 1134 fuissem
673 1088 826 1133 armorum
846 1089 914 1135 non
937 1073 1124 1151 deponendo

27 1178 33 1199 ··
99 1176 175 1232 rum,
191 1159 248 1218 scd
260 1158 507 1231 abiiciendorum,
517 1156 653 1218 bunc-ad
666 1154 1004 1219 meam-auctoritatem
1022 1175 1123 1235 nonpo

13 1268 15 1275 v
99 1243 144 1303 tui
166 1240 336 1314 adducere,
357 1241 441 1314 quod
456 1247 488 1300 et
506 1241 575 1316 ipse
587 1238 716 1300 ardebat
725 1237 827 1299 studio
847 1236 936 1301 illins
954 1239 1039 1305 belli
1051 1251 1079 1305 et
1089 1256 1123 1317 pc

99 1324 137 1385 tri
151 1322 228 1384 satis
242 1323 414 1382 iaciendum
423 1336 501 1381 esse
515 1321 723 1382 arbitrabatur.
750 1320 836 1381 Felix
851 1319 915 1382 ista
929 1321 1055 1387 domus
1068 1338 1123 1400 out

92 1414 163 1467 non
190 1403 398 1478 impunitatem
420 1404 521 1464 solum
534 1404 647 1477 adeptu
666 1403 723 1476 sit,
742 1403 905 1465 sedetiam
918 1404 1123 1471 accusandili

100 1486 245 1547 contiamr
265 1486 462 1546 calamitosus
480 1484 644 1547 Deiotarus
662 1486 762 1561 quiet
779 1487 889 1561 abeo,
913 1488 1025 1563 quiin
1039 1490 1123 1553 urla

100 1569 210 1630 castris
231 1567 334 1640 luerit,
354 1568 431 1646 [uon
446 1569 529 1644 apud
549 1569 607 1646 tel,
629 1578 659 1631 et
677 1585 697 1629 a
713 1569 777 1631 suis
791 1578 980 1633 accusetur!
1005 1576 1074 1635 Vos
1090 1588 1122 1633 ro

100 1659 163 1712 stra
178 1651 315 1712 secunda
327 1651 463 1724 inmune,
483 1652 606 1729 Castor,
631 1668 693 1713 non
714 1651 846 1728 potestis
859 1652 932 1717 sinc
943 1658 1123 1733 propinatu

99 1750 166 1794 rum
180 1732 349 1795 calamitate
363 1750 438 1794 csse
452 1743 625 1796 contcnnr·
983 1764 988 1785 ι

161 1817 211 1878 Xl.
227 1816 277 1879 tto.
304 1817 371 1879 Sint
384 1832 459 1878 sane
473 1817 662 1892 inimicitiae,
685 1834 765 1892 ques
784 1833 857 1879 csso
879 1835 946 1881 non
969 1823 1123 1885 debebam

98 1914 155 1960 rex
174 1901 254 1961 enim
269 1899 431 1962 Deiotarus
449 1910 581 1963 uestram
599 1899 741 1961 familiam
758 1901 912 1963 abiectam
926 1911 962 1965 et
978 1906 1124 1968 obscum

98 1998 117 2042 e
130 1983 266 2044 tenebris
279 1984 308 2042 in
324 1985 423 2044 lucem
433 1987 586 2045 evocavit:
603 1984 673 2058 quis
687 1992 771 2045 tunm
785 1991 902 2058 patrem
919 1997 1001 2050 ante
1019 1991 1124 2065 quus

99 2074 147 2126 set
162 2084 253 2141 quam
269 2065 356 2126 cuins
370 2083 464 2140 gener
479 2075 563 2128 esset
583 2066 719 2129 audititi
735 2067 797 2127 Sed
813 2068 960 2142 quamvis
980 2071 1123 2148 ingratast

97 2147 191 2221 impie
212 2148 449 2210 necessitudinis
467 2167 577 2210 nomen
599 2149 819 2224 repudiaretis,
839 2158 944 2211 tamen
965 2154 1123 2217 inimicitias

91 2229 254 2313 =hominum
272 2248 355 2292 more
369 2249 476 2306 gerere
492 2233 655 2309 poteratis,
669 2249 731 2292 non
748 2233 819 2292 ficto
837 2232 972 2296 crimine
988 2236 1124 2307 insecuri

97 2326 159 2371 non
174 2320 320 2386 expelere
333 2316 439 2389 vitam,
461 2333 522 2378 non
538 2316 646 2390 capitis
661 2332 830 2377 arcessere.
872 2315 971 2380 Esto=
990 2321 1125 2384 concon·

97 2400 147 2454 tur
161 2393 237 2454 hacc
253 2411 377 2470 quoque
397 2398 568 2461 acerbitatis
586 2405 616 2458 et
638 2399 700 2460 odii
721 2396 913 2473 magnitudoz
939 2403 1126 2480 adeone,ut

97 2476 200 2537 omnia
220 2478 300 2538 vitae
322 2481 491 2557 salutisque
513 2482 680 2542 communis
700 2491 792 2556 alque
818 2482 911 2542 etiam
937 2484 1126 2551 humanitas
1152 2542 1155 2547 .

96 2556 164 2619 iura
178 2558 351 2623 violentur?
372 2565 503 2625 Servum
524 2564 687 2625 sollicitare
700 2566 812 2638 verbis,
835 2581 892 2640 spe
908 2572 1126 2646 promissisque

40 2686 47 2696 .
69 2692 74 2700 .
98 2640 303 2718 corrumpere,
323 2647 476 2708 abducere
488 2650 621 2718 domum,
636 2657 742 2709 contra
756 2648 913 2709 dominum
928 2668 1073 2731 armare,
1085 2657 1126 2716 boo

96 2731 219 2785 estnon
233 2727 285 2787 uni
303 2731 483 2805 propinquo,
499 2731 556 2790 sed
571 2732 710 2792 omnibus
724 2730 845 2792 familiis
856 2735 1021 2800 nefarium
1034 2741 1127 2802 belm

95 2804 241 2870 indicere.
293 2811 368 2871 Nam
389 2812 449 2873 ista
465 2814 638 2888 corruptela
654 2817 736 2876 servi
756 2815 783 2876 si
797 2832 858 2876 uon
872 2820 972 2880 modo
992 2822 1127 2901 impunita

95 2890 195 2963 luerit,
213 2894 271 2953 sed
287 2896 374 2955 ctiam
389 2911 408 2955 a
421 2903 503 2956 tanta
517 2898 696 2961 auctoritate
709 2899 887 2974 approbata,
904 2903 989 2965 nulli
1009 2906 1126 2983 partos

95 2980 232 3035 nestram
255 2979 399 3051 salutem,
424 2980 525 3040 nullae
545 2981 646 3056 leges,
667 2983 749 3044 nulla
764 2981 831 3044 iura
844 2986 1045 3054 custodient.
1085 2985 1127 3050 tul

96 3055 175 3113 enirn
191 3055 238 3132 id,
260 3063 343 3134 quod
362 3062 443 3123 intus
457 3071 506 3124 cst
519 3071 611 3138 atque
627 3074 780 3140 nostrum,
794 3065 921 3142 impune
936 3076 1074 3137 evolare
1088 3084 1128 3151 po

94 3143 154 3232 test
170 3149 337 3218 contraque
350 3162 408 3206 nos
423 3163 577 3222 pugnare,
598 3149 632 3209 lit
644 3148 675 3208 in
690 3150 845 3211 dominatu
860 3153 1016 3232 servitus,
1034 3161 1127 3220 inser

95 3226 190 3312 yrtute
205 3222 386 3288 dominatus.
429 3228 481 3290 31.
503 3230 528 3291 0
546 3238 699 3307 tempora,
722 3251 740 3293 o
761 3242 878 3294 mores!
903 3235 961 3297 cn.
987 3243 1128 3305 Domitius

95 3301 160 3375 tile,
177 3321 267 3401 quem
283 3325 340 3370 nos
358 3314 443 3385 pueri
458 3315 630 3390 consulem,
646 3332 820 3388 censorem,
842 3319 1033 3392 pontificem
1049 3323 1127 3389 mali·

95 3396 176 3446 mum
194 3388 339 3465 vidimus,
359 3411 453 3469 quum
467 3396 604 3461 tribunus
622 3400 722 3474 plebis
737 3400 776 3463 Μ.
793 3399 946 3465 Scaurum
963 3408 1128 3488 principer
