2340 3788
38 247 40 253 ·
96 209 158 275 140
351 208 390 268 IN
404 209 437 266 L.
453 205 664 267 CATILINAM
677 203 818 264 ORATIO
833 204 872 266 lt.

95 359 249 422 vidiosum
263 357 438 434 aliquando,
455 357 539 433 quod
552 355 635 416 illum
649 352 801 416 emiserim
815 353 918 431 potius
934 371 1028 430 quam
1044 358 1129 432 quod

96 443 247 506 eiecerim.
277 441 339 502 Sed
354 444 447 516 quum
458 441 520 500 sint
530 438 669 500 homines
685 438 738 514 qui
743 436 844 511 illum,
860 454 953 513 quum
968 440 1128 514 proiectus

96 528 145 600 sit,
162 525 292 587 eiectum
309 541 380 585 esse
395 525 505 597 dicant,
523 521 623 593 iidem,
646 539 673 581 st
664 521 866 582 interiectus
879 518 973 596 essai,
992 522 1069 618 quid
1084 524 1129 585 di-

96 616 222 671 cerentt
250 607 299 670 16.
320 605 528 683 Quamquam
520 607 584 677 isti,
607 623 659 680 qm
650 599 831 665 'catilinam
842 604 1033 665 Massiliam
1023 623 1070 667 111
1084 608 1129 668 di-

96 692 215 766 ctitant,
240 709 301 752 non
318 700 379 752 tam
395 692 454 751 hoc
471 698 636 766 quemmur
656 705 747 763 quam
766 696 945 749 verentur..
963 687 1062 750 Nemo
1082 697 1131 752 est

95 777 222 836 istorum
242 784 303 836 tarn
323 773 498 836 misericors
520 771 572 846 qui
591 771 675 832 illum
696 787 757 832 nou
776 772 817 831 ad
829 769 964 831 Mallium
982 788 1076 846 quam
1089 774 1130 834 ad

95 857 308 920 Massilienses
324 859 369 918 ire
383 856 475 917 malit
498 856 552 914 Ille
569 861 685 928 autem,
702 853 730 914 11
745 871 794 914 me
810 855 934 914 hercule
948 854 1023 927 hoc,
1044 857 1130 931 quod

96 941 173 1017 agit,
189 957 356 1016 numquam
374 946 464 999 antea
478 937 658 1012 cogitasset,
673 946 772 998 tamen
788 935 1019 998 latrocinantem
1035 954 1071 999 se
1083 939 1130 998 in-

96 1024 194 1086 terfici
210 1025 311 1085 mallet
325 1038 418 1119 quam
431 1023 570 1082 exsulem
580 1020 693 1082 vivere.
713 1021 893 1091 donavero,
907 1037 1002 1095 quum
1011 1021 1042 1081 ei
1055 1021 1131 1082 nihil

96 1108 197 1205 adnm
217 1114 339 1183 praeter
357 1105 456 1180 ipsius
477 1105 662 1165 voluntatem
676 1103 953 1178 cogitationemque
971 1103 1129 1178 acciderit,

95 1191 155 1251 nisi
159 1190 253 1286 ‘quod
267 1187 347 1248 vivis
362 1186 452 1248 nohis
463 1189 560 1248 Roma
577 1188 735 1262 proiectus
749 1195 806 1261 est,
821 1195 963 1261 optemus
978 1189 1082 1262 potius
1096 1195 1131 1249 11

96 1281 146 1333 eat
158 1273 189 1332 in
206 1271 349 1331 exsilium
366 1286 457 1346 quam
472 1286 642 1346 queramur.

155 1355 258 1413 VlII.
291 1351 339 1415 17.
376 1353 440 1414 Sed
461 1370 515 1414 cur
535 1362 595 1414 tam
616 1352 669 1414 diu
689 1355 729 1414 de
750 1369 811 1413 uno
826 1352 917 1413 hoste
931 1312 1086 1430 loquimur
1098 1363 1131 1416 et

97 1440 135 1498 de
150 1453 188 1497 eo
203 1437 306 1510 hoste,
325 1437 379 1512 qui
392 1435 454 1497 iam
468 1438 578 1497 latetur
592 1453 627 1496 11
643 1453 714 1498 1111
728 1436 863 1508 hostem,
879 1441 909 1495 et
924 1452 1030 1511 quem,
1046 1436 1130 1512 quia,

97 1521 181 1596 quod
196 1536 318 1595 semper
331 1519 431 1595 volui,
455 1536 559 1581 murus
572 1519 713 1594 interest,
741 1535 803 1580 non
819 1519 925 1580 timeo.
942 1520 981 1580 de
995 1518 1047 1594 iis,
1076 1521 1131 1596 qui

96 1602 303 1676 dissimulant,
319 1603 371 1679 qui
383 1605 500 1664 Romae
515 1610 687 1677 remanent,
709 1603 761 1678 qui
778 1601 939 1663 nobiscum
953 1610 1037 1675 1111,
1053 1602 1130 1662 nihil

96 1685 248 1747 dicimusr
279 1687 361 1761 Quos
377 1687 501 1763 quidem
521 1700 593 1762 ego,
616 1686 644 1746 sl
664 1688 726 1748 ullo
742 1687 833 1747 modo
849 1685 916 1745 heri
930 1684 1044 1761 possit,
1064 1702 1130 1746 non

94 1778 156 1830 tam
167 1770 275 1831 ulcisci
290 1772 398 1832 studeo
418 1787 508 1845 quam
524 1785 633 1830 sanare
650 1769 708 1830 sihi
722 1768 819 1846 ipsos,
834 1771 957 1844 placare
970 1767 1015 1828 rei
1027 1768 1129 1843 publi-

98 1870 169 1926 cae,
191 1870 309 1929 neque,
324 1850 356 1914 id
374 1853 559 1929 quarefieri
575 1870 636 1914 non
652 1854 766 1930 possit,
787 1851 814 1912 si
827 1868 875 1912 me
892 1852 999 1913 audire
1013 1853 1128 1925 volent,

95 1937 239 2013 intelligo.
262 1937 425 2013 Exponam
443 1937 641 2011 enimvobis,
662 1936 809 2010 Quirites,
823 1952 862 1997 ex
880 1933 1129 2013 quihusgeneri-

97 2020 156 2081 bus
170 2021 326 2082 hominum
341 2020 419 2082 istae
432 2021 540 2095 copiae
556 2028 781 2094 comparentur:
799 2019 910 2080 deinde
922 2017 1052 2094 singulis
1064 2036 1130 2080 me-

96 2102 226 2163 dicinam
241 2103 359 2163 consilii
374 2112 466 2179 atque
483 2102 629 2165 orationis
651 2119 753 2176 meae,
775 2101 802 2162 si
817 2119 908 2177 quam
925 2110 1049 2177 potero,
1074 2103 1129 2162 ad-

96 2185 201 2243 seram.
223 2184 272 2247 18.
287 2188 386 2246 Unum
398 2203 496 2262 genus
513 2194 561 2246 est
575 2203 690 2259 eorum,
702 2185 755 2260 qui
768 2201 877 2259 magno
894 2185 925 2244 in
939 2198 1011 2246 aere
1026 2185 1129 2246 alieno

95 2265 228 2326 maiores
246 2268 336 2328 etiam
353 2270 572 2344 possessiones
590 2270 717 2342 habent,
737 2285 866 2344 quarum
883 2285 987 2330 amore
1002 2267 1128 2329 adducti

96 2348 226 2409 dissolvi
247 2351 330 2410 nullo
347 2354 439 2413 modo
459 2358 600 2428 possunt
633 2353 748 2414 Horum
765 2352 919 2413 hominum
937 2350 1059 2427 species
1079 2358 1129 2412 est

96 2431 328 2493 honestissima:
351 2443 421 2495 sunt
436 2436 515 2496 enim
533 2438 718 2510 locupletes:
740 2438 881 2496 voluntas
897 2434 971 2497 vero
985 2442 1018 2496 el
1031 2450 1128 2495 causa

95 2514 366 2591 impudentissima.
399 2519 552 2595 Tungris,
566 2527 599 2579 tu
616 2519 780 2592 aedificiis,
796 2528 828 2580 tu
841 2527 977 2593 argento,
993 2517 1127 2579 1111111-

95 2600 150 2672 lia,
176 2606 209 2660 tu
222 2601 315 2660 rebus
330 2601 470 2662 omnibus
486 2610 610 2681 ornatus
631 2610 660 2662 et
674 2603 822 2678 copiosus
840 2604 883 2663 sis
904 2610 934 2662 et
949 2600 1072 2663 dubites
1089 2602 1128 2661 de

95 2682 298 2756 possessione
313 2684 487 2757 detrahere,
502 2685 662 2761 acquirere
675 2687 716 2746 ad
729 2687 842 2746 fidemt
860 2683 863 2687 ’
880 2684 960 2759 Quid
976 2684 1057 2746 enim
1073 2700 1127 2743 ex·

96 2773 240 2839 11111111
253 2766 387 2828 11111111
401 2767 479 2839 Quid
489 2776 585 2843 ergon
599 2770 630 2828 in
641 2768 812 2829 vastatione
824 2770 958 2830 omnium
968 2776 1038 2828 tuas
1052 2782 1127 2841 pos-

97 2848 254 2910 sessiones
270 2858 484 2912 sacrosanctas
507 2853 623 2913 futuras
640 2859 751 2927 putas?
794 2853 843 2911 An
864 2852 983 2911 tabulas
1008 2855 1128 2911 novas?

77 2960 80 2967 ·
95 2927 203 2991 Errant
217 2932 269 3007 qui
284 2933 359 2995 istas
377 2934 530 2995 aCatilina
545 2943 740 3009 exspectant:
755 2951 823 2994 meo
838 2933 990 2995 beneficio
1006 2933 1128 2995 tabulae

96 3024 196 3070 novae
210 3017 409 3090 proferentur,
426 3034 531 3078 verum
543 3017 756 3079 auctionariae.
782 3018 889 3093 Neque
904 3016 983 3077 enim
998 3015 1060 3090 isti,
1075 3014 1130 3090 qui

95 3095 314 3166 possessiones
329 3101 455 3174 habent,
479 3101 538 3160 alia
561 3099 678 3160 ratione
700 3103 763 3160 ulla
791 3101 869 3161 salui
889 3116 961 3161 esse
986 3108 1127 3175 possunt

96 3175 226 3248 Quodsi
242 3182 386 3243 maturius
402 3186 503 3244 lacere
518 3183 689 3244 voluissent
702 3199 817 3258 neque,
834 3185 866 3244 id
880 3184 965 3258 quod
984 3180 1129 3244 stultissi-

94 3273 176 3319 mum
193 3266 255 3332 est,
270 3271 386 3324 certare
400 3282 469 3326 cum
483 3265 587 3326 usuris
601 3266 748 3327 fructibus
763 3266 973 3342 praediorum,
996 3274 1027 3326 et
1043 3265 1128 3325 locu·

95 3342 275 3417 plelicribus
290 3342 337 3403 his
359 3354 389 3406 et
407 3347 584 3409 melioribus
601 3348 720 3410 civibus
742 3358 903 3410 uteremur.
947 3349 1011 3410 Sed
1031 3348 1130 3413 hosce

95 3425 235 3487 homines
250 3425 371 3488 minime
386 3438 460 3504 puto
475 3430 756 3508 pertimescendos,
780 3433 864 3508 quod
885 3439 937 3493 111
958 3429 1070 3492 deduci
1088 3429 1130 3490 de
