<?xml version="1.0" encoding="UTF-8"?>
<!DOCTYPE html PUBLIC "-//W3C//DTD XHTML 1.0 Transitional//EN"
    "http://www.w3.org/TR/xhtml1/DTD/xhtml1-transitional.dtd">
<html xmlns="http://www.w3.org/1999/xhtml" xml:lang="en" lang="en">
 <head>
  <title>
</title>
<meta http-equiv="Content-Type" content="text/html;charset=utf-8" />
  <meta name='ocr-system' content='tesseract 3.04.00' />
  <meta name='ocr-capabilities' content='ocr_page ocr_carea ocr_par ocr_line ocrx_word'/>
</head>
<body>
  <div class='ocr_page' id='page_1' title='image "./orationesselect01cicegoog/orationesselect01cicegoog_0477.png"; bbox 0 0 2340 3788; ppageno 0'>
   <div class='ocr_carea' id='block_1_1' title="bbox 34 154 968 237">
    <p class='ocr_par' dir='ltr' id='par_1_1' title="bbox 34 154 968 237">
     <span class='ocr_line' id='line_1_1' title="bbox 34 154 968 237; baseline -0.003 -7"><span class='ocrx_word' id='word_1_1' title='bbox 34 154 39 171; x_wconf 79' lang='lat'><strong>¹</strong></span> <span class='ocrx_word' id='word_1_2' title='bbox 81 171 146 237; x_wconf 73' lang='lat' dir='ltr'>aas</span> <span class='ocrx_word' id='word_1_3' title='bbox 233 169 272 229; x_wconf 85' lang='grc' dir='ltr'>ιιι</span> <span class='ocrx_word' id='word_1_4' title='bbox 286 166 325 227; x_wconf 88' lang='lat' dir='ltr'>nr.</span> <span class='ocrx_word' id='word_1_5' title='bbox 339 164 916 228; x_wconf 76' lang='lat' dir='ltr'>annommronnuocrununrcn</span> <span class='ocrx_word' id='word_1_6' title='bbox 930 169 968 229; x_wconf 94' lang='lat'>11.</span> 
     </span>
    </p>
   </div>
   <div class='ocr_carea' id='block_1_2' title="bbox 34 313 1135 3445">
    <p class='ocr_par' dir='ltr' id='par_1_2' title="bbox 78 313 1135 1383">
     <span class='ocr_line' id='line_1_2' title="bbox 82 313 1096 392; baseline -0.001 -10"><span class='ocrx_word' id='word_1_7' title='bbox 82 324 173 392; x_wconf 88' lang='lat' dir='ltr'>deos,</span> <span class='ocrx_word' id='word_1_8' title='bbox 193 332 299 379; x_wconf 87' lang='lat' dir='ltr'>omnes</span> <span class='ocrx_word' id='word_1_9' title='bbox 318 317 456 377; x_wconf 87' lang='lat' dir='ltr'>homines</span> <span class='ocrx_word' id='word_1_10' title='bbox 476 324 508 377; x_wconf 87' lang='lat' dir='ltr'>et</span> <span class='ocrx_word' id='word_1_11' title='bbox 527 331 598 376; x_wconf 88' lang='lat' dir='ltr'>csse</span> <span class='ocrx_word' id='word_1_12' title='bbox 611 313 750 376; x_wconf 89' lang='lat' dir='ltr'>inimicos</span> <span class='ocrx_word' id='word_1_13' title='bbox 760 324 791 377; x_wconf 91' lang='lat' dir='ltr'>et</span> <span class='ocrx_word' id='word_1_14' title='bbox 804 316 930 377; x_wconf 84' lang='lat' dir='ltr'>loturos</span> <span class='ocrx_word' id='word_1_15' title='bbox 945 318 1048 381; x_wconf 64' lang='lat' dir='ltr'>scias!</span> <span class='ocrx_word' id='word_1_16' title='bbox 1065 322 1096 381; x_wconf 78' lang='lat' dir='ltr'>lt</span> 
     </span>
     <span class='ocr_line' id='line_1_3' title="bbox 81 396 1095 479; baseline -0.001 -16"><span class='ocrx_word' id='word_1_17' title='bbox 81 418 172 479; x_wconf 86' lang='lat' dir='ltr'>qoam</span> <span class='ocrx_word' id='word_1_18' title='bbox 193 399 357 461; x_wconf 78' lang='lat' dir='ltr'><strong>insolenter</strong></span> <span class='ocrx_word' id='word_1_19' title='bbox 376 396 476 459; x_wconf 84' lang='lat' dir='ltr'>stetim</span> <span class='ocrx_word' id='word_1_20' title='bbox 498 398 588 460; x_wconf 89' lang='lat' dir='ltr'>heluo</span> <span class='ocrx_word' id='word_1_21' title='bbox 609 396 720 458; x_wconf 84' lang='lat' dir='ltr'>invasit</span> <span class='ocrx_word' id='word_1_22' title='bbox 739 397 770 457; x_wconf 91' lang='lat' dir='ltr'>in</span> <span class='ocrx_word' id='word_1_23' title='bbox 793 397 863 463; x_wconf 86' lang='lat' dir='ltr'>cius</span> <span class='ocrx_word' id='word_1_24' title='bbox 886 398 948 458; x_wconf 88' lang='lat' dir='ltr'>viri</span> <span class='ocrx_word' id='word_1_25' title='bbox 964 402 1095 473; x_wconf 74' lang='lat' dir='ltr'>fortunas</span> 
     </span>
     <span class='ocr_line' id='line_1_4' title="bbox 80 479 1096 560; baseline 0.001 -16"><span class='ocrx_word' id='word_1_26' title='bbox 80 483 169 545; x_wconf 89' lang='lat' dir='ltr'>cuius</span> <span class='ocrx_word' id='word_1_27' title='bbox 181 483 292 543; x_wconf 86' lang='lat' dir='ltr'>virtute</span> <span class='ocrx_word' id='word_1_28' title='bbox 304 479 465 542; x_wconf 83' lang='lat' dir='ltr'>terribilior</span> <span class='ocrx_word' id='word_1_29' title='bbox 480 490 545 542; x_wconf 82' lang='lat' dir='ltr'>erat</span> <span class='ocrx_word' id='word_1_30' title='bbox 555 483 689 556; x_wconf 88' lang='lat' dir='ltr'>populus</span> <span class='ocrx_word' id='word_1_31' title='bbox 703 480 860 541; x_wconf 83' lang='lat' dir='ltr'>Romanus</span> <span class='ocrx_word' id='word_1_32' title='bbox 881 485 1001 543; x_wconf 87' lang='lat' dir='ltr'>exteris</span> <span class='ocrx_word' id='word_1_33' title='bbox 1016 485 1096 560; x_wconf 78' lang='lat' dir='ltr'>genti</span> 
     </span>
     <span class='ocr_line' id='line_1_5' title="bbox 79 561 1096 641; baseline 0.002 -15"><span class='ocrx_word' id='word_1_34' title='bbox 79 567 148 639; x_wconf 86' lang='lat' dir='ltr'>bus,</span> <span class='ocrx_word' id='word_1_35' title='bbox 162 563 275 626; x_wconf 85' lang='lat' dir='ltr'>iustitio</span> <span class='ocrx_word' id='word_1_36' title='bbox 288 564 407 625; x_wconf 71' lang='lat' dir='ltr'>cariori</span> <span class='ocrx_word' id='word_1_37' title='bbox 419 563 582 624; x_wconf 83' lang='lat' dir='ltr'>xxvll.1n</span> <span class='ocrx_word' id='word_1_38' title='bbox 598 563 664 624; x_wconf 88' lang='lat' dir='ltr'>eius</span> <span class='ocrx_word' id='word_1_39' title='bbox 678 562 766 638; x_wconf 74' lang='lat' dir='ltr'>igitur</span> <span class='ocrx_word' id='word_1_40' title='bbox 775 561 834 623; x_wconf 90' lang='lat' dir='ltr'>viri</span> <span class='ocrx_word' id='word_1_41' title='bbox 845 563 961 639; x_wconf 88' lang='lat' dir='ltr'>copias</span> <span class='ocrx_word' id='word_1_42' title='bbox 973 582 1096 641; x_wconf 84' lang='lat' dir='ltr'>quumse</span> 
     </span>
     <span class='ocr_line' id='line_1_6' title="bbox 80 646 1097 723; baseline 0.002 -14"><span class='ocrx_word' id='word_1_43' title='bbox 80 649 180 710; x_wconf 89' lang='lat' dir='ltr'>subito</span> <span class='ocrx_word' id='word_1_44' title='bbox 201 646 429 723; x_wconf 70' lang='lat' dir='ltr'>inmugitasset,</span> <span class='ocrx_word' id='word_1_45' title='bbox 455 646 627 707; x_wconf 87' lang='lat' dir='ltr'>exsultnbat</span> <span class='ocrx_word' id='word_1_46' title='bbox 658 646 769 720; x_wconf 78' lang='lat' dir='ltr'>gaudio</span> <span class='ocrx_word' id='word_1_47' title='bbox 797 658 938 721; x_wconf 87' lang='lat' dir='ltr'>persona</span> <span class='ocrx_word' id='word_1_48' title='bbox 962 648 1004 710; x_wconf 89' lang='lat' dir='ltr'>de</span> <span class='ocrx_word' id='word_1_49' title='bbox 1021 649 1097 711; x_wconf 82' lang='lat' dir='ltr'>miron</span> 
     </span>
     <span class='ocr_line' id='line_1_7' title="bbox 80 726 1097 805; baseline 0 -13"><span class='ocrx_word' id='word_1_50' title='bbox 80 731 173 792; x_wconf 87' lang='lat' dir='ltr'>ruodo</span> <span class='ocrx_word' id='word_1_51' title='bbox 190 746 295 805; x_wconf 83' lang='lat' dir='ltr'>egens,</span> <span class='ocrx_word' id='word_1_52' title='bbox 310 736 435 805; x_wconf 87' lang='lat' dir='ltr'>repente</span> <span class='ocrx_word' id='word_1_53' title='bbox 450 728 546 789; x_wconf 89' lang='lat' dir='ltr'>dives.</span> <span class='ocrx_word' id='word_1_54' title='bbox 568 726 638 800; x_wconf 88' lang='lat' dir='ltr'>Sed,</span> <span class='ocrx_word' id='word_1_55' title='bbox 656 737 689 790; x_wconf 91' lang='lat' dir='ltr'>ut</span> <span class='ocrx_word' id='word_1_56' title='bbox 702 736 750 789; x_wconf 88' lang='lat' dir='ltr'>est</span> <span class='ocrx_word' id='word_1_57' title='bbox 764 727 847 804; x_wconf 88' lang='lat' dir='ltr'>apud</span> <span class='ocrx_word' id='word_1_58' title='bbox 862 733 995 804; x_wconf 72' lang='lat' dir='ltr'>poetam</span> <span class='ocrx_word' id='word_1_59' title='bbox 1008 730 1097 792; x_wconf 86' lang='lat' dir='ltr'>nescio</span> 
     </span>
     <span class='ocr_line' id='line_1_8' title="bbox 80 810 1096 889; baseline 0.001 -15"><span class='ocrx_word' id='word_1_60' title='bbox 80 829 187 889; x_wconf 88' lang='lat' dir='ltr'>quern,</span> <span class='ocrx_word' id='word_1_61' title='bbox 205 816 283 875; x_wconf 77' lang='lat' dir='ltr'>male</span> <span class='ocrx_word' id='word_1_62' title='bbox 307 818 399 888; x_wconf 80' lang='lat' dir='ltr'>porta</span> <span class='ocrx_word' id='word_1_63' title='bbox 417 815 496 873; x_wconf 74' lang='lat' dir='ltr'>necle</span> <span class='ocrx_word' id='word_1_64' title='bbox 515 813 696 873; x_wconf 80' lang='lat' dir='ltr'>dilabantur.</span> <span class='ocrx_word' id='word_1_65' title='bbox 737 811 789 873; x_wconf 81' lang='lat' dir='ltr'>dd.</span> <span class='ocrx_word' id='word_1_66' title='bbox 812 810 1002 874; x_wconf 86' lang='lat' dir='ltr'>Incredibile</span> <span class='ocrx_word' id='word_1_67' title='bbox 1021 813 1096 875; x_wconf 75' lang='lat' dir='ltr'>cosi</span> 
     </span>
     <span class='ocr_line' id='line_1_9' title="bbox 80 893 1096 972; baseline 0 -15"><span class='ocrx_word' id='word_1_68' title='bbox 80 896 151 957; x_wconf 88' lang='lat' dir='ltr'>mile</span> <span class='ocrx_word' id='word_1_69' title='bbox 164 894 295 971; x_wconf 78' lang='lat' dir='ltr'>portenti</span> <span class='ocrx_word' id='word_1_70' title='bbox 309 904 370 968; x_wconf 88' lang='lat' dir='ltr'>est,</span> <span class='ocrx_word' id='word_1_71' title='bbox 386 909 520 970; x_wconf 87' lang='lat' dir='ltr'>quonam</span> <span class='ocrx_word' id='word_1_72' title='bbox 536 895 627 954; x_wconf 92' lang='lat' dir='ltr'>modo</span> <span class='ocrx_word' id='word_1_73' title='bbox 643 893 694 952; x_wconf 91' lang='lat' dir='ltr'>illa</span> <span class='ocrx_word' id='word_1_74' title='bbox 709 901 769 954; x_wconf 86' lang='lat' dir='ltr'>tam</span> <span class='ocrx_word' id='word_1_75' title='bbox 783 894 877 953; x_wconf 82' lang='lat' dir='ltr'>mulla</span> <span class='ocrx_word' id='word_1_76' title='bbox 892 910 990 967; x_wconf 86' lang='lat' dir='ltr'>quarn</span> <span class='ocrx_word' id='word_1_77' title='bbox 1005 894 1096 972; x_wconf 79' lang='lat' dir='ltr'>paucis</span> 
     </span>
     <span class='ocr_line' id='line_1_10' title="bbox 79 975 1135 1061; baseline 0.001 -23"><span class='ocrx_word' id='word_1_78' title='bbox 79 995 142 1039; x_wconf 89' lang='lat' dir='ltr'>non</span> <span class='ocrx_word' id='word_1_79' title='bbox 159 977 227 1038; x_wconf 90' lang='lat' dir='ltr'>dico</span> <span class='ocrx_word' id='word_1_80' title='bbox 243 975 408 1050; x_wconf 88' lang='lat' dir='ltr'>mensibus,</span> <span class='ocrx_word' id='word_1_81' title='bbox 426 977 483 1037; x_wconf 91' lang='lat' dir='ltr'>sed</span> <span class='ocrx_word' id='word_1_82' title='bbox 498 976 605 1037; x_wconf 90' lang='lat' dir='ltr'>diebus</span> <span class='ocrx_word' id='word_1_83' title='bbox 619 975 768 1037; x_wconf 84' lang='lat' dir='ltr'>effuderit</span> <span class='ocrx_word' id='word_1_84' title='bbox 806 975 965 1039; x_wconf 77' lang='lat' dir='ltr'>Maximus</span> <span class='ocrx_word' id='word_1_85' title='bbox 981 978 1044 1039; x_wconf 90' lang='lat' dir='ltr'>vini</span> <span class='ocrx_word' id='word_1_86' title='bbox 1055 994 1095 1039; x_wconf 83' lang='lat' dir='ltr'>nu</span> <span class='ocrx_word' id='word_1_87' title='bbox 1133 1036 1135 1061; x_wconf 71' lang='grc'>,</span> 
     </span>
     <span class='ocr_line' id='line_1_11' title="bbox 78 1059 1135 1136; baseline 0.001 -15"><span class='ocrx_word' id='word_1_88' title='bbox 78 1076 181 1121; x_wconf 88' lang='lat' dir='ltr'>merus</span> <span class='ocrx_word' id='word_1_89' title='bbox 196 1059 266 1134; x_wconf 86' lang='lat' dir='ltr'>luit,</span> <span class='ocrx_word' id='word_1_90' title='bbox 280 1075 477 1136; x_wconf 72' lang='lat' dir='ltr'>permagnum</span> <span class='ocrx_word' id='word_1_91' title='bbox 495 1059 599 1135; x_wconf 87' lang='lat' dir='ltr'>oplirni</span> <span class='ocrx_word' id='word_1_92' title='bbox 612 1059 735 1135; x_wconf 87' lang='lat' dir='ltr'>pondus</span> <span class='ocrx_word' id='word_1_93' title='bbox 747 1059 879 1133; x_wconf 73' lang='lat' dir='ltr'>arpenti,</span> <span class='ocrx_word' id='word_1_94' title='bbox 895 1061 1043 1133; x_wconf 84' lang='lat' dir='ltr'>preciosa</span> <span class='ocrx_word' id='word_1_95' title='bbox 1057 1074 1094 1121; x_wconf 74' lang='lat' dir='ltr'>ro</span> <span class='ocrx_word' id='word_1_96' title='bbox 1132 1088 1135 1129; x_wconf 70' lang='grc' dir='ltr'>ι</span> 
     </span>
     <span class='ocr_line' id='line_1_12' title="bbox 78 1139 1135 1218; baseline -0.001 -14"><span class='ocrx_word' id='word_1_97' title='bbox 78 1145 144 1216; x_wconf 88' lang='lat' dir='ltr'>slis,</span> <span class='ocrx_word' id='word_1_98' title='bbox 156 1144 249 1204; x_wconf 89' lang='lat' dir='ltr'>multo</span> <span class='ocrx_word' id='word_1_99' title='bbox 263 1152 294 1205; x_wconf 91' lang='lat' dir='ltr'>et</span> <span class='ocrx_word' id='word_1_100' title='bbox 307 1144 388 1203; x_wconf 89' lang='lat' dir='ltr'>lauta</span> <span class='ocrx_word' id='word_1_101' title='bbox 398 1143 538 1218; x_wconf 80' lang='lat' dir='ltr'>supellex</span> <span class='ocrx_word' id='word_1_102' title='bbox 552 1151 583 1203; x_wconf 90' lang='lat' dir='ltr'>el</span> <span class='ocrx_word' id='word_1_103' title='bbox 590 1139 749 1216; x_wconf 74' lang='lat' dir='ltr'>magnilica</span> <span class='ocrx_word' id='word_1_104' title='bbox 762 1139 864 1201; x_wconf 88' lang='lat' dir='ltr'>multis</span> <span class='ocrx_word' id='word_1_105' title='bbox 879 1142 973 1216; x_wconf 89' lang='lat' dir='ltr'>locis,</span> <span class='ocrx_word' id='word_1_106' title='bbox 990 1142 1095 1206; x_wconf 78' lang='lat' dir='ltr'>ncnih</span> <span class='ocrx_word' id='word_1_107' title='bbox 1131 1171 1135 1212; x_wconf 63' lang='grc' dir='ltr'><strong><em>ς</em></strong></span> 
     </span>
     <span class='ocr_line' id='line_1_13' title="bbox 80 1224 1094 1301; baseline 0.002 -15"><span class='ocrx_word' id='word_1_108' title='bbox 80 1225 203 1301; x_wconf 85' lang='lat' dir='ltr'>quidem</span> <span class='ocrx_word' id='word_1_109' title='bbox 223 1224 372 1287; x_wconf 85' lang='lat' dir='ltr'>luxuriosi</span> <span class='ocrx_word' id='word_1_110' title='bbox 390 1224 536 1299; x_wconf 89' lang='lat' dir='ltr'>hominis,</span> <span class='ocrx_word' id='word_1_111' title='bbox 554 1224 610 1285; x_wconf 88' lang='lat' dir='ltr'>scd</span> <span class='ocrx_word' id='word_1_112' title='bbox 629 1232 726 1285; x_wconf 80' lang='lat' dir='ltr'>tamen</span> <span class='ocrx_word' id='word_1_113' title='bbox 746 1224 945 1284; x_wconf 82' lang='lat' dir='ltr'>abundantis.</span> <span class='ocrx_word' id='word_1_114' title='bbox 997 1226 1094 1288; x_wconf 78' lang='lat' dir='ltr'>floron</span> 
     </span>
     <span class='ocr_line' id='line_1_14' title="bbox 80 1304 1094 1383; baseline -0.004 -16"><span class='ocrx_word' id='word_1_115' title='bbox 80 1308 187 1383; x_wconf 87' lang='lat' dir='ltr'>paucis</span> <span class='ocrx_word' id='word_1_116' title='bbox 208 1306 316 1367; x_wconf 87' lang='lat' dir='ltr'>diebus</span> <span class='ocrx_word' id='word_1_117' title='bbox 337 1306 412 1365; x_wconf 93' lang='lat' dir='ltr'>nihil</span> <span class='ocrx_word' id='word_1_118' title='bbox 431 1316 504 1366; x_wconf 83' lang='lat' dir='ltr'>erat</span> <span class='ocrx_word' id='word_1_119' title='bbox 551 1304 603 1368; x_wconf 80' lang='lat' dir='ltr'>al.</span> <span class='ocrx_word' id='word_1_120' title='bbox 623 1305 707 1379; x_wconf 79' lang='lat' dir='ltr'>Quae</span> <span class='ocrx_word' id='word_1_121' title='bbox 730 1304 901 1380; x_wconf 74' lang='lat' dir='ltr'>Charybdis</span> <span class='ocrx_word' id='word_1_122' title='bbox 914 1315 983 1367; x_wconf 88' lang='lat' dir='ltr'>tarn</span> <span class='ocrx_word' id='word_1_123' title='bbox 996 1312 1094 1370; x_wconf 79' lang='lat' dir='ltr'>verul</span> 
     </span>
    </p>

    <p class='ocr_par' dir='ltr' id='par_1_3' title="bbox 34 1386 1135 3445">
     <span class='ocr_line' id='line_1_15' title="bbox 34 1386 1092 1465; baseline 0.001 -15"><span class='ocrx_word' id='word_1_124' title='bbox 34 1416 42 1425; x_wconf 94' lang='lat'><strong>·</strong></span> <span class='ocrx_word' id='word_1_125' title='bbox 78 1389 251 1465; x_wconf 78' lang='lat' dir='ltr'>charybdin</span> <span class='ocrx_word' id='word_1_126' title='bbox 273 1389 364 1450; x_wconf 79' lang='lat' dir='ltr'>dicct</span> <span class='ocrx_word' id='word_1_127' title='bbox 385 1402 465 1460; x_wconf 82' lang='lat' dir='ltr'>quae</span> <span class='ocrx_word' id='word_1_128' title='bbox 482 1386 510 1446; x_wconf 92' lang='lat' dir='ltr'>si</span> <span class='ocrx_word' id='word_1_129' title='bbox 530 1387 600 1459; x_wconf 85' lang='lat' dir='ltr'>luit,</span> <span class='ocrx_word' id='word_1_130' title='bbox 623 1387 679 1449; x_wconf 86' lang='lat' dir='ltr'>luit</span> <span class='ocrx_word' id='word_1_131' title='bbox 697 1387 807 1447; x_wconf 87' lang='lat' dir='ltr'>animal</span> <span class='ocrx_word' id='word_1_132' title='bbox 819 1404 932 1447; x_wconf 72' lang='lat' dir='ltr'>unum:</span> <span class='ocrx_word' id='word_1_133' title='bbox 960 1388 1092 1461; x_wconf 79' lang='lat' dir='ltr'>Oceanus,</span> 
     </span>
     <span class='ocr_line' id='line_1_16' title="bbox 79 1468 1092 1544; baseline 0.002 -13"><span class='ocrx_word' id='word_1_134' title='bbox 79 1472 197 1531; x_wconf 88' lang='lat' dir='ltr'>medius</span> <span class='ocrx_word' id='word_1_135' title='bbox 211 1468 311 1544; x_wconf 83' lang='lat' dir='ltr'>lidius,</span> <span class='ocrx_word' id='word_1_136' title='bbox 328 1469 380 1527; x_wconf 88' lang='lat' dir='ltr'>vix</span> <span class='ocrx_word' id='word_1_137' title='bbox 390 1469 510 1529; x_wconf 83' lang='lat' dir='ltr'>videtur</span> <span class='ocrx_word' id='word_1_138' title='bbox 524 1477 569 1529; x_wconf 91' lang='lat' dir='ltr'>tot</span> <span class='ocrx_word' id='word_1_139' title='bbox 581 1485 633 1530; x_wconf 90' lang='lat' dir='ltr'>res</span> <span class='ocrx_word' id='word_1_140' title='bbox 647 1478 708 1530; x_wconf 89' lang='lat' dir='ltr'>tam</span> <span class='ocrx_word' id='word_1_141' title='bbox 722 1468 901 1543; x_wconf 87' lang='lat' dir='ltr'>dissipatas,</span> <span class='ocrx_word' id='word_1_142' title='bbox 915 1478 982 1541; x_wconf 85' lang='lat' dir='ltr'>tarn</span> <span class='ocrx_word' id='word_1_143' title='bbox 998 1472 1092 1533; x_wconf 70' lang='lat' dir='ltr'>dour</span> 
     </span>
     <span class='ocr_line' id='line_1_17' title="bbox 78 1550 1093 1628; baseline 0.003 -16"><span class='ocrx_word' id='word_1_144' title='bbox 78 1552 158 1613; x_wconf 88' lang='lat' dir='ltr'>libus</span> <span class='ocrx_word' id='word_1_145' title='bbox 172 1550 204 1611; x_wconf 92' lang='lat' dir='ltr'>in</span> <span class='ocrx_word' id='word_1_146' title='bbox 218 1553 294 1612; x_wconf 88' lang='lat' dir='ltr'>locis</span> <span class='ocrx_word' id='word_1_147' title='bbox 308 1550 426 1628; x_wconf 89' lang='lat' dir='ltr'>positas</span> <span class='ocrx_word' id='word_1_148' title='bbox 442 1558 502 1611; x_wconf 71' lang='lat' dir='ltr'>mm</span> <span class='ocrx_word' id='word_1_149' title='bbox 514 1551 573 1613; x_wconf 90' lang='lat' dir='ltr'>cito</span> <span class='ocrx_word' id='word_1_150' title='bbox 584 1552 748 1613; x_wconf 85' lang='lat' dir='ltr'>obsorbere</span> <span class='ocrx_word' id='word_1_151' title='bbox 762 1552 914 1627; x_wconf 86' lang='lat' dir='ltr'>potuisse.</span> <span class='ocrx_word' id='word_1_152' title='bbox 956 1554 1030 1615; x_wconf 85' lang='lat' dir='ltr'>Nihil</span> <span class='ocrx_word' id='word_1_153' title='bbox 1043 1568 1093 1615; x_wconf 79' lang='lat' dir='ltr'>cra·</span> 
     </span>
     <span class='ocr_line' id='line_1_18' title="bbox 77 1632 1091 1711; baseline 0.005 -18"><span class='ocrx_word' id='word_1_154' title='bbox 77 1635 230 1706; x_wconf 83' lang='lat' dir='ltr'>oleosum,</span> <span class='ocrx_word' id='word_1_155' title='bbox 244 1632 319 1694; x_wconf 87' lang='lat' dir='ltr'>nihil</span> <span class='ocrx_word' id='word_1_156' title='bbox 330 1633 530 1708; x_wconf 80' lang='lat' dir='ltr'>obsignatum,</span> <span class='ocrx_word' id='word_1_157' title='bbox 546 1634 619 1695; x_wconf 90' lang='lat' dir='ltr'>nihil</span> <span class='ocrx_word' id='word_1_158' title='bbox 633 1636 787 1711; x_wconf 88' lang='lat' dir='ltr'>scriptum.</span> <span class='ocrx_word' id='word_1_159' title='bbox 828 1634 1013 1709; x_wconf 79' lang='lat' dir='ltr'>Apothecae</span> <span class='ocrx_word' id='word_1_160' title='bbox 1025 1644 1091 1697; x_wconf 73' lang='lat' dir='ltr'>tcta</span> 
     </span>
     <span class='ocr_line' id='line_1_19' title="bbox 77 1715 1090 1793; baseline 0.003 -17"><span class='ocrx_word' id='word_1_161' title='bbox 77 1716 274 1792; x_wconf 86' lang='lat' dir='ltr'>nequissimis</span> <span class='ocrx_word' id='word_1_162' title='bbox 288 1715 461 1778; x_wconf 86' lang='lat' dir='ltr'>hominibus</span> <span class='ocrx_word' id='word_1_163' title='bbox 475 1717 733 1778; x_wconf 82' lang='lat' dir='ltr'>condonabantur.</span> <span class='ocrx_word' id='word_1_164' title='bbox 753 1715 823 1777; x_wconf 85' lang='lat' dir='ltr'>Alia</span> <span class='ocrx_word' id='word_1_165' title='bbox 838 1715 925 1777; x_wconf 88' lang='lat' dir='ltr'>mimi</span> <span class='ocrx_word' id='word_1_166' title='bbox 938 1718 1090 1793; x_wconf 76' lang='lat' dir='ltr'>rapiebant,</span> 
     </span>
     <span class='ocr_line' id='line_1_20' title="bbox 77 1799 1135 1873; baseline 0.002 -12"><span class='ocrx_word' id='word_1_167' title='bbox 77 1800 137 1861; x_wconf 88' lang='lat' dir='ltr'>alia</span> <span class='ocrx_word' id='word_1_168' title='bbox 150 1801 273 1860; x_wconf 85' lang='lat' dir='ltr'>mimae=</span> <span class='ocrx_word' id='word_1_169' title='bbox 291 1800 401 1862; x_wconf 89' lang='lat' dir='ltr'>domus</span> <span class='ocrx_word' id='word_1_170' title='bbox 416 1808 482 1860; x_wconf 82' lang='lat' dir='ltr'>erat</span> <span class='ocrx_word' id='word_1_171' title='bbox 492 1799 675 1861; x_wconf 85' lang='lat' dir='ltr'>aleatoribus</span> <span class='ocrx_word' id='word_1_172' title='bbox 688 1801 815 1871; x_wconf 83' lang='lat' dir='ltr'>relenta,</span> <span class='ocrx_word' id='word_1_173' title='bbox 830 1799 924 1873; x_wconf 92' lang='lat' dir='ltr'>plena</span> <span class='ocrx_word' id='word_1_174' title='bbox 939 1801 1090 1863; x_wconf 79' lang='lat' dir='ltr'>ebriorum</span> <span class='ocrx_word' id='word_1_175' title='bbox 1115 1824 1135 1873; x_wconf 67' lang='lat' dir='ltr'>p</span> 
     </span>
     <span class='ocr_line' id='line_1_21' title="bbox 77 1881 1135 1967; baseline 0.002 -24"><span class='ocrx_word' id='word_1_176' title='bbox 77 1892 159 1944; x_wconf 88' lang='lat' dir='ltr'>totos</span> <span class='ocrx_word' id='word_1_177' title='bbox 177 1884 243 1943; x_wconf 89' lang='lat' dir='ltr'>dies</span> <span class='ocrx_word' id='word_1_178' title='bbox 264 1884 424 1957; x_wconf 80' lang='lat' dir='ltr'>potabatur</span> <span class='ocrx_word' id='word_1_179' title='bbox 439 1891 531 1959; x_wconf 84' lang='lat' dir='ltr'>atque</span> <span class='ocrx_word' id='word_1_180' title='bbox 545 1882 576 1943; x_wconf 92' lang='lat' dir='ltr'>id</span> <span class='ocrx_word' id='word_1_181' title='bbox 597 1882 673 1943; x_wconf 92' lang='lat' dir='ltr'>locis</span> <span class='ocrx_word' id='word_1_182' title='bbox 688 1881 842 1957; x_wconf 81' lang='lat' dir='ltr'>pluribus:</span> <span class='ocrx_word' id='word_1_183' title='bbox 864 1885 1091 1957; x_wconf 71' lang='lat' dir='ltr'>suggerebannr</span> <span class='ocrx_word' id='word_1_184' title='bbox 1114 1890 1135 1967; x_wconf 59' lang='grc' dir='ltr'>ιε</span> 
     </span>
     <span class='ocr_line' id='line_1_22' title="bbox 78 1964 1135 2060; baseline -0.001 -34"><span class='ocrx_word' id='word_1_185' title='bbox 78 1964 169 2027; x_wconf 87' lang='lat' dir='ltr'>etiam</span> <span class='ocrx_word' id='word_1_186' title='bbox 184 1980 278 2040; x_wconf 87' lang='lat' dir='ltr'>saepe</span> <span class='ocrx_word' id='word_1_187' title='bbox 293 1983 409 2026; x_wconf 92' lang='lat' dir='ltr'>-non</span> <span class='ocrx_word' id='word_1_188' title='bbox 425 1965 504 2025; x_wconf 88' lang='lat' dir='ltr'>enirn</span> <span class='ocrx_word' id='word_1_189' title='bbox 521 1980 642 2040; x_wconf 88' lang='lat' dir='ltr'>semper</span> <span class='ocrx_word' id='word_1_190' title='bbox 654 1965 712 2026; x_wconf 84' lang='lat' dir='ltr'>iste</span> <span class='ocrx_word' id='word_1_191' title='bbox 726 1964 799 2025; x_wconf 88' lang='lat' dir='ltr'>lelix</span> <span class='ocrx_word' id='word_1_192' title='bbox 809 1996 851 2009; x_wconf 90' lang='lat'><em>-</em></span> <span class='ocrx_word' id='word_1_193' title='bbox 866 1966 983 2026; x_wconf 90' lang='lat' dir='ltr'>damna</span> <span class='ocrx_word' id='word_1_194' title='bbox 997 1969 1091 2027; x_wconf 80' lang='lat' dir='ltr'>uerte</span> <span class='ocrx_word' id='word_1_195' title='bbox 1115 1969 1135 2060; x_wconf 68' lang='lat' dir='ltr'>l,</span> 
     </span>
     <span class='ocr_line' id='line_1_23' title="bbox 77 2046 1135 2123; baseline -0.003 -15"><span class='ocrx_word' id='word_1_196' title='bbox 77 2047 131 2108; x_wconf 90' lang='lat' dir='ltr'>ria.</span> <span class='ocrx_word' id='word_1_197' title='bbox 182 2048 387 2123; x_wconf 77' lang='lat' dir='ltr'>conchyliatis</span> <span class='ocrx_word' id='word_1_198' title='bbox 413 2049 465 2108; x_wconf 85' lang='lat' dir='ltr'>Cn.</span> <span class='ocrx_word' id='word_1_199' title='bbox 486 2047 622 2123; x_wconf 86' lang='lat' dir='ltr'>Pompeii</span> <span class='ocrx_word' id='word_1_200' title='bbox 649 2046 867 2121; x_wconf 84' lang='lat' dir='ltr'>peristromatis</span> <span class='ocrx_word' id='word_1_201' title='bbox 896 2046 1091 2110; x_wconf 87' lang='lat' dir='ltr'>servorumin</span> <span class='ocrx_word' id='word_1_202' title='bbox 1119 2066 1135 2122; x_wconf 57' lang='lat' dir='ltr'>p</span> 
     </span>
     <span class='ocr_line' id='line_1_24' title="bbox 75 2128 1091 2203; baseline -0.002 -12"><span class='ocrx_word' id='word_1_203' title='bbox 75 2129 162 2191; x_wconf 87' lang='lat' dir='ltr'>cellis</span> <span class='ocrx_word' id='word_1_204' title='bbox 182 2133 278 2190; x_wconf 89' lang='lat' dir='ltr'>lectos</span> <span class='ocrx_word' id='word_1_205' title='bbox 299 2140 410 2191; x_wconf 90' lang='lat' dir='ltr'>stratos</span> <span class='ocrx_word' id='word_1_206' title='bbox 430 2131 559 2191; x_wconf 87' lang='lat' dir='ltr'>videres.</span> <span class='ocrx_word' id='word_1_207' title='bbox 602 2131 696 2203; x_wconf 79' lang='lat' dir='ltr'>Quam</span> <span class='ocrx_word' id='word_1_208' title='bbox 719 2130 758 2189; x_wconf 91' lang='lat' dir='ltr'>ob</span> <span class='ocrx_word' id='word_1_209' title='bbox 781 2145 844 2189; x_wconf 91' lang='lat' dir='ltr'>rem</span> <span class='ocrx_word' id='word_1_210' title='bbox 859 2128 997 2192; x_wconf 89' lang='lat' dir='ltr'>desinite</span> <span class='ocrx_word' id='word_1_211' title='bbox 1010 2128 1091 2191; x_wconf 83' lang='lat' dir='ltr'>mirari</span> 
     </span>
     <span class='ocr_line' id='line_1_25' title="bbox 77 2210 1091 2293; baseline 0.003 -23"><span class='ocrx_word' id='word_1_212' title='bbox 77 2212 153 2272; x_wconf 87' lang='lat' dir='ltr'>haec</span> <span class='ocrx_word' id='word_1_213' title='bbox 168 2219 227 2272; x_wconf 86' lang='lat' dir='ltr'>tcm</span> <span class='ocrx_word' id='word_1_214' title='bbox 244 2214 381 2273; x_wconf 87' lang='lat' dir='ltr'>celeriter</span> <span class='ocrx_word' id='word_1_215' title='bbox 395 2230 465 2274; x_wconf 87' lang='lat' dir='ltr'>csse</span> <span class='ocrx_word' id='word_1_216' title='bbox 487 2222 676 2286; x_wconf 88' lang='lat' dir='ltr'>consumpta.</span> <span class='ocrx_word' id='word_1_217' title='bbox 718 2213 784 2272; x_wconf 87' lang='lat' dir='ltr'>Non</span> <span class='ocrx_word' id='word_1_218' title='bbox 799 2213 892 2271; x_wconf 92' lang='lat' dir='ltr'>modo</span> <span class='ocrx_word' id='word_1_219' title='bbox 908 2213 1005 2275; x_wconf 89' lang='lat' dir='ltr'>unius</span> <span class='ocrx_word' id='word_1_220' title='bbox 1017 2210 1091 2293; x_wconf 24' lang='lat' dir='ltr'>,patri-</span> 
     </span>
     <span class='ocr_line' id='line_1_26' title="bbox 76 2294 1093 2371; baseline 0.003 -17"><span class='ocrx_word' id='word_1_221' title='bbox 76 2294 208 2354; x_wconf 91' lang='lat' dir='ltr'>monium</span> <span class='ocrx_word' id='word_1_222' title='bbox 229 2296 367 2369; x_wconf 89' lang='lat' dir='ltr'>quamvis</span> <span class='ocrx_word' id='word_1_223' title='bbox 388 2299 534 2371; x_wconf 87' lang='lat' dir='ltr'>amplum,</span> <span class='ocrx_word' id='word_1_224' title='bbox 552 2295 671 2357; x_wconf 92' lang='lat' dir='ltr'>utillud</span> <span class='ocrx_word' id='word_1_225' title='bbox 685 2295 753 2365; x_wconf 88' lang='lat' dir='ltr'>luit,</span> <span class='ocrx_word' id='word_1_226' title='bbox 777 2295 833 2354; x_wconf 89' lang='lat' dir='ltr'>sed</span> <span class='ocrx_word' id='word_1_227' title='bbox 853 2295 947 2355; x_wconf 87' lang='lat' dir='ltr'>urbes</span> <span class='ocrx_word' id='word_1_228' title='bbox 972 2305 1003 2357; x_wconf 86' lang='lat' dir='ltr'>et</span> <span class='ocrx_word' id='word_1_229' title='bbox 1018 2308 1093 2371; x_wconf 74' lang='lat' dir='ltr'>regna</span> 
     </span>
     <span class='ocr_line' id='line_1_27' title="bbox 77 2376 1093 2452; baseline -0.001 -15"><span class='ocrx_word' id='word_1_230' title='bbox 77 2377 213 2437; x_wconf 85' lang='lat' dir='ltr'>celeriter</span> <span class='ocrx_word' id='word_1_231' title='bbox 233 2385 314 2437; x_wconf 86' lang='lat' dir='ltr'>tauta</span> <span class='ocrx_word' id='word_1_232' title='bbox 336 2380 470 2452; x_wconf 88' lang='lat' dir='ltr'>nequitia</span> <span class='ocrx_word' id='word_1_233' title='bbox 485 2380 632 2439; x_wconf 87' lang='lat' dir='ltr'>devorare</span> <span class='ocrx_word' id='word_1_234' title='bbox 652 2376 812 2452; x_wconf 82' lang='lat' dir='ltr'>potuisset.</span> <span class='ocrx_word' id='word_1_235' title='bbox 854 2379 896 2438; x_wconf 81' lang='grc' dir='ltr'>Αι</span> <span class='ocrx_word' id='word_1_236' title='bbox 916 2377 1002 2440; x_wconf 87' lang='lat' dir='ltr'>idem</span> <span class='ocrx_word' id='word_1_237' title='bbox 1017 2379 1093 2440; x_wconf 82' lang='lat' dir='ltr'>cedes</span> 
     </span>
     <span class='ocr_line' id='line_1_28' title="bbox 75 2456 1135 2543; baseline 0.001 -23"><span class='ocrx_word' id='word_1_238' title='bbox 75 2458 165 2520; x_wconf 85' lang='lat' dir='ltr'>etiam</span> <span class='ocrx_word' id='word_1_239' title='bbox 177 2468 207 2520; x_wconf 91' lang='lat' dir='ltr'>et</span> <span class='ocrx_word' id='word_1_240' title='bbox 216 2459 330 2520; x_wconf 88' lang='lat' dir='ltr'>hortos.</span> <span class='ocrx_word' id='word_1_241' title='bbox 359 2460 409 2522; x_wconf 86' lang='grc'>68.</span> <span class='ocrx_word' id='word_1_242' title='bbox 428 2460 623 2522; x_wconf 81' lang='lat' dir='ltr'>Oaudaciam</span> <span class='ocrx_word' id='word_1_243' title='bbox 640 2462 812 2520; x_wconf 86' lang='lat' dir='ltr'>immanem!</span> <span class='ocrx_word' id='word_1_244' title='bbox 836 2468 869 2520; x_wconf 91' lang='lat' dir='ltr'>tu</span> <span class='ocrx_word' id='word_1_245' title='bbox 883 2459 976 2521; x_wconf 87' lang='lat' dir='ltr'>etiarn</span> <span class='ocrx_word' id='word_1_246' title='bbox 993 2456 1094 2537; x_wconf 81' lang='lat' dir='ltr'>ingredi</span> <span class='ocrx_word' id='word_1_247' title='bbox 1132 2487 1135 2543; x_wconf 62' lang='grc' dir='ltr'>ι</span> 
     </span>
     <span class='ocr_line' id='line_1_29' title="bbox 75 2541 1135 2633; baseline 0.002 -29"><span class='ocrx_word' id='word_1_248' title='bbox 75 2542 156 2604; x_wconf 84' lang='lat' dir='ltr'>illam</span> <span class='ocrx_word' id='word_1_249' title='bbox 171 2542 294 2604; x_wconf 87' lang='lat' dir='ltr'>domurn</span> <span class='ocrx_word' id='word_1_250' title='bbox 308 2559 402 2604; x_wconf 90' lang='lat' dir='ltr'>ausus</span> <span class='ocrx_word' id='word_1_251' title='bbox 417 2552 473 2605; x_wconf 69' lang='lat' dir='ltr'>ese</span> <span class='ocrx_word' id='word_1_252' title='bbox 492 2552 524 2605; x_wconf 91' lang='lat' dir='ltr'>tu</span> <span class='ocrx_word' id='word_1_253' title='bbox 538 2544 612 2605; x_wconf 93' lang='lat' dir='ltr'>illud</span> <span class='ocrx_word' id='word_1_254' title='bbox 626 2542 849 2603; x_wconf 87' lang='lat' dir='ltr'>sanctissimum</span> <span class='ocrx_word' id='word_1_255' title='bbox 864 2541 958 2603; x_wconf 90' lang='lat' dir='ltr'>limen</span> <span class='ocrx_word' id='word_1_256' title='bbox 975 2545 1095 2605; x_wconf 75' lang='lat' dir='ltr'>intraret</span> <span class='ocrx_word' id='word_1_257' title='bbox 1133 2550 1135 2633; x_wconf 69' lang='lat' dir='ltr'>l</span> 
     </span>
     <span class='ocr_line' id='line_1_30' title="bbox 75 2625 1135 2702; baseline 0 -16"><span class='ocrx_word' id='word_1_258' title='bbox 75 2634 108 2686; x_wconf 93' lang='lat' dir='ltr'>tu</span> <span class='ocrx_word' id='word_1_259' title='bbox 121 2626 238 2685; x_wconf 82' lang='lat' dir='ltr'>illorum</span> <span class='ocrx_word' id='word_1_260' title='bbox 253 2626 371 2687; x_wconf 84' lang='lat' dir='ltr'>aedium</span> <span class='ocrx_word' id='word_1_261' title='bbox 384 2626 431 2687; x_wconf 92' lang='lat' dir='ltr'>dis</span> <span class='ocrx_word' id='word_1_262' title='bbox 446 2626 605 2702; x_wconf 87' lang='lat' dir='ltr'>penalibus</span> <span class='ocrx_word' id='word_1_263' title='bbox 618 2643 654 2686; x_wconf 93' lang='lat' dir='ltr'>os</span> <span class='ocrx_word' id='word_1_264' title='bbox 669 2625 905 2700; x_wconf 89' lang='lat' dir='ltr'>impurissimum</span> <span class='ocrx_word' id='word_1_265' title='bbox 921 2629 1096 2688; x_wconf 73' lang='lat' dir='ltr'>ostenderet</span> <span class='ocrx_word' id='word_1_266' title='bbox 1133 2636 1135 2647; x_wconf 90' lang='lat'>&#39;</span> 
     </span>
     <span class='ocr_line' id='line_1_31' title="bbox 76 2708 1096 2784; baseline -0.003 -16"><span class='ocrx_word' id='word_1_267' title='bbox 76 2709 171 2781; x_wconf 79' lang='lat' dir='ltr'>Quam</span> <span class='ocrx_word' id='word_1_268' title='bbox 187 2709 308 2768; x_wconf 89' lang='lat' dir='ltr'>domum</span> <span class='ocrx_word' id='word_1_269' title='bbox 322 2711 453 2784; x_wconf 79' lang='lat' dir='ltr'>aliquant</span> <span class='ocrx_word' id='word_1_270' title='bbox 469 2711 521 2769; x_wconf 90' lang='lat' dir='ltr'>diu</span> <span class='ocrx_word' id='word_1_271' title='bbox 535 2725 622 2769; x_wconf 88' lang='lat' dir='ltr'>nemo</span> <span class='ocrx_word' id='word_1_272' title='bbox 638 2708 776 2784; x_wconf 82' lang='lat' dir='ltr'>aspicere</span> <span class='ocrx_word' id='word_1_273' title='bbox 791 2715 918 2782; x_wconf 86' lang='lat' dir='ltr'>poterat,</span> <span class='ocrx_word' id='word_1_274' title='bbox 938 2727 1031 2771; x_wconf 88' lang='lat' dir='ltr'>nemo</span> <span class='ocrx_word' id='word_1_275' title='bbox 1044 2709 1096 2771; x_wconf 88' lang='lat' dir='ltr'>sinc</span> 
     </span>
     <span class='ocr_line' id='line_1_32' title="bbox 74 2789 1096 2866; baseline -0.002 -16"><span class='ocrx_word' id='word_1_276' title='bbox 74 2790 206 2851; x_wconf 86' lang='lat' dir='ltr'>lacrimis</span> <span class='ocrx_word' id='word_1_277' title='bbox 227 2792 407 2866; x_wconf 83' lang='lat' dir='ltr'>praeterire,</span> <span class='ocrx_word' id='word_1_278' title='bbox 431 2792 489 2853; x_wconf 88' lang='lat' dir='ltr'>hac</span> <span class='ocrx_word' id='word_1_279' title='bbox 510 2801 539 2852; x_wconf 89' lang='lat' dir='ltr'>te</span> <span class='ocrx_word' id='word_1_280' title='bbox 560 2792 590 2852; x_wconf 92' lang='lat' dir='ltr'>in</span> <span class='ocrx_word' id='word_1_281' title='bbox 608 2793 698 2852; x_wconf 88' lang='lat' dir='ltr'>domo</span> <span class='ocrx_word' id='word_1_282' title='bbox 715 2799 775 2851; x_wconf 85' lang='lat' dir='ltr'>tom</span> <span class='ocrx_word' id='word_1_283' title='bbox 798 2789 849 2849; x_wconf 91' lang='lat' dir='ltr'>diu</span> <span class='ocrx_word' id='word_1_284' title='bbox 865 2790 1031 2853; x_wconf 87' lang='lat' dir='ltr'>deversari</span> <span class='ocrx_word' id='word_1_285' title='bbox 1047 2805 1096 2851; x_wconf 88' lang='lat' dir='ltr'>nco</span> 
     </span>
     <span class='ocr_line' id='line_1_33' title="bbox 74 2872 1098 2951; baseline -0.005 -17"><span class='ocrx_word' id='word_1_286' title='bbox 74 2874 189 2947; x_wconf 79' lang='lat' dir='ltr'>nuceta</span> <span class='ocrx_word' id='word_1_287' title='bbox 209 2873 239 2932; x_wconf 93' lang='lat' dir='ltr'>in</span> <span class='ocrx_word' id='word_1_288' title='bbox 255 2891 329 2948; x_wconf 84' lang='lat' dir='ltr'>qua,</span> <span class='ocrx_word' id='word_1_289' title='bbox 357 2874 495 2949; x_wconf 84' lang='lat' dir='ltr'>quamvis</span> <span class='ocrx_word' id='word_1_290' title='bbox 510 2874 583 2935; x_wconf 87' lang='lat' dir='ltr'>nihil</span> <span class='ocrx_word' id='word_1_291' title='bbox 598 2874 716 2949; x_wconf 85' lang='lat' dir='ltr'>sapias,</span> <span class='ocrx_word' id='word_1_292' title='bbox 732 2882 832 2932; x_wconf 87' lang='lat' dir='ltr'>tamen</span> <span class='ocrx_word' id='word_1_293' title='bbox 846 2872 920 2932; x_wconf 89' lang='lat' dir='ltr'>nihil</span> <span class='ocrx_word' id='word_1_294' title='bbox 936 2876 992 2934; x_wconf 90' lang='lat' dir='ltr'>tibi</span> <span class='ocrx_word' id='word_1_295' title='bbox 1007 2878 1098 2951; x_wconf 88' lang='lat' dir='ltr'>potest</span> 
     </span>
     <span class='ocr_line' id='line_1_34' title="bbox 74 2954 1098 3033; baseline -0.001 -19"><span class='ocrx_word' id='word_1_296' title='bbox 74 2972 145 3017; x_wconf 89' lang='lat' dir='ltr'>esse</span> <span class='ocrx_word' id='word_1_297' title='bbox 159 2958 331 3017; x_wconf 87' lang='lat' dir='ltr'>iucundum.</span> <span class='ocrx_word' id='word_1_298' title='bbox 373 2958 505 3017; x_wconf 85' lang='lat' dir='ltr'>xxvlll.</span> <span class='ocrx_word' id='word_1_299' title='bbox 521 2960 569 3016; x_wconf 87' lang='lat' dir='ltr'>An</span> <span class='ocrx_word' id='word_1_300' title='bbox 583 2967 623 3027; x_wconf 93' lang='lat' dir='ltr'>tu,</span> <span class='ocrx_word' id='word_1_301' title='bbox 647 2958 697 3015; x_wconf 84' lang='lat' dir='ltr'>illc</span> <span class='ocrx_word' id='word_1_302' title='bbox 715 2957 746 3015; x_wconf 90' lang='lat' dir='ltr'>in</span> <span class='ocrx_word' id='word_1_303' title='bbox 766 2954 917 3016; x_wconf 88' lang='lat' dir='ltr'>vestibulo</span> <span class='ocrx_word' id='word_1_304' title='bbox 940 2967 1043 3019; x_wconf 88' lang='lat' dir='ltr'>rostra</span> <span class='ocrx_word' id='word_1_305' title='bbox 1058 2959 1098 3033; x_wconf 88' lang='lat' dir='ltr'>[an</span> 
     </span>
     <span class='ocr_line' id='line_1_35' title="bbox 75 3036 1098 3116; baseline -0.002 -21"><span class='ocrx_word' id='word_1_306' title='bbox 75 3040 183 3116; x_wconf 85' lang='lat' dir='ltr'>spolia]</span> <span class='ocrx_word' id='word_1_307' title='bbox 200 3056 292 3113; x_wconf 88' lang='lat' dir='ltr'>quum</span> <span class='ocrx_word' id='word_1_308' title='bbox 306 3040 462 3114; x_wconf 83' lang='lat' dir='ltr'>aspexisti,</span> <span class='ocrx_word' id='word_1_309' title='bbox 482 3041 602 3100; x_wconf 90' lang='lat' dir='ltr'>domum</span> <span class='ocrx_word' id='word_1_310' title='bbox 618 3049 698 3100; x_wconf 88' lang='lat' dir='ltr'>tuam</span> <span class='ocrx_word' id='word_1_311' title='bbox 712 3047 742 3099; x_wconf 91' lang='lat' dir='ltr'>te</span> <span class='ocrx_word' id='word_1_312' title='bbox 758 3036 882 3098; x_wconf 88' lang='lat' dir='ltr'>introire</span> <span class='ocrx_word' id='word_1_313' title='bbox 898 3048 1016 3112; x_wconf 66' lang='lat' dir='ltr'>putas?</span> <span class='ocrx_word' id='word_1_314' title='bbox 1029 3036 1098 3099; x_wconf 88' lang='lat' dir='ltr'>Fieri</span> 
     </span>
     <span class='ocr_line' id='line_1_36' title="bbox 75 3119 1098 3195; baseline -0.002 -15"><span class='ocrx_word' id='word_1_315' title='bbox 75 3137 136 3180; x_wconf 92' lang='lat' dir='ltr'>non</span> <span class='ocrx_word' id='word_1_316' title='bbox 152 3130 262 3194; x_wconf 86' lang='lat' dir='ltr'>potest.</span> <span class='ocrx_word' id='word_1_317' title='bbox 296 3123 437 3195; x_wconf 79' lang='lat' dir='ltr'>Quamvis</span> <span class='ocrx_word' id='word_1_318' title='bbox 453 3124 532 3182; x_wconf 88' lang='lat' dir='ltr'>enim</span> <span class='ocrx_word' id='word_1_319' title='bbox 548 3123 614 3182; x_wconf 88' lang='lat' dir='ltr'>sine</span> <span class='ocrx_word' id='word_1_320' title='bbox 629 3130 737 3193; x_wconf 86' lang='lat' dir='ltr'>mente,</span> <span class='ocrx_word' id='word_1_321' title='bbox 753 3119 818 3181; x_wconf 89' lang='lat' dir='ltr'>sine</span> <span class='ocrx_word' id='word_1_322' title='bbox 833 3136 931 3181; x_wconf 88' lang='lat' dir='ltr'>sensu</span> <span class='ocrx_word' id='word_1_323' title='bbox 947 3122 1002 3194; x_wconf 91' lang='lat' dir='ltr'>sis,</span> <span class='ocrx_word' id='word_1_324' title='bbox 1019 3131 1098 3187; x_wconf 89' lang='lat' dir='ltr'>ntes,</span> 
     </span>
     <span class='ocr_line' id='line_1_37' title="bbox 75 3206 1098 3279; baseline -0.006 -14"><span class='ocrx_word' id='word_1_325' title='bbox 75 3213 174 3265; x_wconf 87' lang='lat' dir='ltr'>tamen</span> <span class='ocrx_word' id='word_1_326' title='bbox 187 3212 215 3263; x_wconf 88' lang='lat' dir='ltr'>et</span> <span class='ocrx_word' id='word_1_327' title='bbox 231 3215 261 3265; x_wconf 91' lang='lat' dir='ltr'>te</span> <span class='ocrx_word' id='word_1_328' title='bbox 276 3215 306 3266; x_wconf 88' lang='lat' dir='ltr'>et</span> <span class='ocrx_word' id='word_1_329' title='bbox 323 3215 373 3266; x_wconf 84' lang='lat' dir='ltr'>lua</span> <span class='ocrx_word' id='word_1_330' title='bbox 389 3215 418 3266; x_wconf 89' lang='lat' dir='ltr'>ct</span> <span class='ocrx_word' id='word_1_331' title='bbox 435 3214 503 3266; x_wconf 90' lang='lat' dir='ltr'>tuos</span> <span class='ocrx_word' id='word_1_332' title='bbox 518 3206 607 3265; x_wconf 90' lang='lat' dir='ltr'>nosti.</span> <span class='ocrx_word' id='word_1_333' title='bbox 637 3206 699 3265; x_wconf 89' lang='lat' dir='ltr'>Nec</span> <span class='ocrx_word' id='word_1_334' title='bbox 711 3220 783 3263; x_wconf 90' lang='lat' dir='ltr'>vero</span> <span class='ocrx_word' id='word_1_335' title='bbox 801 3211 830 3264; x_wconf 90' lang='lat' dir='ltr'>te</span> <span class='ocrx_word' id='word_1_336' title='bbox 844 3220 992 3279; x_wconf 86' lang='lat' dir='ltr'>umquam</span> <span class='ocrx_word' id='word_1_337' title='bbox 1006 3216 1098 3278; x_wconf 84' lang='lat' dir='ltr'>neque</span> 
     </span>
     <span class='ocr_line' id='line_1_38' title="bbox 75 3287 1097 3364; baseline -0.002 -20"><span class='ocrx_word' id='word_1_338' title='bbox 75 3288 248 3362; x_wconf 81' lang='lat' dir='ltr'>vigilantem</span> <span class='ocrx_word' id='word_1_339' title='bbox 269 3305 368 3364; x_wconf 90' lang='lat' dir='ltr'>neque</span> <span class='ocrx_word' id='word_1_340' title='bbox 389 3289 418 3348; x_wconf 93' lang='lat' dir='ltr'>in</span> <span class='ocrx_word' id='word_1_341' title='bbox 443 3287 558 3350; x_wconf 90' lang='lat' dir='ltr'>somnis</span> <span class='ocrx_word' id='word_1_342' title='bbox 581 3289 671 3347; x_wconf 91' lang='lat' dir='ltr'>credo</span> <span class='ocrx_word' id='word_1_343' title='bbox 695 3302 788 3361; x_wconf 88' lang='lat' dir='ltr'>posse</span> <span class='ocrx_word' id='word_1_344' title='bbox 809 3294 908 3346; x_wconf 88' lang='lat' dir='ltr'>mente</span> <span class='ocrx_word' id='word_1_345' title='bbox 921 3288 1097 3348; x_wconf 81' lang='lat' dir='ltr'>consistere.</span> 
     </span>
     <span class='ocr_line' id='line_1_39' title="bbox 74 3367 1098 3445; baseline -0.004 -18"><span class='ocrx_word' id='word_1_346' title='bbox 74 3367 208 3430; x_wconf 82' lang='lat' dir='ltr'>Necesse</span> <span class='ocrx_word' id='word_1_347' title='bbox 222 3377 283 3442; x_wconf 91' lang='lat' dir='ltr'>est,</span> <span class='ocrx_word' id='word_1_348' title='bbox 300 3371 438 3445; x_wconf 87' lang='lat' dir='ltr'>quamvis</span> <span class='ocrx_word' id='word_1_349' title='bbox 456 3373 508 3444; x_wconf 88' lang='lat' dir='ltr'>sis,</span> <span class='ocrx_word' id='word_1_350' title='bbox 529 3378 561 3430; x_wconf 89' lang='lat' dir='ltr'>ut</span> <span class='ocrx_word' id='word_1_351' title='bbox 574 3386 623 3442; x_wconf 93' lang='lat' dir='ltr'>es,</span> <span class='ocrx_word' id='word_1_352' title='bbox 640 3368 811 3429; x_wconf 90' lang='lat' dir='ltr'>vinolentus</span> <span class='ocrx_word' id='word_1_353' title='bbox 828 3370 993 3441; x_wconf 78' lang='lat' dir='ltr'>climens,</span> <span class='ocrx_word' id='word_1_354' title='bbox 1013 3381 1098 3444; x_wconf 89' lang='lat' dir='ltr'>quun</span> 
     </span>
    </p>
   </div>
   <div class='ocr_carea' id='block_1_3' title="bbox 0 0 1174 3788">
    <p class='ocr_par' dir='ltr' id='par_1_4' title="bbox 0 0 1174 3788">
     <span class='ocr_line' id='line_1_40' title="bbox 0 0 1174 3788; baseline 0 0"><span class='ocrx_word' id='word_1_355' title='bbox 0 0 1174 3788; x_wconf 95' lang='lat' dir='ltr'> </span> 
     </span>
    </p>
   </div>
  </div>
 </body>
</html>
