2340 3788
375 181 773 249 .cAP.2-⁵.s·5-1a.
837 160 841 173 '
943 140 950 159 x
1039 182 1121 262 lna¹

68 324 128 395 se's
148 329 363 407 exsertusque
376 347 560 408 permagnos
576 331 818 408 quibuscumque
834 335 1028 413 exgentibus
1040 354 1100 412 po-

69 414 186 477 tuisset
203 423 413 489 comparasset
434 423 465 476 et
483 432 519 476 sa
530 414 743 494 Bosphoranis
760 415 892 481 llnilimis
908 419 973 481 suis
987 420 1099 481 ballum

68 494 186 559 inferre
200 497 369 572 simularet,
382 515 483 574 usque
498 498 529 558 in
539 497 718 574 Hispaniam
732 499 848 572 legatos
865 518 902 564 ac
916 502 1030 564 litteras
1045 505 1099 564 mi·
1166 505 1169 512 ’

69 580 174 647 sitad
195 596 250 641 eos
274 581 384 655 duces,
411 581 590 656 quibuscum
613 590 675 641 tum
698 582 809 641 bellum
833 584 1029 659 gerebamus,
1056 593 1099 661 ut,

69 679 169 738 quum
192 663 312 725 dnobus
332 663 364 723 in
380 663 461 726 locis
482 663 727 725 disiunctissimis
751 663 943 740 maximeque
967 667 1097 731 diversis

69 763 136 809 uno
151 744 279 807 oruntio
294 763 313 807 a
326 744 409 808 binis'
421 746 552 809 hostiurn
567 746 666 821 copiis
679 748 791 808 bellum
805 755 886 808 terra
898 745 1034 824 marique
1045 767 1097 827 ge·

68 836 204 902 roratur,
221 845 280 890 vos
299 828 424 905 ancipiti
446 829 637 891 contentione
657 829 784 892 districti
804 829 844 890 de
864 829 992 906 imperio
1013 832 1098 893 dimi

69 910 193 973 caretis.
209 909 273 973 10.
297 911 361 973 Sed
375 920 475 973 tamen
489 912 611 974 alterius
627 913 722 988 partis
743 913 928 989 periculum,
951 913 1097 976 Sertoria-

68 1011 129 1056 nae
150 1004 242 1070 atque
255 994 482 1070 Hispaniensis,
504 997 583 1071 quae
601 1000 694 1058 multo
717 997 786 1071 plus
800 996 980 1058 firmamenti
995 1012 1032 1056 ac
1048 1014 1097 1058 ro-

67 1076 157 1140 boris
171 1077 318 1152 habebat,
339 1077 390 1137 Gn.
405 1077 542 1155 Pompeii
561 1078 664 1140 divino
685 1079 814 1140 consilio
829 1096 866 1140 ae
881 1079 1026 1155 singulari
1040 1078 1098 1157 vir·

67 1169 135 1225 tute
151 1162 313 1236 depulsum
329 1169 390 1222 est:
406 1161 438 1222 in
453 1166 547 1224 altera
558 1171 645 1238 parte
654 1163 697 1224 ita
706 1178 757 1224 res
768 1179 787 1223 a
798 1163 830 1224 L.
841 1163 968 1225 Lucullo
978 1178 1098 1224 summo

66 1244 137 1304 viro
156 1251 207 1305 est
227 1243 449 1319 administrata,
469 1255 502 1307 ut
521 1245 605 1307 initia
625 1245 677 1307 illa
696 1263 798 1306 rerum
819 1255 972 1322 gestarum
987 1261 1098 1320 magna

66 1336 165 1403 atquc
184 1330 341 1404 praeclara
361 1345 423 1390 non
446 1328 579 1391 felicitati
593 1329 674 1401 eius,
696 1328 753 1391 sed
768 1328 883 1404 virtuti,
905 1330 981 1390 haec
997 1335 1098 1391 autem

67 1419 221 1482 extremo,
244 1428 324 1487 quae
340 1428 439 1488 nuper
455 1412 646 1485 acciderunt,
665 1429 726 1474 non
741 1414 865 1487 crrlpae,
887 1413 943 1473 sed
956 1411 1097 1475 fortunae

66 1494 231 1557 tribuenda
246 1510 316 1556 esse
331 1496 497 1559 videantur
523 1495 597 1557 Sed
611 1497 650 1556 de
662 1496 788 1556 Lucullo
800 1496 899 1558 dicam
913 1494 972 1556 alio
984 1496 1054 1557 loco
1067 1501 1098 1554 et

65 1577 111 1639 ita
131 1575 246 1650 dicam,
268 1577 412 1653 Quirites,
434 1589 467 1641 ut
481 1594 581 1654 neque
595 1595 669 1638 vcra
683 1580 750 1638 laus
765 1578 795 1639 ei
808 1580 945 1639 detracta
960 1577 1097 1641 oratione

66 1653 177 1721 nostra
196 1677 296 1735 neque
317 1663 394 1721 lalsa
410 1662 521 1723 adficta
537 1677 608 1721 esse
621 1660 774 1721 videatur
804 1658 855 1721 11.
881 1662 920 1720 dc
935 1659 1030 1721 vestri
1042 1659 1098 1719 im·

65 1742 148 1819 perii
162 1742 307 1817 dignitate
321 1751 412 1816 atque
427 1743 533 1817 gloria,
548 1741 691 1816 quoniam
703 1742 731 1802 is
746 1751 793 1802 est
806 1759 936 1802 exorsus
951 1741 1097 1803 orationis

64 1842 173 1898 meae,
187 1823 290 1884 videte
308 1839 398 1899 quem
414 1824 505 1885 vobis
519 1824 650 1882 animum
666 1823 894 1897 suscipiendum
908 1823 1028 1897 putetis.

153 1908 193 1964 V.
223 1905 355 1966 Maiores
378 1907 472 1966 nostri
492 1921 586 1980 saepe
605 1906 823 1985 mercatoribus
837 1913 891 1965 aut
903 1902 1096 1965 naviculariis

66 1985 252 2053 iniuriosius
271 1988 406 2050 tractatis
426 1990 507 2049 bella
521 1996 695 2063 gesserunt:
721 2003 778 2048 vos
795 1993 837 2047 tot
850 1985 971 2046 mililms
986 1984 1098 2047 civium

64 2077 277 2136 Romanorum
287 2089 349 2134 uno
363 2072 474 2133 nuncio
490 2078 581 2147 atque
595 2089 656 2132 uno
673 2079 811 2146 tempore
824 2068 940 2131 necatis
957 2086 1018 2146 quo
1032 2076 1097 2129 tan-

65 2160 141 2219 dem
157 2155 258 2216 animo
274 2170 346 2216 esse
360 2155 500 2217 debetist
511 2156 616 2229 Legati
630 2156 715 2232 quod
729 2161 815 2215 erant
830 2153 975 2230 appellati
989 2168 1097 2229 super·

65 2240 155 2312 bins,
176 2237 349 2301 Corinthum
371 2248 474 2314 patres
489 2238 583 2299 vestri
596 2239 689 2300 totius
708 2238 852 2298 Graeciae
867 2239 968 2298 lumen
982 2235 1098 2298 exstin-

65 2332 151 2385 ctum
164 2337 236 2383 esse
249 2323 425 2383 voluerunt=
441 2339 498 2383 vos
513 2337 583 2382 eum
595 2338 700 2398 regem
709 2321 837 2382 inultum
848 2336 920 2382 esse
932 2318 1097 2396 patiemini,

67 2406 123 2483 qui
142 2404 275 2480 legatum
296 2405 402 2480 populi
415 2404 546 2467 Romani
560 2407 753 2467 consularem
769 2403 896 2466 vinculis
912 2419 947 2464 ac
963 2402 1100 2463 veritari-¹

64 2491 231 2565 busatque
242 2487 324 2549 omni
335 2487 486 2564 supplicio
497 2487 704 2549 excruciatum
715 2486 857 2549 necavitt
871 2485 917 2546 llli
927 2485 1097 2547 libertatem

65 2573 255 2635 imminutam
277 2571 389 2633 civium
403 2573 608 2632 Romanorum
629 2588 691 2632 non
713 2573 858 2632 tulerunt=
879 2584 938 2629 vos
961 2575 1097 2640 ereptam

65 2656 162 2717 vitam
183 2654 364 2730 negligetist
383 2655 435 2716 lus
458 2653 617 2749 legationis
638 2655 734 2715 verbo
757 2653 901 2715 violatum
925 2649 969 2709 illi
992 2663 1097 2722 persc-

66 2738 130 2800 cuti
147 2747 229 2799 sunt.
250 2755 310 2799 vos
328 2739 458 2812 legatum
474 2736 555 2798 omni
571 2736 721 2812 supplicio
736 2736 927 2809 interiectum
943 2730 1096 2805 relinque-

66 2822 129 2885 tis?
162 2821 212 2884 12.
234 2821 408 2892 Videtene‚
426 2829 458 2881 ut
471 2820 530 2880 illis
546 2819 779 2895 pulcherrimum
795 2816 852 2878 luit
874 2821 984 2881 tantam
1004 2812 1096 2875 robis

66 2903 189 2982 imperii
205 2903 331 2979 gloriam
348 2905 480 2978 tradere,
501 2903 546 2964 sic
556 2901 653 2963 vobis
667 2900 875 2975 turpissimum
890 2896 944 2970 sit,
964 2894 996 2957 id
1012 2898 1095 2972 quod

67 2987 250 3063 accepistis,
269 2987 343 3049 tueri
359 2996 390 3048 et
402 3003 588 3048 conservare
603 3001 664 3045 non
683 2999 787 3058 posse
986 3013 988 3016 >

153 3070 246 3145 Quid,
271 3072 354 3146 quod
375 3072 459 3131 salus
480 3069 633 3131 sociorum
654 3082 803 3128 summum
822 3063 853 3123 in
876 3061 1040 3137 periculum
1058 3079 1095 3124 ac

24 3176 29 3189 ·
66 3154 232 3216 discrimen
249 3162 390 3225 vocatur,
407 3170 469 3229 quo
486 3153 607 3213 totidem
626 3151 726 3211 animo
740 3151 819 3208 ieme
834 3145 974 3207 debetist
988 3149 1097 3222 Regno

66 3247 115 3300 est
130 3239 279 3313 expulsus
294 3235 518 3298 Ariobarzanes
531 3252 602 3308 rex,
622 3232 726 3294 socius
741 3229 860 3306 populi
862 3230 989 3293 Romani
1003 3238 1097 3323 atque

65 3321 202 3382 amicus:
219 3319 375 3380 imminent
388 3321 449 3380 duo
465 3335 557 3395 reges
570 3317 628 3380 toti
635 3315 730 3376 Asiae
744 3330 805 3375 non
820 3314 919 3375 solum
934 3309 1048 3379 vohis
1041 3308 1097 3368 rni-

66 3402 243 3477 micissimi,
265 3402 434 3464 sedetiam
457 3401 568 3463 vesnis
592 3399 689 3462 sociis
706 3407 799 3474 atque
814 3395 936 3468 amicis,
957 3392 1101 3455 civitates
