2340 3788
190 402 193 409 ’
303 388 386 481 „tt
414 385 548 468 TULLll
576 377 788 465 citillttlits

181 550 276 647 rto
305 551 350 648 s.
379 549 522 647 torto
552 544 732 645 ntroin
762 543 957 647 orento.

515 741 634 749 ι----

187 863 239 925 EX
255 861 543 924 collimitantis
556 861 593 936 Q.
607 862 760 924 ASCONlI
776 862 937 923 PEDiANI.

100 999 171 1049 Hane
188 1000 252 1051 dixit
262 999 307 1055 Gn.
322 999 441 1062 Pompeio
459 998 501 1050 lii.
517 999 619 1051 consule
635 1014 659 1054 a.
678 1000 705 1049 d.
720 999 763 1053 Vi.
783 999 843 1051 Idne
861 997 940 1062 April.
960 997 997 1061 [a.
1018 1013 1045 1051 n.
1059 1012 1082 1049 c.

53 1065 126 1130 702J.
144 1066 217 1125 Quod
226 1069 349 1118 indicium
361 1081 440 1130 quum
457 1075 582 1133 ageretur,
601 1068 738 1118 exereitum
756 1070 784 1116 in
802 1067 857 1119 loro
873 1075 898 1116 et
916 1067 1033 1116 omnibus
1054 1067 1081 1115 in

52 1135 163 1198 templis,
183 1150 247 1199 quae
264 1137 357 1185 circum
373 1133 455 1185 lorum
467 1140 536 1194 sunt,
553 1135 702 1186 collocatum
717 1148 732 1186 o
746 1133 790 1188 cn
805 1133 923 1199 Pompeio
940 1134 1020 1185 luisse
1031 1147 1083 1183 non

13 1211 16 1222 ¹
53 1208 149 1251 tantum
167 1217 198 1253 ex
214 1202 262 1252 hac
279 1204 391 1254 eratione
409 1209 435 1252 et
450 1202 597 1267 annalibus,
621 1203 760 1254 sedetiam
777 1203 886 1254 exilire
904 1211 1022 1267 apparet,
1038 1202 1083 1264 qui

54 1266 179 1320 Ciceronis
195 1272 295 1322 nemine
310 1271 457 1325 inscribitur
474 1271 506 1322 de
516 1274 707 1337 optionem
719 1279 845 1323 oratam
862 1271 897 1336 [e.
912 1271 938 1323 4.
956 1271 980 1332 s.
999 1266 1063 1336 tat.

330 1405 604 1467 ARGUMENTUH
615 1407 694 1468 HOC
708 1407 791 1468 EST.
884 1472 888 1477 ,

119 1515 148 1566 Τ.
167 1517 264 1568 Annius
279 1517 339 1570 liiiio
358 1526 383 1570 et
396 1518 424 1576 P,
441 1519 556 1570 Plautius
571 1518 703 1584 Hypsaeus
720 1516 910 1578 collotenus
925 1515 1008 1582 Scipio
1022 1531 1082 1569 oon·

52 1587 162 1636 sulatum
178 1587 305 1650 petierunt
324 1601 374 1638 non
391 1589 473 1640 solum
490 1585 623 1651 largitione
636 1586 721 1650 pelam
740 1585 857 1650 profusa,
876 1585 922 1634 sed
943 1587 1020 1635 etiam
1038 1586 1080 1636 ia·

51 1654 175 1704 'ctionibua
191 1662 343 1704 armatorum
357 1657 489 1708 succincti.
515 1654 602 1703 liiiioni
617 1660 642 1701 et
657 1652 744 1704 illodlo
763 1667 876 1704 summae
889 1659 959 1702 erant
974 1654 1083 1704 inimici-

50 1724 109 1781 tiae,
127 1722 196 1784 quod
210 1720 303 1770 etliilio
316 1721 443 1772 Ciceronis
454 1729 508 1772 erat
524 1721 695 1773 amicissimus
713 1722 740 1768 in
754 1719 948 1781 reducendoque
963 1734 992 1768 eo
1009 1720 1082 1770 enixe

51 1802 154 1854 operam
176 1789 213 1837 rei
227 1788 345 1851 publicae
359 1788 462 1839 dederat
483 1794 508 1837 et
523 1787 552 1836 Ρ.
570 1785 671 1837 Clodius
689 1788 804 1837 restituto
821 1786 933 1837 Ciceroni
949 1793 1001 1835 erat
1018 1785 1082 1836 inie-

51 1859 179 1908 stissimus
193 1854 301 1917 ideoque
316 1870 413 1907 summe
426 1855 542 1906 studebat
556 1853 672 1920 Hypsaeo
686 1862 711 1904 et
728 1852 839 1920 Scipioni
852 1852 1081 1913 contraliilonem.

51 1929 89 1975 lic
112 1937 189 1988 saepe
215 1923 279 1972 inter
298 1936 328 1972 se
343 1922 404 1974 liiiio
429 1931 454 1973 et
472 1921 575 1974 clodius
599 1936 656 1973 cum
679 1923 732 1973 suis
756 1921 909 1975 factionibus
925 1921 1021 1971 Romae
1038 1922 1082 1972 de-

50 1998 240 2059 pugnaverant,
259 1997 284 2040 et
301 1999 370 2041 erant
386 1999 491 2057 uterque
509 1992 615 2042 andacia
631 2003 716 2056 peres,
732 1991 778 2041 sed
796 1990 854 2040 lilio
871 2005 917 2056 pro
934 1989 1083 2041 melioribus

50 2061 166 2127 partibus
181 2059 270 2111 stabat
293 2059 425 2110 Praeterea
440 2060 467 2110 ln
486 2061 601 2110 eumdem
615 2072 708 2109 annum
723 2058 880 2109 consulatum
894 2057 962 2119 Milo,
980 2056 1083 2109 (llodine

69 2136 194 2182 caeteram
212 2128 325 2191 petebat,
347 2142 423 2190 quem
440 2128 547 2180 debilem
563 2127 672 2178 luteram
689 2126 791 2178 consule
807 2125 898 2176 Milone
916 2125 1082 2191 intelligebat.

49 2145 148 2247 Beinde
176 2209 252 2257 quum
276 2195 319 2245 diu
342 2201 421 2247 tracte
444 2205 528 2248 essent
551 2196 651 2247 comitia
668 2194 810 2246 consularia
830 2194 966 2261 perficique
989 2196 1021 2245 ob
1039 2208 1082 2245 eea

50 2267 121 2330 ipsae
135 2264 247 2328 perditas
259 2262 448 2315 candidatorum
466 2264 637 2315 contentiones
652 2277 702 2314 non
720 2271 838 2328 possent,
861 2271 885 2313 et
902 2264 934 2313 eb
950 2263 978 2313 id
991 2277 1081 2314 mensa

49 2334 165 2383 Ianuario
186 2330 309 2380 callidum
323 2346 404 2394 neque
418 2333 534 2384 consules
547 2347 630 2396 neque
650 2340 778 2398 praetores
795 2340 878 2381 essent
893 2331 1083 2396 traheratnrqne

52 2402 106 2451 dies
123 2400 212 2450 eodem
229 2414 279 2461 qno
296 2407 370 2449 antea
386 2402 472 2460 modo,
487 2416 565 2466 quum
579 2400 640 2450 idilo
658 2400 858 2465 quamprimum
877 2401 978 2450 comitia
996 2398 1083 2449 confici

50 2468 127 2520 veliet
152 2467 334 2530 conficeretque
357 2483 434 2530 quum
460 2470 582 2520 bonorum
602 2468 707 2526 studiis,
733 2467 801 2531 quod
823 2468 960 2519 obsistebat
986 2465 1083 2526 Clodio,

50 2545 104 2586 tum
122 2537 197 2586 etism
205 2535 295 2600 populi
308 2544 412 2601 propter
427 2535 519 2588 eilnsas
533 2537 680 2603 largitiones
691 2537 869 2601 impensasque
884 2534 1001 2585 ludorum
1013 2549 1095 2584 scae·

51 2619 441 2722 0
514 2606 648 2722 matii
664 2603 836 2723 telesti
853 2601 1084 2722 millitia

49 2687 184 2804 Pffieius
199 2687 277 2805 gelroeer
294 2671 462 2806 &suffio
475 2687 531 2795 gom
544 2687 651 2791 anagrate:
658 2687 773 2791 tssibunus
788 2687 873 2806 peieebg
891 2708 978 2790 relcssri
993 2739 1026 2789 ad
1035 2685 1084 2787 qse·

49 2817 136 2858 natum
153 2807 185 2857 de
202 2809 315 2872 patriciis
332 2809 514 2872 convocandis,
530 2809 574 2871 qul
590 2809 742 2875 interregem
758 2809 907 2875 proderent,
926 2822 978 2857 nen
1000 2812 1084 2856 ment

51 2877 136 2941 passi,
154 2890 232 2937 quum
246 2877 397 2942 interregem
412 2877 519 2943 prodere
536 2877 614 2927 moris
632 2884 707 2937 esset,
723 2891 746 2926 a.
762 2877 787 2930 d.
806 2874 870 2925 x111.
889 2875 944 2925 Rei.
959 2875 1031 2928 Febr.
1048 2899 1083 2911 —

50 2953 105 2994 acta
121 2945 213 2993 etenim
230 2946 312 3010 magis
330 2946 460 3009 sequenda
475 2954 500 2995 et
512 2947 594 3063 {feam
611 2945 763 3004 orationem,
787 2959 852 3009 quae
879 2944 943 2994 sctis
957 2942 1082 3009 congruit,

48 3022 111 3079 puto
127 3026 203 3074 quam
218 3010 392 3076 Fenestellam,
411 3014 455 3078 qni
471 3028 494 3064 a.
533 3011 621 3067 ‚xiv.
638 3011 696 3063 Kal.
706 3013 779 3066 Febr.
798 3008 983 3062 tradit-iiiio
999 3011 1083 3061 Lanu·

49 3083 133 3139 rium,
149 3095 181 3131 ex
200 3095 250 3144 quo
268 3088 321 3130 erat
335 3083 475 3148 municipio
493 3089 517 3132 et
534 3081 570 3131 lbi
584 3088 637 3130 tnm
655 3081 769 3141 dictator,
788 3079 916 3145 proiectus
935 3087 973 3129 eet
991 3080 1024 3129 ad
1037 3077 1083 3128 da·

49 3152 143 3200 minem
155 3148 314 3215 prodendum
328 3158 430 3216 postera
447 3149 498 3204 die.
521 3148 635 3200 Occurrit
650 3150 674 3198 ei
687 3151 753 3200 circa
768 3147 858 3199 horam
873 3148 964 3211 nonam
980 3145 1083 3198 Clodius

50 3219 137 3283 paullo
158 3218 226 3268 altra
243 3216 364 3280 Bovillae,
379 3219 480 3269 radlens
496 3219 530 3269 ab
545 3218 638 3279 Aricia,
654 3231 734 3283 prope
746 3229 804 3266 eum
820 3215 913 3280 locam,
931 3216 958 3266 in
974 3229 1023 3278 quo
1034 3213 1084 3263 ilo·

50 3302 96 3337 nae
123 3286 186 3338 deae
203 3285 322 3337 sacellum
345 3293 394 3341 ast.
427 3284 488 3337 Erat
502 3292 585 3335 autem
600 3283 732 3336 adlocutus
748 3284 894 3337 decuriones
911 3283 1081 3335 Aricinorum.

50 3353 196 3403 vehebatur
217 3351 322 3404 clodius
345 3357 419 3417 equo.
457 3351 530 3404 Servi
544 3351 620 3404 XXX
639 3353 692 3403 lere
716 3352 841 3418 expediti,
863 3359 892 3402 nt
909 3351 952 3401 illo
970 3358 1083 3415 tempore
