2340 3788
106 157 171 223 ato
391 129 882 240 raocnrnanrooanno.

111 324 186 370 suos
201 304 395 382 plurimarum
415 321 516 365 rerum
528 301 748 365 'sanctissimus
771 312 801 364 et
819 302 1004 365 iustissimus
1034 303 1142 381 iudex,

110 389 307 451 maximarum
323 387 502 448 societatum
517 396 636 458 auctor,
652 386 845 461 plurimarum
860 388 1018 461 magistor=
1036 388 1064 449 si
1078 407 1142 451 non

15 484 18 489 ⁴
110 473 201 534 modo
222 472 252 531 in
276 487 314 531 eo
335 469 409 531 nihil
430 486 573 544 umquam
592 470 823 542 reprehensum,
851 470 907 530 sed
926 470 1050 530 laudata
1071 466 1144 536 sunt

108 555 219 625 omnia,
234 563 333 614 tamen
348 552 375 612 is
390 551 488 613 oberit
496 550 712 613 honestissimo
728 551 790 611 lilio
803 561 898 626 pater,
914 554 966 627 qui
978 555 1027 613 vei
1040 555 1143 618 minus

109 640 268 701 honestum
283 645 314 697 et
327 635 457 696 alienum
472 635 550 696 tueri
564 637 614 695 vei
631 633 807 695 anctoritate
822 651 878 695 sua
895 636 944 694 vel
954 637 1052 710 gratia
1067 655 1142 714 pos·

108 721 167 782 siti
177 719 280 782 -aa
293 716 453 793 Asperius,
469 718 574 795 inquit,
591 719 711 778 locutus
725 726 772 777 est
782 716 896 792 aliquid
907 716 1087 793 aliquando.
1100 757 1144 768 -

35 812 39 827 '
108 805 202 863 Immo
217 803 347 873 fortasse
365 800 499 861 liberius.
521 832 564 845 —
583 799 799 874 allapsum,
821 800 932 875 inquit,
955 818 1015 862 non
1033 812 1083 863 est
1098 807 1142 866 ie·

108 887 246 948 rendum.
260 917 302 930 -
315 885 396 959 Ergo
411 883 442 943 bi
458 883 576 945 terendi
591 890 669 956 sunt,
687 882 738 958 qui
752 883 811 943 hoc
827 891 1002 958 queruntur,
1017 884 1143 948 liberta-

106 978 168 1031 tem
186 966 297 1043 equitis
314 968 441 1027 Romani
461 968 591 1041 selerne
616 981 675 1025 non
697 973 814 1040 posset
838 965 967 1047 Ubinam
982 966 1034 1027 ille
1050 978 1144 1031 most

107 1051 160 1113 ubi
175 1051 226 1111 illa
245 1052 384 1126 aequitas
400 1051 497 1111 iuris?
515 1049 568 1109 ubi
592 1050 643 1108 illa
660 1049 784 1122 antiqua
798 1048 936 1122 libertas,
951 1066 1030 1124 quae
1051 1053 1143 1113 malis

107 1149 262 1210 oppressa
278 1133 416 1193 civilibus
431 1134 577 1193 extollere
594 1131 653 1191 iam
673 1140 808 1207 caputet
823 1131 986 1207 aliquando
1001 1144 1142 1195 recreata

108 1234 144 1280 se
159 1216 275 1291 erigere
290 1216 440 1275 debebatt
453 1215 595 1290 Equitum
606 1231 663 1290 ego
675 1216 879 1275 Romanorum
890 1214 920 1274 in
932 1215 1072 1276 homines
1084 1235 1141 1278 no-

2 1342 4 1347 ·
105 1298 274 1363 bilissimos
294 1297 468 1370 maledicta,
491 1297 718 1372 publicanorum
733 1297 764 1357 in
783 1297 815 1370 Q.
832 1298 1025 1371 Scaevolam,
1042 1299 1142 1363 virum

19 1386 22 1391 '
109 1382 251 1443 omnibus
271 1379 403 1454 ingenio,
424 1379 552 1453 iustitia,
565 1380 734 1455 integritate
749 1389 961 1456 praestantem,
974 1397 1089 1455 aspere
1112 1392 1144 1444 et

15 1464 18 1469 '
108 1462 250 1524 ferociter
267 1471 296 1523 et
309 1462 403 1523 libere
418 1462 498 1523 dicta
513 1470 768 1524 commemorem?

169 1546 248 1607 XIV.
271 1544 393 1606 Consuli
409 1546 441 1605 P.
460 1547 588 1606 Nasicae
610 1563 721 1621 praeco
737 1544 867 1607 Granius
890 1545 920 1605 io
940 1547 1039 1605 medio
1057 1548 1143 1621 toro,

108 1645 199 1703 quum
214 1628 264 1688 ille
279 1628 379 1690 edicto
397 1627 511 1690 iustitio
527 1631 650 1690 domum
668 1630 822 1689 decedens
838 1637 976 1704 rogasset
989 1627 1143 1690 Granium

107 1710 182 1788 quid
202 1713 295 1772 tristis
316 1720 399 1772 esset
413 1729 452 1774 an
474 1714 556 1788 quod
573 1714 702 1773 reiectae
717 1712 874 1773 auctiones
891 1718 1013 1772 essent?
1039 1713 1142 1774 Immo

105 1809 196 1871 vero,
212 1794 327 1871 inquit,
347 1797 430 1871 quod
443 1797 621 1869 legationes.
673 1796 756 1855 Idem
774 1795 892 1856 tribuno
909 1793 1002 1870 plebi,
1027 1805 1142 1870 poten-

63 1908 68 1919 ·
106 1877 224 1939 tissimo
240 1877 368 1954 homini,
381 1879 421 1937 M.
436 1881 551 1951 Druso,
575 1881 630 1939 sed
651 1881 742 1938 multa
762 1878 791 1936 in
811 1895 844 1937 re
858 1879 979 1953 publica
992 1879 1141 1953 molienti,

106 1978 199 2036 quum
210 1961 262 2022 ille
271 1979 340 2023 eum
352 1964 522 2033 salutasset,
534 1970 568 2022 ut
578 1963 619 2035 m,
631 1961 836 2036 dixissetque:
849 1962 925 2034 Quid
937 1959 1012 2034 agis,
1025 1961 1143 2020 Grani?

104 2044 278 2118 respondit:
296 2047 388 2104 Immo
403 2063 485 2119 vero,
497 2052 529 2105 tu
539 2047 647 2117 Druse,
664 2046 736 2119 quid
752 2045 837 2120 agist
851 2046 903 2104 lile
916 2043 949 2102 L.
962 2043 1074 2117 Crassi,
1090 2044 1141 2104 ille

104 2125 144 2186 Μ.
160 2128 283 2187 Antonii
307 2130 489 2190 voluntatem
503 2128 711 2202 asperioribus
727 2127 842 2187 facetiis
856 2144 949 2202 saepe
960 2127 1141 2201 perstrinxit

105 2206 239 2282 impune.
281 2212 366 2270 Nunc
382 2229 482 2286 usque
503 2229 540 2271 eo
557 2221 603 2272 est
618 2228 769 2285 oppressa
786 2219 887 2270 vestra
900 2210 1081 2284 adrogantia
1099 2210 1139 2270 ci-

24 2304 32 2317 *
105 2291 194 2364 vitaS,
210 2301 252 2364 ut,
268 2310 345 2366 quae
360 2295 415 2354 luit
429 2295 500 2354 olim
512 2295 656 2369 praeconi
668 2294 698 2353 in
710 2295 849 2366 ridendo,
871 2310 951 2352 nunc
966 2294 1063 2367 equiti
1078 2295 1138 2352 Ro-

104 2389 193 2434 mano
210 2373 403 2449 inploranda
420 2394 480 2437 non
498 2377 537 2438 sit
554 2394 704 2436 concessa
721 2376 852 2437 libertas.
891 2374 941 2438 34.
958 2377 1043 2448 Quae
1059 2376 1140 2436 enim

106 2473 246 2531 umquam
268 2458 443 2520 tuitPlancii
465 2476 527 2520 vox
548 2459 746 2520 contumeliae
767 2460 869 2534 potius
894 2476 985 2534 quam
1001 2459 1140 2521 dotorist

106 2538 180 2613 quid
194 2549 241 2600 est
258 2550 358 2601 autem
373 2560 515 2618 umquam
531 2551 674 2617 questus,
696 2542 753 2602 nisi
773 2560 864 2617 quum
881 2560 899 2601 a
913 2541 1007 2602 sociis
1024 2551 1056 2601 et
1073 2558 1140 2601 ase

104 2621 241 2683 iniuriam
257 2627 469 2699 propulsaret?
487 2626 583 2698 Quum
602 2636 725 2686 senatus
740 2625 936 2699 impediretur
951 2641 1012 2698 quo
1027 2624 1139 2694 minus,

104 2704 134 2763 id
150 2707 234 2780 quod
249 2707 388 2768 hostibus
405 2725 525 2783 semper
538 2717 602 2768 erat
617 2709 767 2779 tributum,
785 2725 968 2783 responsum
983 2707 1141 2781 equitibus

102 2788 249 2849 Romanis
264 2791 458 2864 redderetur,
481 2791 620 2851 omnibus
635 2791 685 2850 illa
698 2790 808 2851 iniuria
820 2790 917 2851 dolori
933 2791 987 2851 luit
1001 2790 1149 2864 publica

103 2870 167 2942 niS,
184 2873 240 2931 sed
257 2889 326 2932 eum
341 2871 442 2947 ipsum
455 2874 591 2934 dolorem
607 2874 656 2934 hic
672 2875 738 2935 tulit
756 2877 857 2949 paullo
881 2874 1028 2948 apertius.
1054 2873 1140 2932 Corn·

104 2953 203 3013 munis
219 2956 269 3014 ille
287 2972 398 3016 sensus
411 2956 441 3015 in
456 2956 522 3016 aliis
539 2959 669 3017 tortasse
685 2957 784 3017 latuit:
800 2957 865 3027 hic,
883 2957 966 3031 quod
983 2972 1055 3015 cum
1072 2971 1141 3016 cae-

103 3032 176 3092 teris
192 3037 291 3098 animo
309 3038 471 3111 sentiebat,
494 3039 525 3099 id
541 3039 636 3113 magis
656 3057 745 3114 quam
760 3035 873 3101 caeteri
888 3048 918 3099 et
937 3040 1022 3099 vultu
1038 3056 1142 3112 prom·

102 3123 187 3190 ptum
201 3117 304 3181 babuit
326 3129 355 3181 et
369 3121 479 3197 lingua.
514 3121 564 3184 35.
588 3123 783 3196 Quamquam,
802 3124 929 3195 iudices,
944 3155 986 3164 —-
1000 3137 1142 3195 agnosco

103 3197 183 3256 enim
200 3215 240 3258 ex
253 3219 301 3261 me
322 3237 364 3248 -
386 3206 534 3278 permulta
548 3206 579 3264 in
589 3205 752 3278 Plancium,
770 3222 847 3279 quae
866 3206 903 3264 ab
919 3222 955 3264 eo
974 3221 1144 3278 numquam

103 3279 283 3354 dictasunt,
308 3288 513 3348 conseruntur.
556 3288 621 3362 Ego
646 3287 717 3361 quia
738 3288 807 3347 dico
830 3287 946 3362 aliquid
962 3286 1143 3361 aliquando,

99 3381 161 3422 non
179 3364 280 3425 studio
293 3367 451 3442 adductus,
469 3371 525 3429 sed
538 3379 589 3430 aut
603 3370 797 3430 contentione
812 3370 932 3429 dicendi
947 3377 999 3430 aut
1014 3369 1145 3431 lacessi·
