2340 3788
370 180 452 243 cult
467 190 580 247 o-rs
602 190 772 251 trs—rr.
1021 182 1086 252 176

53 338 153 400 Erant
166 330 196 393 iu
211 346 320 409 magna
333 334 476 408 potentia„
494 332 546 409 qui
562 334 813 395 consulebantur=
837 352 860 395 a.
869 335 981 411 quibus
995 338 1086 400 etiam

56 418 135 489 dies,
151 424 305 488 tamquam
320 432 339 476 a
354 416 522 490 Chaldaeis,
540 416 728 492 petebantur.
754 418 907 481 lnveutus
923 431 970 483 est
984 421 1085 482 scriba

56 498 184 574 quidam
196 497 248 557 Cn.
259 498 391 570 Flavius,
409 501 461 574 qui
475 499 630 560 cornicum
642 502 749 560 oeulos
765 502 923 562 confixerit
937 511 967 563 et
981 503 1085 579 singu·

56 582 97 643 lis
114 581 225 641 diebus
243 580 418 643 ediscendis
438 583 545 642 fastos·
557 584 671 657 populo
692 584 888 657 proposuerit
908 592 939 645 et
953 586 992 646 ab
1007 585 1084 661 ipsis

56 663 165 740 capsis
184 663 251 723 iure
265 666 469 725 consultomm
491 664 670 739 sapientiam
686 664 863 740 compilarit.
893 668 998 741 Itaque
1018 669 1086 729 irati

55 747 112 820 illi,
133 745 230 825 quod
232 755 302 807 sunt
318 747 406 808 veriti
418 764 458 807 ne
473 747 589 807 diemm
602 748 719 809 ratione
729 750 907 823 pervulgata
919 756 949 808 et
966 750 1085 823 cognita

57 829 379 904 sinesuaoperalege
390 828 562 905 possetagi,
574 830 1087 906 verbaquaedameomposuemnt

55 922 91 974 ut
105 910 268 972 omnibus
261 929 290 971 rn
305 912 421 972 rebus
413 913 473 987 ipsi
490 912 680 976 interessent.

140 994 206 1054 ΧΠ.
220 993 271 1054 26.
294 995 391 1068 Quum
406 995 466 1054 hoc
481 994 546 1055 lieri
566 995 732 1057 bellissime
752 1004 875 1071 posset=
895 996 1013 1056 Faunus
1027 995 1086 1056 Su-

56 1092 145 1138 rmus
168 1090 247 1138 uuus
272 1092 341 1151 usna
364 1074 446 1136 irruo
470 1092 564 1139 nnus:
591 1078 702 1138 deinde
727 1078 886 1139 iudicium:
915 1078 1088 1139 noluerunt.

55 1175 185 1233 rursus,
201 1160 314 1236 inquit,
330 1176 604 1237 ou1usr1unoao,
622 1177 671 1229 our
687 1176 811 1223 sumnus
827 1178 972 1222 vocarunt.
1004 1160 1103 1222 Satis·

55 1243 205 1302 verbose:
224 1244 301 1304 eodo
314 1243 388 1319 quid
398 1251 531 1320 posteat
549 1260 611 1304 uun
623 1259 682 1304 roo
696 1260 737 1304 ux
750 1260 819 1304 man
830 1246 991 1320 Qummmu
1002 1259 1087 1303 6666

55 1340 131 1386 sssr
144 1340 210 1385 mo.
246 1326 323 1400 Quid
337 1334 422 1388 tumr
447 1328 517 1386 Iunii
531 1343 574 1387 66
590 1342 648 1387 roo
668 1344 704 1386 rr
720 1344 761 1388 ux
777 1344 845 1387 mur
859 1344 943 1388 uano
960 1343 1083 1388 consun-

56 1420 217 1468 rmrvoco.
249 1408 326 1483 Quid
337 1410 407 1472 huie
421 1419 482 1473 tem
494 1412 661 1486 loquaciter
671 1411 803 1489 litigioso
814 1410 1086 1488 responderemus,

57 1491 141 1551 uude
160 1492 331 1568 petebatur,
354 1511 415 1555 non
432 1493 572 1554 habebat.
600 1494 720 1556 Transit
737 1494 817 1555 idem
831 1495 896 1555 iure
916 1494 1092 1569 consultus,¹

56 1573 192 1634 tibicinis
205 1574 303 1636 Latini
318 1577 424 1638 mo'dot
442 1577 527 1637 Unus
541 1592 577 1635 ru
591 1592 642 1650 us,
659 1577 765 1653 inquit,
780 1593 819 1636 ux
834 1593 903 1637 roas
918 1593 1001 1637 nanu
1016 1591 1084 1635 oon·

57 1668 177 1717 astruit
191 1673 333 1732 vooasm,
354 1661 422 1718 mou
438 1675 481 1717 1131
496 1673 554 1717 uso
568 1674 604 1717 rr
624 1674 752 1718 nuvoco.
780 1659 904 1720 Praetor
916 1661 1031 1720 interea
1046 1674 1087 1717 ne

57 1741 198 1814 pulcrum
210 1756 245 1799 se
262 1756 298 1799 ae
316 1740 437 1800 beatum
457 1747 576 1816 putaret
589 1748 681 1814 atque
695 1739 810 1815 aliquid
823 1741 892 1815 ipse
907 1757 963 1800 sua
975 1747 1088 1815 sponte

56 1823 244 1897 loqueretur,
260 1821 290 1881 ei
301 1836 426 1894 quoque
439 1837 560 1880 carmen
572 1821 774 1894 compositum
785 1830 839 1893 est
853 1839 946 1896 quum
957 1821 1086 1881 caeteris
1139 1878 1147 1898 θ

55 1904 152 1967 robus
168 1902 333 1961 absurdum
347 1910 409 1962 tum
421 1918 494 1962 vero
507 1901 537 1961 in
553 1902 619 1961 illo=
636 1917 700 1962 sors
710 1918 853 1971 ormsouu
864 1916 1087 1971 surnnsrrrrsus

55 1999 279 2047 runssunrmus
300 1998 393 2046 rsrau
412 1998 591 2044 vintriaco:
618 1999 698 2042 nuru
718 1998 805 2043 vinu.
842 1985 967 2045 Praesto
982 1984 1088 2043 aderat

57 2067 186 2145 sapiens
203 2066 267 2140 ille,
291 2067 343 2142 qui
363 2067 439 2128 inire
459 2067 537 2127 viam
557 2068 696 2128 doceret:
724 2083 932 2127 anons-urunt.
970 2065 1089 2127 Eodem

57 2152 138 2219 duee
159 2150 307 2210 redibant.
345 2151 428 2213 llaee
448 2150 508 2211 iarn
529 2159 592 2212 tum
607 2151 691 2226 apud
706 2150 776 2211 illos
790 2151 933 2213 barbatos
948 2148 1086 2223 ridicula,

57 2234 168 2304 oredo,
187 2232 381 2293 videbantum
398 2232 552 2310 homines,
574 2251 667 2309 quum
683 2244 766 2295 reete
779 2243 872 2310 atque
885 2234 915 2294 in
930 2236 998 2296 loeo
1014 2248 1085 2293 oon·

58 2315 216 2387 stitissent,
233 2315 331 2389 iuberi
346 2316 445 2390 abire,
461 2325 503 2391 ut,
517 2318 600 2376 uode
615 2316 760 2389 abissent,
779 2318 888 2378 eodem
903 2318 1003 2379 statim
1017 2318 1085 2376 red-

57 2397 145 2458 irent.
184 2398 295 2460 lisdem
318 2399 441 2474 ineptiis
458 2401 559 2462 fucata
573 2408 644 2460 sunt
658 2399 710 2459 illa
725 2400 841 2460 omnia:
865 2400 989 2474 Quanto
1002 2414 1038 2458 ru
1054 2414 1089 2458 ur

58 2496 129 2541 matt
143 2484 307 2554 consumto,
323 2491 352 2543 ot
366 2483 457 2542 haee=
476 2481 534 2542 Suu
548 2498 627 2543 anna
640 2498 677 2541 ru
691 2499 769 2543 orcis
784 2498 843 2552 oua
857 2499 898 2542 ux
909 2500 1006 2544 causa
1022 2496 1084 2539 vm·

57 2572 240 2624 orcuvnarst
262 2564 344 2638 Quae
362 2566 433 2625 dum
448 2572 534 2625 erant
550 2566 684 2637 occulta,
704 2566 881 2627 necessario
895 2568 934 2627 ab
951 2566 1012 2638 eis,
1034 2562 1085 2637 qui

58 2662 97 2706 ea
116 2647 274 2719 tenebant,
286 2678 288 2685 ,
301 2648 506 2722 petebanturs
521 2656 629 2722 postea
649 2664 723 2708 vero
745 2651 924 2725 pervulgata
943 2656 1036 2721 atque
1055 2645 1085 2705 in

58 2729 200 2789 manibus
221 2729 330 2791 iactata
350 2738 381 2790 et
400 2746 547 2800 excussa,
568 2729 745 2790 inanissima
764 2731 944 2806 prudentiae
965 2735 1086 2802 reperta

58 2819 144 2884 sunt,
161 2812 276 2873 fraudis
290 2820 389 2873 autem
405 2820 435 2872 et
450 2811 591 2873 stultitiae
606 2813 792 2887 plenissima.
832 2812 883 2877 27.
903 2814 978 2871 Nam
993 2826 1088 2886 quum

58 2896 208 2969 permulta
222 2897 378 2970 praeclare
393 2896 512 2970 legibus
527 2904 631 2956 esseut
645 2896 816 2969 constituta,
833 2912 871 2955 ea
885 2894 950 2955 iure
965 2895 1085 2954 oonsul-

59 2986 159 3038 torum
167 2976 297 3052 ingeniis
305 2980 453 3053 pleraque
464 2986 606 3053 corrupta
616 2995 652 3038 ao
664 2979 831 3054 depravata
843 2986 921 3038 sunt.
942 2977 1084 3039 Mulieres

57 3072 167 3124 omnes
188 3069 314 3136 propter
332 3060 533 3123 infirmitatem
551 3061 669 3122 consilii
688 3061 820 3122 maiores
840 3061 870 3121 in
884 3069 1014 3122 tutorum
1029 3077 1084 3137 po·

57 3151 169 3227 testate
184 3160 254 3204 esse
271 3146 444 3205 voluemnt=
465 3145 496 3204 hi
516 3144 696 3206 invenemut
713 3160 826 3220 genera
839 3152 983 3217 totamm,
1005 3160 1088 3220 quae

57 3234 212 3302 potestate
228 3227 383 3289 mulierum
399 3228 632 3290 continerentur.
667 3228 761 3288 Sacra
776 3227 897 3288 interire
918 3227 959 3288 illi
979 3229 1084 3287 nolue-

57 3319 153 3370 runtz-
166 3309 274 3370 horum
287 3310 414 3386 ingenio
426 3328 516 3373 senes
534 3313 573 3372 ad
589 3311 797 3387 coemptiones
815 3310 969 3372 faciendas
984 3307 1084 3369 interi·

57 3395 238 3454 mendomm
259 3410 419 3456 saeromm
435 3412 529 3457 causa
546 3394 659 3471 reperti
680 3403 759 3456 sunt.
796 3394 829 3454 In
849 3394 932 3456 omni
951 3391 1088 3466 denique
