2340 3788
72 156 77 171 ¹
107 186 157 255 52·
320 187 883 252 mc.unnnuuncr.n.mn.1v.

108 332 263 412 nauones,
276 338 329 399 ubi
343 337 400 400 erit
413 336 531 413 imperii
544 353 653 398 nomen
673 345 703 397 et
718 335 868 411 dignitast
894 335 1069 399 Mamertini
1081 354 1130 399 me

84 480 88 487 ,
110 422 231 501 publico
244 438 308 482 non
323 421 499 482 invitarunm
512 436 561 480 me
576 435 668 496 quum
681 420 768 491 deo,
788 420 856 479 love
871 427 931 480 est=
953 429 1128 483 senatorem

109 505 216 582 populi
231 504 360 565 Romani
380 504 407 565 si
427 521 487 566 non
508 502 684 575 invitarunt,
709 503 856 562 honorem
875 501 1012 565 debitum
1028 503 1128 567 detro-

109 596 219 651 xerunt
232 604 293 648 non
307 586 435 660 homini,
452 587 508 647 sed
521 585 629 647 ordini.
660 586 735 644 Nam
748 583 808 658 ipsi
821 583 916 645 Tullio
934 585 1060 660 patebat
1075 586 1127 651 do·

46 672 50 679 '
109 688 177 732 mus
190 670 429 744 locupletissimo
438 678 469 731 et
478 669 665 743 amplissima
676 668 727 727 Cn.
738 666 872 742 Pompeii
883 667 1042 742 Basilisci,
1055 685 1124 743 quo,

110 754 200 815 etiam
225 753 252 813 si
271 761 354 814 esset
378 752 520 813 invitatus
548 752 694 824 avobis,
716 758 816 810 tamen
840 749 1043 811 devertisset=
1064 759 1126 813 erat

109 838 198 899 etiam
210 836 451 905 Percenniorum,
468 835 519 910 qui
533 848 613 893 nuno
626 833 696 894 item
709 830 845 906 Pompeii
856 840 935 904 sunt,
950 833 1062 895 domus
1073 833 1125 893 ho-

109 920 297 992 nestissima,
311 934 376 995 ¹quo
386 918 419 976 L.
434 918 525 977 frater
538 931 623 976 meus
641 931 756 976 summa
768 914 887 975 illorum
903 916 1060 977 voluntate
1074 917 1125 977 de

108 1004 205 1067 vertit.
238 1002 367 1063 Senator
381 999 488 1074 populi
500 998 637 1070 Romoni,
654 1000 737 1073 qnod
752 997 783 1057 in
797 997 886 1058 vobis
900 998 964 1073 init,
975 998 1007 1058 in
1025 1007 1124 1061 vestro

110 1087 223 1162 oppido
247 1083 339 1143 iacuit
358 1089 389 1142 et
407 1082 595 1156 pernoctavit
613 1081 644 1140 in
664 1081 797 1155 publico.
828 1081 915 1141 Nullo
936 1080 997 1142 hoc
1019 1081 1124 1143 civitas

108 1183 250 1243 umquam
264 1166 323 1225 alio
342 1163 499 1225 commisit.
512 1197 556 1210 —-
569 1165 708 1224 Amicum
726 1161 806 1224 enini
829 1171 967 1225 nostrum
990 1164 1024 1225 in
1049 1164 1123 1226 iudi·

110 1252 188 1312 cium
204 1248 347 1309 vocabas.
361 1280 405 1292 -
416 1249 460 1307 Tu
477 1246 550 1322 quid
565 1263 622 1322 ego
637 1247 776 1322 privatim
789 1245 908 1322 negocii
921 1263 1025 1321 geram
1036 1246 1124 1309 inter·

108 1332 266 1408 pretabere
281 1328 483 1391 imminuendo
506 1330 622 1391 honore
637 1329 812 1391 senatorio?
836 1329 887 1392 26.
914 1331 1030 1391 Verum
1049 1330 1124 1391 haec

109 1425 171 1475 tum
191 1429 366 1488 queremur,
388 1413 414 1473 si
439 1412 513 1491 quid
535 1415 573 1474 de
592 1413 680 1474 vobis
699 1430 755 1489 per
773 1429 842 1473 eum
859 1411 996 1473 ordinem
1010 1421 1122 1488 agetur,

110 1495 162 1572 qui
178 1497 253 1557 ordo
267 1513 286 1555 a
298 1496 387 1557 vobis
402 1496 500 1557 adhuc
517 1497 592 1557 sotis
608 1504 797 1571 contemptus
812 1503 867 1556 est.
897 1497 931 1555 lu
946 1496 1053 1573 populi
1066 1497 1124 1557 Ro

108 1581 188 1640 mani
200 1578 321 1654 quidem
335 1587 534 1653 conspectum
546 1597 606 1654 quo
618 1595 671 1639 ore
681 1595 739 1639 vos
749 1577 962 1639 commisistis?
972 1595 1030 1640 nec
1042 1578 1125 1654 prius

108 1663 189 1722 iilam
206 1678 343 1740 cmccm,
368 1678 447 1737 quae
463 1661 552 1722 etism
566 1678 646 1722 nuno
660 1662 736 1722 civis
751 1661 879 1722 Romani
894 1662 1040 1738 sanguiue
1056 1663 1125 1723 red·

109 1747 217 1819 undat,
241 1761 320 1820 quoe
339 1746 402 1806 fixa
421 1755 469 1805 est
486 1748 525 1806 nd
547 1753 666 1820 portum
679 1747 847 1819 urbemque
859 1754 1006 1819 vestram,
1027 1746 1126 1805 revet-

109 1828 186 1889 tistis
201 1844 301 1904 neque
322 1830 352 1888 in
367 1829 551 1902 protundum
565 1828 718 1889 abiecistis
733 1829 895 1902 locumque
908 1827 991 1888 illum
1005 1844 1126 1888 omnem

109 1910 271 1987 expiastis,
292 1928 382 1987 quam
394 1913 521 1972 Romam
543 1919 635 1987 atque
655 1912 685 1970 in
707 1911 813 1970 horum
834 1921 1014 1972 conventum
1027 1910 1125 1971 adire

107 1996 169 2055 tist
192 1997 226 2055 In
240 1994 485 2055 Mamertinorum
506 1997 573 2055 solo
599 1995 754 2054 foederato
778 2002 870 2069 atque
890 2002 999 2068 pacato
1020 2009 1126 2055 monu-

109 2085 241 2137 mentum
265 2077 353 2138 istius
377 2077 561 2137 crudelitatis
582 2077 776 2137 constitutum
797 2085 852 2137 est.
883 2078 1034 2138 Vestrane
1052 2077 1126 2137 urbs

109 2160 206 2217 eiecta
219 2166 279 2231 est,
303 2160 344 2218 ad
364 2176 454 2233 quam
469 2177 561 2234 quum
578 2161 695 2221 adirent
716 2176 755 2220 ex
780 2159 878 2233 ltalia,
903 2175 1024 2220 crucem
1050 2158 1126 2220 civis

108 2239 236 2300 Romani
255 2240 340 2314 prius
364 2259 453 2316 quam
467 2258 649 2318 quemquam
672 2243 798 2303 amicmn
820 2242 924 2319 popuii
937 2242 1070 2304 Romani
1084 2241 1126 2301 vi·

110 2324 333 2396 derenttquam
345 2325 562 2401 vosRheginis,
575 2342 702 2400 quorum
714 2325 825 2386 civitati
836 2324 986 2397 invidetis,
995 2327 1127 2401 itemque

109 2405 218 2466 incolis
232 2405 356 2478 vestris,
373 2407 489 2468 civibus
501 2409 661 2482 Romanis,
683 2410 843 2469 ostendere
858 2409 978 2480 soletis,
998 2426 1060 2484 quo
1074 2407 1127 2467 mi-

110 2505 168 2550 nus
191 2487 248 2548 sibi
263 2489 411 2562 adrogent
430 2491 589 2565 minusque
610 2509 666 2552 vos
689 2490 872 2566 despiciant,
895 2508 987 2565 quum
1005 2492 1129 2553 videant

111 2572 159 2633 ius
177 2571 306 2632 civitatis
321 2573 371 2632 illo
387 2573 536 2648 supplicio
553 2591 624 2635 esse
639 2582 808 2635 mactatum.
1128 2644 1132 2649 ,

192 2656 254 2715 XII.
286 2652 337 2716 27.
369 2656 482 2716 Verum
496 2657 571 2716 hacc
587 2657 699 2718 emisse
715 2668 744 2717 te
758 2656 845 2717 dicis.
885 2655 983 2730 Quint
1010 2656 1063 2717 itia
1075 2658 1127 2717 At·

110 2737 199 2798 talica
221 2746 284 2799 tote
300 2738 402 2798 Sicilia
425 2740 579 2800 nominata
598 2741 636 2800 ab
660 2742 769 2801 eodem
789 2739 865 2800 Heio
891 2742 1128 2815 peripetasmata

111 2838 211 2881 emere
226 2822 337 2883 oblitus
354 2829 412 2882 es?
437 2823 536 2882 Licuit
548 2824 656 2883 eodem
670 2825 777 2896 mod0,
792 2831 825 2883 ut
840 2823 936 2896 signa.
954 2822 1034 2896 Quid
1047 2822 1129 2889 enim

110 2912 209 2962 actum
224 2912 290 2966 cst?
318 2908 366 2964 An
381 2905 486 2966 litteris
507 2904 692 2980 pepercisti?
718 2908 831 2966 Verum
850 2905 1003 2966 hominem
1025 2922 1127 2967 amen-

110 2990 169 3042 tem
184 2985 242 3045 hoc
258 2987 347 3062 fugit:
369 2988 468 3049 minus
483 2990 595 3049 clarum
611 2989 727 3064 putavit
738 2991 812 3059 ‚fore
835 2989 918 3064 quod
939 2991 978 3049 de
998 2988 1128 3051 armario

112 3082 201 3138 quom
219 3071 301 3141 quod
315 3071 353 3129 de
369 3071 500 3132 sacrario
519 3081 602 3132 esset
618 3073 758 3132 ablatum.
788 3075 828 3133 nt
842 3089 903 3148 quo
918 3072 1010 3134 modo
1025 3073 1128 3134 absto-

111 3148 163 3208 litt
192 3149 257 3207 Non
272 3168 398 3223 possum
414 3155 521 3215 dicere·
532 3155 653 3229 planius
675 3172 765 3229 quam
784 3155 852 3230 ipse
872 3156 956 3231 apud
975 3173 1033 3217 vos
1052 3154 1131 3217 dixit

110 3230 215 3290 Heius.
247 3231 341 3304 Quum
369 3237 578 3311 quaesissem,
602 3254 673 3296 num
698 3239 771 3313 quid
791 3238 873 3298 aliud
890 3240 929 3299 de
950 3239 1041 3300 bonis
1062 3240 1129 3300 eius

111 3312 302 3387 pervenisset
315 3317 352 3375 ad
367 3319 509 3392 Verrem,
533 3320 705 3394 respondit:
722 3321 811 3381 istum
831 3323 872 3382 ad
891 3338 925 3380 se
938 3320 1078 3397 misisse,
1098 3329 1132 3383 ut

111 3397 168 3457 sibi
187 3396 315 3457 mitteret
340 3401 535 3478 Agrigentum
561 3404 805 3478 peripetesmata.
852 3404 995 3478 Quaesivi
1015 3422 1053 3466 on
1076 3404 1150 3467 mi-‘
