2340 3788
123 219 165 285 ta
280 215 354 275 nno
375 214 459 274 sax.
480 211 618 273 nostro
638 210 813 281 marano
836 211 990 272 cauno.
1095 279 1107 299 Ι

122 367 238 442 populo
253 363 457 439 gratissimum
467 371 523 425 est
541 363 674 435 Deinde,
690 360 850 435 sivoletis,
862 362 1045 438 etiamtum,
1058 380 1138 440 quun

123 448 188 509 veri
203 447 301 509 simile
315 446 372 508 erit
388 445 518 520 aliquem
533 443 737 517 commisisse,
757 443 790 504 iu
806 442 984 519 suspicione
1000 446 1135 509 lauatota

121 533 158 592 ld
173 547 298 607 quoque
313 529 441 591 concedi
454 536 564 605 potest.
591 526 645 588 Sin
658 535 759 587 autem
773 525 820 589 sic
833 527 947 601 agetis,
966 535 1002 590 ut
1014 528 1134 605 agunta

122 613 256 689 aliquem
274 621 390 687 patrem
410 611 563 673 occidisse
582 627 684 686 neque
709 610 811 672 dicere
830 608 958 685 possitis
978 620 1032 673 aut
1043 627 1133 688 -quau

121 706 174 758 aut
195 713 257 772 quo
273 697 364 758 modo
382 712 418 756 ac
439 702 553 755 tantum
575 695 666 754 modo
690 692 757 755 sine
781 691 959 767 suspicione
985 692 1131 765 latrabitis,
1160 698 1162 707 '

123 795 212 841 crura
232 779 355 855 quidam
375 777 464 840 uobis
484 792 572 836 nemo
594 774 768 851 subcingat,
788 775 845 836 sed
864 775 893 836 si
911 792 970 851 ego
992 776 1052 838 hos
1069 776 1132 837 baut

122 861 212 935 novi,
227 862 355 923 litteram
365 861 460 930 illam,
478 860 526 919 eui
542 875 599 920 vos
612 876 713 934 usque
729 874 768 920 eo
782 857 895 919 inimici
904 858 996 935 estis,
1009 868 1044 921 ut
1059 858 1132 929 etiau

121 946 189 1007 Kal
214 962 320 1007 omnes
341 942 481 1013 oderitis,
502 940 544 1001 ita
563 942 758 1004 vehementer
776 942 816 1002 ad
840 950 932 1017 caput
951 943 1144 1017 caligarunt·

124 1036 233 1106 postea
252 1027 402 1088 neminem
417 1023 509 1084 alium
522 1023 582 1085 nisi
599 1026 736 1086 fortunas
749 1030 869 1086 vestras
884 1040 1034 1087 accusare
1048 1021 1131 1101 posti·

123 1113 172 1174 tis.
214 1111 292 1171 XXI.
313 1107 364 1170 58.
388 1107 467 1181 Quid
483 1107 556 1168 milri
569 1108 610 1167 ad
624 1109 849 1169 defendendum
864 1107 992 1183 dedisti,
1005 1110 1131 1170 bonate
1160 1164 1162 1173 .

123 1200 269 1255 cusatort
297 1191 371 1266 quid
387 1191 473 1252 hisce
487 1197 588 1252 autem
602 1192 642 1251 ad
651 1191 896 1267 ,suspicandumt
905 1223 948 1235 -
964 1191 1009 1252 tte
1022 1192 1131 1253 ernau

123 1280 245 1347 daretur
259 1274 374 1335 veritus
391 1283 449 1335 est.
465 1307 509 1319 -
533 1273 651 1347 Audio,
666 1276 723 1334 sed
737 1274 851 1350 quade
865 1289 962 1335 causa
974 1274 1075 1337 vereri
1092 1272 1131 1335 dt·

122 1357 222 1418 buerit
234 1373 323 1419 nemo
337 1356 468 1418 dicit-
482 1357 621 1419 Habebat
633 1367 721 1433 pater
734 1356 767 1417 in
780 1356 942 1418 anima-
953 1357 1078 1419 Planum
1088 1356 1133 1417 nc

122 1440 204 1500 Nihil
220 1447 282 1502 est:
303 1456 381 1513 nan,
407 1439 529 1516 quicum
543 1440 729 1512 deliberarit,
753 1457 845 1516 quem
860 1438 1020 1503 certiorem
1034 1436 1133 1507 lecerit

122 1523 204 1584 unde
229 1522 312 1586 istud
332 1525 421 1586 vobis
442 1523 593 1599 suspicari
618 1523 649 1583 in
669 1532 799 1584 mentem
818 1523 945 1585 venerit
975 1523 1071 1599 Quum
1088 1522 1135 1581 bn

121 1606 214 1668 modo
235 1622 381 1680 accusas,
406 1606 513 1681 Eruci,
540 1623 642 1667 nonne
661 1607 721 1667 hoc
740 1608 840 1681 palam
860 1606 952 1667 dicis:
988 1608 1054 1683 ligo
1075 1596 1137 1695 quill

122 1688 294 1765 acceperim
315 1691 395 1762 scio,
422 1690 496 1765 quid
521 1690 619 1750 dicam
639 1691 760 1752 nescio=
788 1707 881 1750 unum
901 1690 977 1751 illud
1003 1697 1134 1764 speeuvt

123 1773 207 1848 quod
220 1772 439 1850 Chrysogonus
456 1771 571 1847 aiebat,
592 1771 741 1834 nemiuem
761 1772 812 1833 isti
827 1781 987 1849 patronum
1000 1774 1135 1835 luttrruttt¹

122 1858 162 1917 da
176 1857 327 1918 bonorum
342 1857 495 1932 emptione
512 1857 613 1933 deque
632 1872 670 1917 ea
683 1856 829 1919 societate
843 1855 993 1917 neminem
1008 1844 1137 1931 assequi

120 1940 248 2003 verbum
265 1941 367 2001 lacere
381 1941 441 2002 boc
454 1951 592 2015 tempore
605 1940 751 2001 auderat
763 1939 847 1999 Haec
861 1949 891 2000 te
904 1938 1009 2014 opinio
1025 1932 1138 2001 ialsaia

121 2023 211 2083 istaut
227 2024 365 2083 fraudem
379 2022 512 2098 impulit=
535 2040 597 2083 non
612 2022 801 2083 mehercules
821 2022 946 2083 verbum
960 2021 1104 2095 fecisses,
1114 2010 1162 2103 lig

120 2105 174 2165 tibi
191 2120 373 2179 quemquam
387 2121 606 2180 responsurum
622 2113 775 2179 putasses.
805 2102 856 2166 59.
879 2105 998 2181 Operae
1013 2102 1162 2187 precinct²

121 2194 201 2257 erat,
216 2188 243 2246 si
257 2186 530 2259 animadvertistis,
540 2187 684 2260 'iudices‚
699 2187 914 2263 negligentiam
927 2187 996 2250 eius
1013 2189 1045 2250 in
1058 2200 1162 2271 acetr-1

123 2269 220 2328 santio
246 2269 451 2330 considerare.
487 2269 600 2343 Credo,
623 2288 716 2345 quum
731 2272 861 2333 vidisset
883 2271 936 2348 qui
955 2271 1096 2333 homines
1113 2268 1162 2357 itt·-=

122 2349 209 2410 hisce
231 2351 385 2413 subselliis
400 2354 559 2426 sederent,
582 2354 744 2429 quaesisse
762 2373 834 2416 num
848 2355 899 2415 ille
912 2364 965 2416 aut
977 2354 1031 2417 illa
1045 2356 1162 2441 delen-q

122 2450 213 2495 surus
228 2443 325 2495 essen
347 2436 386 2496 de
400 2453 449 2496 me
463 2453 502 2497 ne
516 2437 705 2512 suspicatum
722 2438 844 2512 quidem
858 2455 944 2513 esse,
959 2439 1046 2513 quod
1060 2446 1162 2527 attteli

121 2532 247 2579 causam
268 2517 419 2592 publicam
438 2520 550 2579 nullam
570 2520 709 2581 dixerim.
738 2522 942 2597 Posteaquam
962 2521 1159 2603 inveniare„

120 2601 231 2661 minem
245 2617 365 2673 eorum,
383 2601 435 2676 qui
449 2613 579 2677 possunt
592 2612 622 2665 et
637 2607 751 2677 solent,
766 2603 808 2666 ita
821 2605 979 2680 negligens
990 2621 1066 2667 esse
1079 2618 1142 2667 coc
1156 2638 1162 2689 3

121 2683 181 2758 pit,
195 2693 228 2746 ut
245 2701 338 2761 quum
351 2683 383 2745 iu
397 2694 527 2746 mentem
541 2686 657 2750 veniret
671 2687 714 2762 ei,
731 2687 893 2762 resideret,
911 2687 1026 2749 deiude
1036 2687 1143 2765 spatia·
1157 2730 1162 2775 t

120 2777 215 2840 retur,
237 2785 463 2844 nonnumquam
477 2769 566 2830 etiam
581 2788 709 2846 puerum
725 2780 864 2845 vocaret,
888 2770 999 2845 eredo,
1015 2772 1067 2833 cui
1080 2785 1143 2833 coe·
1157 2816 1162 2860 t

122 2865 191 2908 nam
205 2851 383 2927 imperaret,
405 2868 532 2928 prorsus
546 2863 579 2914 ut
592 2862 695 2915 vestro
711 2871 862 2916 consessu
877 2864 908 2916 et
920 2854 979 2916 hoe
995 2861 1162 2941 conventul

121 2947 177 3004 pro
199 2949 316 2995 summa
335 2934 497 2997 solitudine
514 2937 695 2998 abuteretur.
737 2937 828 2998 XXll.
849 2938 900 3000 60.
924 2934 1162 3003 Paomntnl.

122 3017 259 3087 quando=
284 3018 418 3080 adsedit:
444 3018 563 3081 surrexi
583 3037 651 3095 ego.
683 3020 848 3095 Respirare
867 3020 954 3083 visus
974 3031 1039 3095 est,
1066 3006 1162 3099 quod}

120 3111 183 3155 non
200 3097 278 3158 alius
298 3101 400 3173 potius
422 3100 545 3165 diceret.
582 3103 676 3177 Coepi
692 3102 804 3167 dicere.
837 3104 945 3179 Usque
959 3120 998 3165 ec
1014 3100 1142 3167 animad-
1159 3102 1162 3159 j

122 3177 212 3251 verti,
235 3178 366 3254 iudices,
388 3201 458 3246 euru
470 3187 564 3249 iocari
583 3194 675 3261 atque
689 3187 765 3247 alias
778 3204 830 3248 res
843 3203 950 3262 agere,
972 3196 1044 3249 ante
1058 3196 1143 3263 quam
1156 3186 1162 3243 '.

121 3260 352 3338 Chrysogonum
376 3267 544 3329 nominavi:
572 3285 662 3344 quem
687 3269 776 3331 simul
804 3279 896 3345 atque
922 3270 1023 3345 attigi,
1049 3268 1144 3332 statim

120 3344 212 3405 homo
235 3362 270 3405 se
292 3347 396 3409 erexit.
427 3351 530 3412 Mirari
549 3352 635 3413 visus
656 3361 712 3413 est.
745 3353 882 3414 Intellexi
906 3353 980 3426 quid
1000 3370 1072 3415 eum
1092 3368 1143 3428 pu·

120 3428 266 3502 pugisset.
298 3431 409 3492 lterum
431 3450 467 3493 ae
484 3434 571 3495 tertio
590 3435 754 3497 nominavi.
783 3437 895 3499 Postea
916 3436 1058 3499 homines
1081 3448 1144 3497 cur·
