2340 3788
33 125 37 131 ¹
116 164 181 231 aot
417 164 490 225 rao
506 164 537 224 r.
556 154 680 227 sunna
694 164 843 226 cauno.

116 326 180 381 tum
194 329 266 376 esse
280 313 401 375 diceret
445 312 507 375 Sed
523 329 581 389 ego
596 314 731 375 nondum
745 323 813 376 utor
831 314 890 375 hac
904 331 983 377 voco
996 317 1039 377 ad
1057 318 1136 379 hunc

118 397 356 461 defendendum
371 396 411 457 ad
424 397 615 484 purgandum
629 412 678 457 me
694 397 795 472 potius
810 405 886 471 utar,
903 406 936 460 ut
949 397 1053 460 mirari
1066 401 1135 462 Tor-

118 489 228 557 quatus
239 480 357 540 desinat
369 494 426 551 me,
442 497 494 574 qur
485 477 651 540 Autronio
663 495 724 540 non
738 478 893 554 adfuerim,
905 480 1019 542 Sullam
1033 483 1135 544 delen-

118 565 200 624 derc.
243 560 291 623 15
315 561 397 635 Quae
412 561 491 622 enim
506 561 710 623 iuitAutronii
726 568 840 622 causat
860 579 938 658 quae
952 562 1058 626 Sullae
1072 575 1138 628 estt

116 647 170 707 llle
186 644 315 705 ambitus
335 636 478 705 iudicium
495 645 598 705 tollere
612 660 649 704 ac
665 644 834 705 disturbare
854 644 982 720 primum
1002 646 1136 710 conllato

116 728 212 788 voluit
227 727 425 802 gladiatorum
439 743 475 787 ac
492 725 686 801 lugitivorum
700 730 840 799 tumultu,
861 727 986 801 deiude,
1002 727 1035 789 id
1053 732 1137 806 quod

116 809 247 870 vidimus
268 826 389 883 omnes,
404 808 589 884 lapidatione
608 818 700 884 atque
721 825 887 871 concursu:
910 809 1008 882 Sulla,
1032 812 1060 873 si
1080 812 1137 873 sibi

117 909 192 954 suus
207 893 307 968 pudor
323 908 358 953 ac
372 890 501 966 dignitas
519 908 578 953 non
600 893 776 967 prodesset,
797 894 911 953 nullum
930 890 1077 954 auxilium
1090 912 1135 956 re·

117 973 250 1050 quisivit.
282 976 336 1035 llle
350 975 508 1035 damnatus
521 973 563 1036 ita
577 990 612 1034 se
629 975 753 1049 gerebat
764 991 826 1037 nou
841 977 938 1036 solum
956 975 1095 1038 consiliis
1109 986 1139 1039 et

116 1056 323 1130 sermonibus,
342 1072 445 1117 verum
467 1057 557 1118 etiam
573 1065 700 1133 aspectu
719 1065 809 1132 atque
823 1059 925 1131 vultu,
943 1065 978 1118 ut
996 1057 1138 1120 inimicus

116 1156 187 1200 esse
204 1138 398 1214 amplissimis
414 1138 585 1214 ordinibus,
606 1139 735 1201 infestus
751 1139 840 1200 bonis
861 1138 1016 1213 omnibus,
1036 1140 1139 1203 hostis

114 1221 231 1297 patriae
246 1221 413 1282 videretur:
431 1223 479 1282 hic
496 1239 530 1282 se
544 1221 586 1281 ita
600 1223 725 1283 tractum
739 1222 789 1283 illa
800 1224 1070 1299 calamitatemque
1082 1226 1137 1284 ad-

115 1303 230 1365 lliotum
244 1306 374 1379 putavit,
396 1312 430 1366 ut
448 1303 522 1364 nihil
536 1303 595 1363 sibi
610 1321 650 1364 ex
662 1304 790 1380 pristina
806 1305 949 1381 dignitate
969 1322 1138 1380 superesse

52 1422 58 1435 κ
116 1386 323 1459 arbitraretur,
344 1386 403 1447 nisi
419 1387 502 1462 quod
518 1386 667 1448 modestia
686 1387 868 1455 retinuisset.
911 1385 961 1448 lo.
976 1388 1048 1448 Hac
1060 1404 1137 1450 vero

115 1468 146 1531 in
161 1468 368 1530 coniuratione
383 1469 457 1545 quid
469 1477 530 1529 tam
544 1468 736 1531 coniunctum
751 1486 841 1545 quam
855 1471 905 1530 ille
919 1484 988 1530 cum
1002 1469 1137 1544 Catilina,

116 1567 186 1613 cum
198 1551 346 1612 Lentulot
370 1568 449 1649 quae
463 1560 546 1648 tanta
560 1551 698 1612 societas
710 1552 781 1613 ullis
797 1550 874 1612 inter
892 1568 1043 1613 serarum
1059 1553 1137 1628 opti-

116 1717 260 1792 flagitium
280 1718 425 1778 Lentulus
447 1734 507 1777 non
530 1734 599 1778 cum
614 1719 762 1778 Autronio
784 1717 947 1793 conceptis
969 1718 1054 1791 quod
1068 1717 1137 1778 sine

119 1801 224 1860 eodem
236 1800 287 1861 illo
306 1799 429 1860 Catilina
444 1800 561 1869 lacinus
576 1799 719 1860 admisit?
732 1817 825 1875 quum
840 1799 957 1862 interim
968 1798 1053 1860 Sulla
1066 1815 1138 1861 cum

116 1881 230 1943 eisdem
241 1881 299 1943 illis
311 1899 372 1944 non
386 1884 477 1945 modo
493 1878 612 1945 noctem
627 1882 881 1957 solitudinemque
892 1898 953 1943 non
965 1892 1136 1956 quaereret,

60 2035 62 2039 ,
115 1966 171 2026 sed
184 1982 223 2026 ne
237 1964 382 2026 mediocri
397 1967 519 2042 quidem
541 1973 682 2027 sermone
704 1973 734 2025 et
748 1981 916 2040 congressu
938 1964 1138 2041 coniungere·

113 2057 170 2109 tur.
215 2046 264 2111 17.
283 2049 368 2109 Illum
384 2050 582 2123 Allobroges,
603 2047 798 2108 maximarum
812 2065 911 2108 rerum
925 2047 1078 2108 verissimi
1092 2047 1139 2108 in·

114 2129 210 2205 dices,
221 2129 303 2189 illum
314 2131 475 2192 multorum
488 2133 604 2192 litterae
620 2147 656 2191 ac
673 2131 773 2190 nuncii
790 2139 1005 2206 coarguerunts
1021 2129 1139 2190 Sullam

114 2211 229 2271 interea
245 2228 333 2272 nemo
351 2212 542 2286 insimulavit,
558 2230 646 2273 nemo
662 2213 835 2274 nominavit.
857 2214 1021 2287 Postremo,
1036 2212 1138 2273 eiecto

115 2294 181 2353 sive
196 2293 308 2354 emisso
325 2295 385 2354 iam
400 2313 440 2356 ex
454 2297 528 2356 urbe
540 2295 672 2368 Catilina,
685 2296 736 2356 ille
750 2310 833 2355 arma
847 2295 936 2371 misit,
949 2311 1070 2366 cornua,
1090 2306 1137 2355 tu-

113 2375 186 2448 bas,
208 2377 324 2449 lasces,
341 2378 427 2453 signa
446 2377 589 2454 legionis:
613 2377 662 2439 ille
676 2378 799 2439 relictus
819 2378 916 2451 inme,
939 2384 1138 2452 exspectatus

114 2457 204 2531 ioris,
224 2459 343 2519 Lentuli
366 2477 466 2535 poena
487 2477 682 2535 compressus
698 2460 847 2522 convertit
866 2478 901 2522 se
915 2460 1080 2536 aliquando
1095 2462 1137 2519 ad

115 2540 259 2614 timorem,
276 2558 440 2619 numquam
454 2545 493 2604 ad
508 2543 678 2605 sanitatem:
701 2544 750 2604 hio
772 2552 876 2605 contra
895 2543 936 2604 ita
951 2540 1081 2618 quievit,
1103 2551 1139 2602 ut

114 2642 151 2685 eo
166 2633 302 2701 tempore
317 2626 397 2687 omni
411 2626 538 2702 Neapoli
559 2627 662 2699 luerit,
683 2626 735 2688 ubi
758 2640 858 2702 neque
878 2624 1017 2686 homines
1038 2623 1137 2687 luisse

113 2717 255 2782 putantur
269 2707 360 2770 huius
381 2711 497 2770 adfines
518 2708 703 2785 suspicionis
718 2718 748 2769 et
757 2711 906 2770 locus
859 2717 906 2769 est
917 2709 984 2783 ipse
999 2724 1061 2767 non
1076 2715 1138 2768 tam

114 2792 152 2850 ad
169 2791 401 2852 inflammandos
417 2791 660 2853 calamitosorum
680 2792 797 2853 animos
813 2808 904 2867 quam
920 2792 959 2851 ad
973 2791 1137 2851 consolan-

115 2872 171 2934 dos
186 2876 441 2934 accommodatus
476 2876 529 2934 Vl
549 2874 675 2948 Propter
688 2873 866 2950 hancigitur
878 2882 990 2935 tantam
1004 2871 1137 2933 dissimi-

114 2953 269 3016 titudinem
283 2956 437 3017 hominum
452 2965 544 3032 atque
558 2973 717 3017 causarum
738 2956 915 3018 dissimilem
936 2971 985 3016 me
1006 2955 1037 3014 in
1052 2946 1137 3016 utro-¹

117 3052 176 3108 que
192 3040 327 3111 praebui.
371 3038 420 3101 18.
441 3040 591 3100 Veniebat
611 3041 690 3100 enim
711 3040 751 3100 ad
769 3056 818 3100 me
834 3046 865 3099 et
885 3054 978 3113 saepe
993 3038 1139 3099 veniebat

6 3136 8 3143 ·
114 3119 291 3195 Autronius,
305 3122 406 3183 multis
421 3138 489 3189 cum
506 3121 646 3197 lacrimis,
662 3123 809 3197 supplex,
829 3128 862 3182 ut
873 3137 907 3181 se
928 3121 1137 3199 defenderem,

115 3207 146 3260 et
160 3216 195 3260 se
209 3216 307 3262 meurn
324 3205 565 3281 condiscipulum
585 3205 613 3264 in
630 3205 772 3280 pueritia,
795 3201 969 3265 familiarem
984 3202 1015 3263 in
1029 3202 1137 3262 adole·

116 3281 240 3356 scentia,
255 3287 400 3361 collegam
413 3288 444 3348 in
461 3299 624 3363 quaestura
639 3287 891 3349 commemorabat
912 3285 1023 3347 luisse=
1040 3284 1137 3344 multa

114 3380 182 3426 mea
193 3365 223 3427 in
235 3382 278 3437 se,
294 3384 354 3428 non
369 3373 450 3431 nulla
464 3370 552 3432 etiam
568 3370 665 3431 suain
679 3386 727 3455 me
742 3369 915 3445 proterebat
930 3367 1041 3429 olficia.
1063 3365 1136 3440 Qui-
