2340 3788
386 204 467 265 CAP.
481 213 578 269 5-8·
600 211 627 274 S·
643 215 772 269 ll—w·
1027 211 1091 279 347

62 363 114 417 tur
131 355 192 413 ulla
210 352 347 427 quaestio
366 354 404 413 de
419 353 553 415 Africani
564 362 660 416 morte
677 357 737 416 lata
751 363 819 415 estt
835 365 914 418 certe
928 364 1018 423 nulla.
1042 362 1092 428 17.

62 437 145 511 Quid
160 435 220 494 ital
243 435 390 509 quianon
405 436 464 496 alio
482 438 616 498 facinore
630 437 703 497 clari
717 438 871 513 homines,
890 442 948 501 alio
969 446 1092 508 obscuri

62 527 221 578 necantur.
264 518 383 578 Intersit
404 517 481 578 inter
501 519 580 578 vitae
600 520 773 594 dignitatem
796 538 980 583 summorum
1000 535 1092 603 atque

62 602 252 661 infimorum:
273 616 356 660 mors
379 601 500 674 quidem
521 601 602 661 illata
624 619 680 676 per
700 603 801 662 scelus
815 603 924 662 iisdem
939 615 969 666 et
982 611 1091 682 poenis

62 692 203 744 teneatur
224 689 253 742 et
275 682 404 757 legibus.
447 682 511 742 Nisi
534 686 611 743 forte
632 684 727 758 magis
746 684 801 744 erit
814 685 982 760 parricida,
999 690 1025 748 si
1041 691 1093 764 qui

62 766 256 826 consularem
272 773 389 840 patrem
405 781 493 839 quam
509 765 617 839 siquis
639 767 780 827 humilem
801 768 968 842 necaverit,
990 778 1042 830 aut
1055 788 1092 831 co

62 865 148 908 mors
162 850 293 909 atrocior
308 847 363 908 erit
377 848 408 904 P.
425 846 529 920 crodit,
549 849 631 927 quod
645 847 672 908 is
687 849 717 908 in
732 850 933 910 monumentis
945 852 1091 913 maiorum

62 947 192 992 suorum
208 930 247 989 sit
261 929 435 990 interfectus
452 962 494 972 -
508 929 567 989 hoc
582 929 661 990 enim
676 932 714 991 ab
731 931 797 992 istis
813 948 906 1006 saepe
922 931 1030 993 dicitur
1040 968 1091 1008 -,

62 1013 192 1089 proinde
211 1013 299 1085 quasi
320 1011 439 1086 Appius
462 1011 512 1070 ille
526 1012 641 1072 Caecus
659 1014 740 1072 viam
754 1014 925 1086 muniverit,
950 1032 1010 1089 pon
1032 1034 1092 1092 qua

62 1098 198 1170 populus
213 1102 355 1166 uteretur,
370 1094 427 1154 sed
440 1093 492 1154 ubi
507 1092 629 1168 impune
642 1095 689 1155 sui
703 1097 818 1170 posteri
829 1098 1091 1162 latrocinarenturt

62 1178 115 1240 ta.
130 1179 236 1250 ltaque
251 1175 283 1235 in
298 1177 404 1236 eadem
419 1176 478 1237 ista
491 1177 592 1251 Appia
606 1176 655 1238 via
670 1195 763 1253 quum
775 1179 998 1239 ornatissimum
1008 1182 1092 1257 equi-

62 1271 125 1320 tem
148 1261 315 1318 Rotnanum
329 1258 362 1339 Ρ.
385 1258 509 1318 Clodius
525 1259 565 1319 Μ.
585 1260 735 1334 Papirium
756 1261 933 1333 occidisset,
956 1279 1016 1323 non
1038 1264 1093 1337 lull

60 1343 138 1401 illud
156 1340 274 1400 lacinus
287 1343 506 1417 poeniendum:
529 1343 620 1401 homo
639 1343 717 1401 enirn
733 1343 843 1403 nobilis
855 1343 885 1403 in
905 1344 970 1405 suis
986 1363 1092 1408 monu-

62 1423 174 1484 mentis
196 1423 326 1498 equitem
341 1425 509 1484 Romauum
532 1426 698 1486 occiderat:
720 1442 799 1485 nunc
821 1426 958 1487 eiusdem
972 1428 1092 1504 Appiae

62 1522 174 1567 nomen
183 1515 310 1580 quantas
319 1507 492 1582 tragoedias
500 1508 625 1568 excitat!
639 1507 722 1580 Quae
733 1517 887 1570 cruentata
897 1519 986 1570 antea
996 1511 1091 1572 caede

61 1589 184 1650 honesti
209 1597 300 1663 atque
321 1590 492 1671 innocentis
514 1589 571 1649 viri
591 1589 749 1661 silebatur,
766 1592 872 1650 eadem
887 1608 967 1651 nunc
983 1595 1092 1654 erebro

62 1680 241 1746 usurpatur,
265 1681 373 1745 postea
397 1689 486 1747 quam
501 1671 626 1732 latronis
641 1679 670 1730 et
682 1672 852 1748 parricidae
867 1674 1015 1748 sanguine
1035 1676 1090 1734 im·

62 1758 136 1815 buta
153 1763 208 1813 est.
237 1753 299 1813 Sed
317 1753 391 1828 quid
406 1770 463 1828 ego
479 1753 530 1811 illa
540 1761 769 1813 'commemoret
784 1754 1028 1827 Comprehensus
1044 1765 1090 1816 est

62 1840 92 1899 in
109 1835 221 1908 templo
239 1834 373 1894 Castoris
391 1851 500 1894 servus
515 1834 546 1897 P.
567 1833 678 1907 Clodii,
699 1850 788 1909 quern
809 1835 858 1895 ille
877 1837 916 1894 ad
939 1837 989 1894 Cn.
1003 1837 1091 1896 Pom-

62 1919 166 1996 peium
188 1915 428 1976 interficiendum
449 1917 628 1977 collocarat:
649 1926 767 1979 extorta
784 1925 832 1976 est
853 1918 1008 1979 confitenti
1027 1918 1090 1977 sica

62 2006 104 2062 de
133 1999 287 2060 manibus=
308 1998 404 2058 caruit
423 2001 489 2059 loro
519 2007 626 2074 postea
647 1997 826 2075 Pompeius,
857 2000 953 2060 caruit
973 2009 1091 2074 senatu,

62 2083 160 2145 caruit
172 2082 308 2156 publico:
331 2083 420 2143 ianua
433 2078 469 2143 se
481 2098 518 2140 ac
535 2080 716 2156 parietibus,
741 2099 801 2142 non
818 2081 883 2144 iure
899 2082 998 2156 legum
1014 2082 1090 2142 iudi·

62 2169 243 2239 ciorumque
257 2163 340 2230 texit.
366 2164 416 2225 19.
433 2164 509 2224 Num
525 2181 606 2245 quae
617 2163 735 2240 rogatio
751 2165 817 2237 lata,
830 2181 900 2225 num
916 2181 994 2239 quae
1010 2181 1092 2226 nova

63 2249 204 2326 quaestio
227 2249 348 2307 decreta
371 2254 438 2307 est?
456 2247 550 2322 Atqui
573 2247 680 2318 sires,
702 2247 728 2307 si
746 2247 805 2320 vir,
817 2247 844 2306 si
858 2254 979 2323 tempus
997 2249 1089 2308 ullum

64 2333 190 2405 dignum
207 2330 277 2402 luit,
298 2338 379 2390 certe
400 2330 476 2403 haec
496 2329 527 2389 in
542 2329 592 2390 illa
607 2346 701 2390 causa
715 2346 831 2391 summa
846 2329 946 2391 omnia
961 2331 1089 2394 luerunt.

62 2416 228 2475 Insidiator
242 2421 307 2473 erat
323 2412 352 2471 in
369 2413 435 2473 loro
451 2415 618 2474 relocatus
635 2420 726 2486 alque
741 2414 770 2471 in
787 2412 938 2475 vestibulo
961 2412 1029 2487 ipso
1042 2429 1090 2471 se-

62 2505 167 2570 natuS,
183 2496 211 2556 ei
227 2495 290 2556 viro
307 2503 406 2556 autem
422 2510 504 2556 mors
520 2496 695 2571 parabatur,
717 2495 803 2555 cuius
819 2497 850 2554 in
863 2494 926 2556 vita
943 2494 1092 2556 nitebatur

64 2581 149 2640 salus
165 2577 310 2652 civitatis,
332 2594 369 2638 eo
386 2595 477 2653 porro
494 2578 691 2653 reipublicae
707 2586 858 2653 tempore,
879 2592 956 2652 quo,
974 2576 1000 2636 si
1012 2593 1090 2636 unus

62 2664 114 2722 ille
130 2661 300 2736 cecidisset,
314 2678 374 2721 non
385 2661 461 2722 hacc
474 2665 571 2722 solum
583 2659 697 2732 civitas,
714 2661 770 2720 sed
784 2668 889 2736 gentes
901 2659 1091 2720 omnescon·

64 2744 220 2804 cidissent.
250 2745 314 2804 Nisi
330 2761 402 2804 vero
419 2743 490 2824 quia
506 2740 637 2819 perlecta
650 2759 700 2803 res
715 2759 776 2821 uon
794 2751 925 2816 estnon
943 2739 999 2801 luit
1016 2756 1091 2814 poe·

64 2827 196 2897 nienda,
212 2826 341 2900 proinde
358 2827 447 2901 quasi
462 2826 560 2888 exitus
576 2842 690 2898 rerum,
712 2822 773 2897 non
793 2825 948 2886 hominum
965 2821 1092 2882 consilia

64 2909 184 2982 legibus
204 2909 403 2971 vindicentur.
445 2909 545 2970 llllnus
564 2908 727 2969 dolendum
749 2909 805 2969 luit
822 2923 856 2967 re
872 2924 933 2968 nou
945 2906 1091 2980 perlecta,

65 2993 122 3053 sed
139 2991 340 3066 poeniendum
356 3001 437 3054 certe
453 2992 545 3053 nihilo
563 2991 671 3051 minus.
715 2989 765 3052 20.
780 2989 924 3064 Quotiens
942 3003 999 3063 ego
1013 2985 1090 3062 ipsc,

64 3074 192 3146 iudices,
209 3089 248 3133 ex
261 3074 292 3134 P.
308 3076 404 3137 clodii
419 3075 488 3137 telis
503 3085 534 3137 et
547 3092 587 3135 ex
601 3074 733 3135 cruentis
748 3074 814 3134 eius
829 3070 968 3132 manibus
982 3067 1090 3145 effugit

65 3176 104 3218 ex
132 3156 242 3232 quibus
264 3159 291 3220 si
311 3176 359 3219 me
380 3176 441 3220 non
461 3160 511 3219 vel
530 3175 598 3219 mea
613 3157 661 3218 vel
677 3158 722 3218 rei
737 3156 878 3232 publicae
891 3154 1013 3215 fortuna
1027 3169 1090 3213 ser-

63 3248 185 3313 vasset,
202 3239 271 3314 quis
288 3243 409 3303 tandem
433 3243 471 3302 de
491 3240 613 3302 interitu
632 3255 699 3301 meo
723 3239 933 3314 quaestionem
952 3237 1093 3298 tulisset?

62 3323 142 3382 Vlll.
158 3323 220 3384 Sed
236 3323 317 3384 stulti
335 3341 440 3385 sumus
455 3323 508 3399 qui
518 3325 671 3400 Drusum,
688 3321 740 3397 qui
754 3321 944 3393 dimetrum,
963 3319 1092 3390 Pompe·

63 3405 133 3478 ium,
149 3415 268 3467 nosmet
282 3405 369 3482 ipsos
384 3423 453 3468 cum
466 3407 498 3466 P.
514 3406 619 3468 clodio
636 3406 774 3466 conterre
788 3405 963 3465 audeamus.
1005 3398 1092 3458 Tole-
