2340 3788
78 174 122 239 02
290 179 328 237 ΙΝ
350 178 380 237 C.
404 176 564 237 VERREM
584 177 808 237 sculcula.
830 179 883 237 tv.

78 333 114 392 lli
133 333 232 405 palam
245 328 387 402 imperat,
409 335 442 387 nt
456 342 544 388 omne
558 335 727 402 argentam,
749 329 833 402 quod
846 328 930 403 apud
945 344 1030 404 quem

79 419 163 474 esset
184 411 320 484 Catinae,
342 408 580 485 conquirendum
601 420 721 471 curaret
740 411 823 471 etad
838 424 873 469 se
888 411 1030 471 adierand

77 495 277 572 Phylarchann
299 491 537 567 Centuripinum,
563 492 692 566 primam
715 492 865 557 hominem
886 490 1015 568 genere,

77 587 155 650 tute,
179 576 324 653 pecunia,
344 593 405 636 non
424 575 484 635 hoc
504 575 584 635 idem
607 575 736 637 iuratum
756 576 858 635 dicere
872 575 1018 649 audistis,

78 662 168 721 istum
191 662 350 734 negocium
370 657 494 720 dedisse
513 665 605 733 atqua
626 658 810 733 imperasse,
828 666 861 718 ut
885 658 1030 734 Centuripi

78 745 108 803 in
132 743 251 803 civitate
270 742 362 803 totius
375 740 495 801 Siciliae
520 740 767 802 multo·maxima
791 750 821 801 et
847 741 1030 815 locupletissi

12 896 16 903 ¹
78 844 167 887 onme
187 835 342 900 argentum
366 823 559 896 conquireret
579 832 609 884 et
631 824 670 882 ad
692 839 728 883 se
751 824 934 898 comportari
960 824 1029 884 iube

77 909 193 988 Agyrio
209 909 344 969 similiter
357 905 444 965 istius
458 905 583 979 imperio
598 923 674 966 vasa
688 906 838 966 Corinthia
858 921 915 981 par
927 909 1030 981 Apolli

76 1009 157 1065 rum,
174 1007 263 1067 qaam
277 997 385 1050 testem
398 986 541 1061 audistis,
563 988 733 1065 Syracusas
750 990 906 1064 deportata
928 998 1008 1049 sunt.
1025 981 1030 1003 ¹

77 1078 131 1136 llla
146 1090 219 1135 vcro
239 1072 351 1147 optima
365 1078 426 1141 est,
444 1071 541 1145 quod,
559 1088 651 1145 quum
671 1071 841 1132 Haluntium
856 1073 994 1138 venisset
1008 1089 1029 1147 p

76 1168 125 1220 tor
148 1155 320 1216 laboriosus
346 1160 376 1212 et
400 1152 543 1238 diligens,
570 1153 638 1229 ipse
665 1155 696 1213 in
721 1154 867 1230 oppidum
890 1155 989 1215 noluit
1008 1172 1030 1214 a«

77 1244 164 1311 dere,
180 1237 263 1311 quod
277 1245 341 1296 eral
354 1235 469 1296 difficili
483 1252 615 1298 ascensu
629 1246 719 1313 atqua
738 1239 848 1309 arduo,
869 1237 1030 1313 Archagatl

75 1319 284 1392 Haluntinum,
307 1319 459 1379 hominem
472 1335 534 1379 non
550 1322 647 1381 solunt
662 1319 759 1393 domi,
779 1321 836 1380 sed
857 1328 920 1381 tota
941 1319 1030 1381 Sicilir

76 1402 181 1480 primis
195 1401 340 1473 nobilem,
362 1401 465 1464 vocari
480 1402 576 1464 iussit.
608 1403 645 1462 Ei
663 1403 822 1477 negocium
837 1402 933 1475 dedit,
953 1411 987 1464 ut
1009 1422 1028 1479 q

78 1486 150 1562 quid
165 1484 288 1545 Halunti
305 1492 388 1546 esset
405 1487 522 1559 argenti
542 1485 649 1548 caelati
667 1495 719 1547 aut
738 1485 764 1546 si
788 1485 860 1561 quid
881 1486 971 1546 etiam
992 1487 1030 1546 Ca

75 1569 219 1640 thiaram,
242 1575 276 1628 ut
290 1583 378 1628 omne
401 1567 499 1628 statim
519 1569 559 1631 ad
578 1585 661 1630 mare
681 1585 719 1628 ex
740 1569 853 1644 oppido
874 1569 1030 1643 deportare

74 1650 223 1712 Ascendit
237 1650 267 1711 in
283 1650 428 1726 oppidum
440 1650 659 1727 Archagathus.
680 1653 778 1713 Homo
791 1650 910 1723 nobilis,
929 1651 980 1727 qui
995 1668 1015 1711 a
1028 1676 1030 1710 ι

75 1732 168 1796 amari
191 1742 222 1795 et
248 1733 330 1808 diligi
359 1736 462 1808 vellet,
493 1736 609 1796 ierebat
633 1734 763 1810 graviter
790 1733 869 1794 illam
897 1733 954 1794 sibi
972 1734 1011 1793 ab

75 1817 262 1895 provinciam
286 1819 385 1878 datam
415 1832 472 1880 nec
498 1818 572 1894 quid
599 1819 711 1879 iaceret
741 1818 885 1877 habebam
914 1832 1030 1892 pronun

71 1902 150 1979 ,quid
163 1901 222 1962 sibi
235 1901 413 1977 imperatum
429 1910 525 1962 esset:
545 1901 627 1963 iubet
640 1917 745 1961 omncs
760 1901 895 1976 prolerre
906 1900 988 1975 quod
999 1899 1030 1958 ha

74 1982 150 2045 r'ent.
181 1985 280 2045 Metus
295 1992 359 2044 erat
374 2001 518 2043 summus.
550 1984 720 2059 lpseenim
741 1991 887 2060 tyrannus
909 1999 970 2043 non
992 1981 1030 2041 dir

16 2096 23 2112 .
76 2067 168 2141 debat
179 2067 316 2141 longius:
338 2067 559 2140 Archagathum
580 2075 610 2126 et
623 2074 778 2141 argentum
798 2065 828 2124 in
849 2066 955 2126 lectica
974 2065 1030 2124 cub

75 2150 116 2207 ad
131 2164 213 2206 mare
228 2149 304 2206 inira
319 2148 464 2223 oppidum
485 2151 690 2224 exspectabat.
721 2148 770 2210 52.
803 2148 896 2222 Quem
910 2163 1030 2208 concurr

75 2232 107 2289 in
122 2230 236 2303 oppido
251 2231 362 2290 iactum
377 2231 510 2305 putatisr
525 2247 614 2305 quem
628 2232 809 2292 clamoremi
830 2248 919 2307 quem
933 2247 1023 2307 porro

77 2323 138 2373 tum
152 2311 330 2371 mulierum?
349 2314 399 2387 qui
419 2313 549 2386 videret,
569 2329 680 2389 equum
699 2313 858 2375 Troianum
881 2313 1030 2375 introduct

75 2395 181 2456 urbem
202 2404 319 2469 captam
340 2396 462 2457 diceret.
492 2395 599 2456 Efferri
614 2396 679 2457 sine
695 2396 792 2458 thecis
807 2414 905 2469 vasa,
917 2404 1030 2473 extorqr

76 2478 134 2538 alic
149 2479 188 2538 de
210 2478 347 2538 manibus
366 2479 537 2551 mulierum,
558 2478 676 2555 effringi
695 2481 855 2540 multorum
869 2481 965 2552 iores,
985 2496 1030 2540 rat

75 2564 215 2622 claustra.
246 2560 323 2634 Quid
337 2561 414 2620 enirn
436 2561 568 2636 putatis?
588 2562 679 2624 Scuta
699 2562 725 2622 si
741 2565 861 2637 quando
876 2563 1030 2638 conquirat

75 2644 236 2720 aprivatis
251 2643 282 2703 in
303 2644 384 2703 bello
409 2659 445 2703 ac
464 2646 606 2718 tumultu,
626 2655 725 2706 tamen
746 2645 883 2706 homines
904 2645 987 2705 inviti
1008 2645 1030 2705 dr

75 2728 133 2789 etsi
146 2729 186 2789 ad
201 2729 327 2789 salutern
348 2742 537 2787 communem
557 2728 621 2788 dari
645 2728 790 2789 sentiunt:
811 2744 851 2788 ne
871 2744 960 2804 quem
978 2734 1030 2803 put

75 2812 140 2871 sine
156 2812 286 2872 maximo
301 2812 407 2871 dolore
417 2819 572 2884 argentum
587 2814 734 2873 caelatum
748 2812 838 2870 domo
855 2812 937 2886 qaod
947 2813 1024 2871 alter

75 2901 161 2965 paret
180 2893 351 2968 protulisse.
382 2891 487 2953 Omnia
506 2895 688 2954 deierantur.
720 2893 878 2970 Cibyratae
903 2894 1012 2955 iratres

76 2982 194 3033 cantur:
217 2994 314 3050 pauca
335 2976 520 3052 improbant:
543 2993 621 3053 quae
641 2977 818 3051 probarent,
842 2977 879 3036 iis
901 2985 1021 3038 crustae

76 3056 252 3118 emblemata
278 3060 520 3121 detrahebantur.
561 3060 611 3120 Sic
632 3060 784 3122 Haluntini
808 3059 947 3120 excussis
974 3056 1030 3119 deli

76 3154 144 3199 cum
163 3149 285 3212 argento
313 3157 388 3216 puro
414 3145 535 3204 domam
557 3152 754 3206 revertantur.
790 3143 895 3204 XXIV.
925 3141 976 3203 53.
1004 3140 1028 3215 Q

75 3236 227 3296 umquam,
240 3223 365 3296 iudices,
377 3226 505 3286 huiusce
517 3226 599 3286 modi
609 3227 806 3288 everriculum
817 3228 878 3286 ulla
890 3225 920 3284 in
933 3223 1030 3300 provin

76 3305 153 3365 initi
180 3307 326 3364 Avertere
345 3307 460 3382 aliquid
480 3310 518 3368 de
539 3310 659 3384 publico
682 3327 771 3384 quani
799 3307 1016 3370 obscurissime

77 3387 283 3463 magistratum
306 3389 457 3467 solebant,
482 3393 570 3453 etiam
593 3409 683 3468 quum
703 3393 815 3468 aliquid
838 3409 856 3451 a
876 3392 1030 3466 privator
