2340 3788
375 173 594 237 carm-14.
615 180 641 241 t.
656 184 788 241 ar—st.
930 233 935 241 ,
1036 178 1102 246 lit

58 331 190 391 decreta
210 333 242 387 ct
254 331 431 385 evertuntur
447 339 542 398 saepe
560 323 690 384 dicenda
708 332 738 385 et
753 324 819 387 siue
834 325 1014 391 delaecione
1030 347 1096 393 ara-

58 410 139 475 toris
160 409 250 469 firma
265 423 339 469 esse
354 424 414 469 aon
438 414 584 482 possunt=
608 405 639 465 in
662 423 723 480 qua
743 405 770 467 si
789 407 864 470 satis
885 413 1098 490 profecissem,

58 491 189 571 parcius
205 492 246 553 de
259 490 327 551 eius
344 491 436 551 laude
449 489 598 549 dicerem=
620 505 701 550 nunc
721 488 795 549 nihil
811 491 851 552 dc
865 509 914 554 me
931 495 1018 572 dico,
1040 499 1099 558 sed

59 579 101 639 de
115 576 172 647 iis,
192 573 246 650 qui
260 575 291 633 in
305 574 436 633 dicendo
456 574 558 647 magni
572 580 643 632 sunt
657 580 710 632 aut
724 573 854 634 luerunt

146 658 228 718 XIV.
243 655 294 718 30.
316 658 402 717 Duae
412 664 484 716 sunt
495 665 586 729 artes,
604 672 684 730 quae
700 663 830 730 possunt
842 658 945 719 locare
957 659 1097 725 homines

59 742 94 805 ia
111 739 304 816 amplissimo
318 738 417 814 gradu
434 738 603 814 dignitatisz
620 755 681 798 una
696 738 902 814 imperatoris,
919 743 1014 803 altera
1030 762 1097 807 ora·

59 823 141 889 toris
155 824 239 884 boni.
267 822 316 883 Ab
334 823 394 883 hoc
409 822 489 882 enim
505 821 591 897 pacis
607 829 785 882 ornamenta
799 821 974 898 retinentur,
990 825 1029 886 ab
1044 828 1107 893 illo-

60 906 137 971 belli
148 907 286 983 pericula
300 907 496 980 repelluntur.
529 905 672 965 Caeterae
687 912 785 965 tamen
800 905 926 967 virtutes
941 905 1028 982 ipsae
1042 926 1099 984 per

61 1007 99 1053 se
113 990 241 1055 multum
255 991 368 1060 valent,
383 988 505 1059 iustitia,
521 988 609 1061 fides,
628 989 735 1063 pudor,
752 989 966 1064 temperantia:
986 990 1097 1065 quibus

61 1084 108 1147 te,
132 1072 236 1147 Servi,
261 1072 413 1132 excellere
434 1087 541 1132 amnes
557 1071 741 1146 intelligunt:
764 1073 918 1133 sednunc
934 1073 973 1133 de
988 1074 1097 1135 studiis

61 1158 102 1218 ad
113 1156 263 1217 honorem
276 1154 445 1229 dispositis,
457 1172 518 1216 aon
532 1155 570 1214 de
582 1153 673 1215 insita
685 1154 833 1230 cuiusque
844 1155 1096 1230 virtutedisputo.

62 1238 174 1301 Omnia
193 1239 252 1299 ista
267 1238 357 1299 nobis
375 1239 476 1300 studia
496 1239 535 1298 de
555 1237 694 1299 manibus
715 1239 922 1311 excutiuntur,
943 1238 1033 1301 simul
1053 1248 1097 1301 at-

62 1340 126 1398 quc
140 1321 236 1398 aliqui
252 1330 352 1383 motus
368 1339 468 1383 novus
482 1322 625 1382 bellicum
638 1337 749 1383 canere
766 1322 877 1398 coepit.
905 1321 1040 1397 Etenim,
1064 1332 1098 1384 ut

60 1406 105 1468 ait
119 1404 299 1480 ingeniosus
313 1409 404 1481 potita
418 1415 449 1467 et
462 1413 569 1466 auctor
582 1405 672 1465 valde
684 1404 801 1477 bonus,
823 1404 948 1480 proeliis
963 1408 1097 1481 promul·

60 1487 143 1564 getis
160 1492 313 1564 portame
333 1492 427 1550 medio
447 1505 509 1549 non
532 1489 631 1549 solum
648 1489 706 1549 ista
726 1496 829 1550 vestra
851 1489 983 1552 verbosa
1004 1490 1095 1552 simu-

63 1572 138 1633 latio
152 1572 340 1646 prudentiae,
358 1574 516 1633 sedetiam
530 1572 599 1646 ipsa
612 1571 663 1630 illa
674 1572 796 1632 domina
809 1588 919 1648 rerum,
932 1578 1097 1649 sapenos.-

61 1657 93 1715 οἱ
99 1659 218 1731 perator
228 1673 294 1716 res:
315 1659 584 1731 mememoratur,
596 1670 657 1715 non
670 1656 769 1715 solum
781 1655 909 1716 odiosus
920 1655 951 1715 in
964 1655 1096 1718 dicendo

60 1753 101 1817 ac
122 1738 255 1813 loquax,
275 1737 486 1797 verumetiam
506 1739 613 1797 honos.-
633 1738 774 1797 ltorrtdns
789 1741 871 1799 mites
887 1745 1095 1800 omomrrve·

61 1829 161 1883 suum
177 1835 250 1880 vero
268 1819 401 1879 studimn
421 1826 515 1878 toturn
535 1817 623 1877 iacet.
652 1819 719 1878 Non
731 1837 772 1879 ex
785 1823 851 1879 tare
868 1837 960 1880 manu
973 1837 1098 1882 maser-

60 1911 140 1978 ttmt,
155 1904 210 1963 sed
219 1903 322 1974 ferro,
339 1898 451 1973 inquit,
466 1916 529 1960 rem
542 1905 685 1974 repetant.
717 1901 805 1973 Quod
819 1899 846 1960 si
860 1900 903 1961 ita
917 1908 980 1974 est,
999 1903 1096 1974 cedat,

60 1986 193 2062 opinor,
209 1982 340 2058 Sulpici,
356 1983 455 2042 lorum
470 1981 594 2054 castris,
611 1980 710 2042 ocium
725 1981 862 2055 militiae,
881 1981 968 2043 stilus
986 1984 1097 2058 gladio,

60 2069 175 2131 umbra
196 2067 270 2128 sali:
298 2065 338 2128 sit
357 2066 491 2141 denique
511 2064 541 2125 in
562 2063 685 2125 civitate
708 2081 744 2125 ea
764 2064 862 2140 prima
877 2081 943 2137 res,
971 2075 1098 2142 propter

62 2168 158 2227 quam
179 2148 249 2224 ipsa
268 2157 316 2210 est
336 2149 443 2211 civitas
465 2149 598 2211 omnium
614 2148 769 2224 princeps.
814 2146 865 2210 31.
886 2149 1000 2210 Verum
1021 2149 1097 2211 haec

63 2236 139 2296 Cato
166 2233 290 2294 ninnium
306 2251 363 2296 nos
378 2233 492 2295 nostris
508 2232 610 2295 uerbis
624 2249 735 2308 magna
749 2233 852 2293 lacere
865 2234 1053 2296 demonstrat
1067 2243 1098 2295 et

63 2315 178 2381 oblitos
199 2333 271 2379 esse
293 2318 406 2379 bellum
426 2318 501 2378 illud
525 2334 613 2378 omne
633 2316 866 2377 Mithridaticum
888 2332 957 2378 cum
977 2319 1096 2379 ariniar-

63 2399 145 2463 culis
159 2417 231 2461 esse
244 2409 373 2475 gestum.
402 2401 490 2473 Quod
507 2417 564 2476 ego
582 2402 673 2475 longe
689 2417 780 2461 secus
795 2399 946 2475 existima,
962 2400 1097 2463 iadicesz

64 2485 169 2563 deque
187 2501 226 2546 eo
246 2500 347 2559 pauca
368 2483 526 2544 disseram.
560 2485 666 2560 Neque
688 2484 767 2544 enim
783 2500 877 2545 causa
895 2483 925 2545 ia
944 2485 1003 2545 hac
1024 2499 1096 2544 eon·

63 2568 186 2629 tinctur.

150 2651 224 2710 Nam
239 2650 266 2711 si
282 2649 383 2711 omnia
396 2650 491 2720 bella,
512 2666 592 2724 quae
607 2666 674 2710 curn
691 2650 816 2711 Graecis
833 2649 1001 2726 gessimus,
1024 2661 1098 2705 con-

64 2736 228 2795 temnenda
254 2742 339 2806 sunt,
367 2732 541 2793 derideatur
561 2733 599 2793 de
620 2749 694 2808 rege
712 2733 828 2811 Pyrrho
852 2729 1023 2804 triumphus
1044 2728 1096 2791 Μ’.

65 2816 156 2889 curii,
171 2818 211 2877 de
224 2816 363 2892 Phiiippo
376 2815 409 2875 T.
423 2814 590 2886 Flaminini,
606 2816 645 2875 de
658 2817 776 2877 Aetolis
790 2816 831 2875 Μ.
845 2812 955 2885 Fulvii,
971 2812 1011 2873 dc
1024 2827 1097 2888 rege

62 2900 160 2961 Perse
174 2901 208 2960 L.
222 2900 332 2974 Paulli,
354 2901 392 2960 de
406 2897 666 2974 Pseudophilippo
684 2899 717 2972 Q.
731 2898 860 2970 Metelli,
881 2896 920 2956 de
936 2893 1097 2956 Corinthiis

62 2985 98 3044 L.
116 2982 265 3045 Mummii=
291 2983 338 3043 sin
360 2983 436 3043 hace
457 2983 537 3043 bella
557 2981 738 3058 gravissima
762 2980 971 3054 victoriaeque
991 2995 1097 3040 eorum

63 3067 215 3129 bellorum
238 3065 426 3127 clarissimae
447 3066 583 3141 luerunt,
604 3083 659 3126 cur
671 3064 828 3125 Asiaticae
845 3063 984 3124 nattenes
1005 3071 1098 3138 atqua

63 3151 117 3211 illc
136 3167 157 3210 a
177 3159 208 3211 te
228 3148 326 3211 hostis
347 3149 567 3211 contemnitur?
594 3147 688 3224 Atqui
707 3165 748 3208 ex
763 3155 898 3208 veterum
917 3163 1018 3208 reram
1032 3162 1098 3206 mo·

62 3233 217 3295 numeras
235 3234 285 3293 vel
300 3233 464 3294 maximum
481 3233 592 3293 bellum
607 3234 754 3306 populum
767 3231 937 3292 Romanum
951 3246 1020 3292 cum
1034 3231 1098 3289 An·

62 3316 168 3378 tiocho
185 3317 324 3392 gessisse
343 3316 451 3378 video=
473 3316 561 3377 cuius
578 3314 650 3379 belli
670 3314 769 3375 victor
783 3314 817 3374 L.
832 3312 937 3391 Scipio
951 3309 1099 3387 aequipe-

62 3408 132 3463 rata
154 3416 223 3461 cum
242 3399 275 3460 P.
291 3400 381 3463 tratre
392 3400 498 3476 gloria,
521 3415 611 3474 quam
625 3396 747 3459 laudem
760 3397 812 3459 ille
825 3396 932 3538 Assica
945 3406 1101 3471 oppressa

137 3492 194 3534 cre.
214 3493 303 3536 onim.
