2340 3788
80 212 102 275 2
234 215 308 277 PRO
330 216 413 276 SEX.
433 213 570 275 Roscto
588 213 762 274 AMERINO
785 213 935 276 ORATIO.

81 369 155 427 ritus
170 374 322 440 astatque
336 366 516 441 amplitudo,
537 365 564 424 si
579 365 704 425 verbum
720 363 759 424 de
778 364 950 439 republica
966 368 1094 442 lecisset,

82 449 114 508 id
128 448 211 523 quod
230 449 260 508 in
275 449 332 508 hac
347 465 440 509 causa
454 446 520 509 lieri
533 463 661 508 necesse
675 454 738 519 est,
758 447 851 509 multo
873 450 964 523 plura
983 449 1094 513 dixisse

84 547 174 607 quam
197 531 326 592 dixisset
349 539 517 607 putaretur:
550 529 580 592 a.
606 546 664 605 ego
681 527 798 589 etiamsi
819 533 933 602 omnia,
956 550 1037 608 quae
1056 534 1092 594 di·

83 614 180 675 cenda
195 622 279 688 sunt,
294 615 387 675 libere
401 614 522 686 dixero,
538 629 732 689 nequaquam
745 620 846 674 tamen
858 613 994 677 similiter
1005 615 1093 679 oratio

82 713 152 757 mea
169 696 252 756 exire
272 706 363 773 atque
380 696 412 758 in
433 699 542 771 vulgus
562 710 704 757 emanare
723 696 847 769 potente
885 697 998 776 deinde
1017 698 1091 774 quod
1119 700 1121 707 '

83 787 270 841 caeterorum
281 797 382 856 neque
396 780 508 840 dictum
523 779 687 841 obscurum
702 785 805 853 potest
821 794 892 839 esse
906 790 1034 856 propter
1045 798 1091 842 no

81 863 226 924 bilitatem
245 872 275 925 et
295 861 521 939 amplitudinem
539 864 639 937 nequo
658 870 772 922 temere
787 861 868 921 dicto
887 864 1017 925 concedi
1031 870 1094 940 pro*

81 954 149 1021 ptcr
163 953 290 1007 aetatem
304 956 334 1008 et
349 945 553 1021 prudentiam:
574 961 631 1021 ego
645 943 673 1006 si
689 944 762 1020 quid
775 942 899 1006 liberius
914 945 1037 1020 dixero,
1050 945 1094 1007 vel

83 1031 232 1090 occultum
251 1046 336 1101 esse,
360 1035 521 1103 propterea
541 1028 624 1102 quod
645 1028 780 1089 nondum
802 1028 842 1088 ad
863 1044 928 1089 rem
947 1029 1098 1103 publicam

82 1112 215 1182 accessi,
230 1114 280 1171 vel
293 1110 411 1185 ignosci
421 1110 646 1173 adolescentiae
659 1126 746 1171 meae
760 1110 883 1184 poterit:
904 1113 1025 1173 tametsi
1039 1127 1099 1172 non

80 1195 171 1255 modo
183 1193 361 1266 ignoscendi
371 1193 462 1265 ratio,
474 1211 579 1255 verum
590 1192 678 1253 etiarn
691 1194 898 1268 cognoscendi
909 1197 1099 1257 consuetudo

81 1278 140 1337 iam
150 1277 189 1335 de
199 1274 318 1336 civitate
329 1277 446 1338 sublata
457 1284 512 1338 est.
529 1275 559 1339 4.
569 1276 697 1337 Accedit
705 1275 757 1335 illa
768 1293 890 1353 quoque
901 1293 1005 1354 causa,
1011 1277 1102 1357 quod

81 1376 100 1419 a
119 1358 247 1419 caeteris
268 1359 394 1421 forsitan
419 1361 459 1421 ita
475 1359 663 1436 petitum'sit
677 1368 709 1421 ut
729 1358 878 1435 dicerent,
899 1369 934 1423 ut
951 1361 1102 1423 utrumvis

81 1443 168 1503 salvo
186 1441 288 1503 ollicio
310 1443 410 1505 lacere
433 1459 469 1505 se
488 1460 583 1519 posse
600 1442 829 1505 arbitrarentur=
850 1459 871 1503 a
888 1460 937 1505 mc
953 1453 1055 1507 autem
1068 1444 1102 1505 lsi

82 1525 314 1599 contenderunt,
332 1526 384 1601 qui
394 1527 476 1601 apud
490 1544 538 1588 me
553 1536 584 1587 et
597 1525 728 1586 amicitia
743 1534 773 1586 et
785 1526 944 1588 beneficiis
958 1536 989 1589 at
1002 1527 1099 1602 digni·

82 1615 141 1669 tate
160 1608 329 1682 plurimum·
340 1618 484 1685 possunt,
509 1626 637 1685 quorum
657 1625 714 1684 ego
737 1625 839 1686 neque
858 1610 1100 1673 benevolentium

81 1705 153 1767 erga
171 1707 220 1751 me
239 1690 380 1767 ignorare
399 1709 456 1753 nec
475 1693 682 1755 auctoritatem
707 1691 865 1767 aspernari
883 1708 941 1754 nec
960 1694 1100 1757 voluuta-

81 1781 140 1835 tem
154 1772 307 1851 negligere
322 1776 458 1837 debeam.
478 1777 515 1837 ll.
536 1774 565 1838 5.
584 1775 639 1837 His
654 1777 693 1836 de
710 1774 812 1837 causis
827 1792 885 1851 ego
902 1766 973 1837 huic
986 1793 1102 1841 causae

78 1866 224 1933 patronus
239 1859 353 1933 exsuti,
373 1876 435 1920 nou
449 1861 563 1922 electus
577 1876 656 1922 unus
677 1859 730 1934 qui
747 1859 879 1921 maximo
893 1858 1032 1936 ingenio,
1044 1862 1102 1923 sed

42 1954 43 1958 ’
78 1941 201 2002 relictus
222 1959 261 2003 ex
284 1943 425 2004 omnibus
454 1944 507 2019 qui
531 1942 653 2004 minimo
678 1942 814 2019 periculo
841 1958 968 2018 possem
988 1943 1102 2017 dicere,

78 2040 178 2098 neque
197 2026 241 2086 uti
262 2026 336 2087 satis
356 2026 443 2087 llrmo
459 2026 613 2102 praesidio
631 2026 776 2087 defensus
791 2025 863 2086 Sex.
877 2024 1025 2099 Roscius,
1047 2044 1101 2089 ve·

77 2122 144 2164 rum
164 2106 265 2166 utine
286 2107 407 2169 omnino
429 2109 569 2168 desertus
591 2115 683 2169 esset.
716 2106 854 2171 Forsitan
879 2108 1033 2185 quaeratis
1049 2111 1103 2187 qui

78 2188 135 2246 isle
153 2195 249 2249 terror
270 2188 309 2250 sit
322 2196 353 2249 et
367 2206 446 2264 quae
460 2199 543 2251 tanta
557 2190 701 2262 formido,
722 2208 800 2265 quae
814 2199 860 2253 tot
872 2208 908 2252 ac
921 2193 999 2272 tales
1016 2193 1102 2255 viros

76 2269 222 2344 impediat
243 2289 304 2347 quo
328 2270 426 2333 minus
443 2289 499 2349 pro
521 2273 619 2349 capite
642 2282 672 2334 et
686 2275 813 2335 fortunis
834 2273 978 2349 alterius,
995 2293 1102 2352 quem·

77 2352 240 2415 admodum
266 2363 464 2429 consuerunt,
485 2372 609 2417 causam
629 2356 723 2417 velint
739 2357 850 2417 dicere.
897 2357 985 2431 Quod
999 2358 1102 2421 udhuc

76 2450 134 2497 vos
155 2433 296 2511 ignorare
315 2454 375 2498 non
397 2439 505 2501 mirum
526 2447 587 2512 est,
608 2448 772 2516 propterea
794 2442 878 2514 quod
898 2443 1039 2503 consulto
1063 2443 1102 2503 ab

77 2519 304 2581 accusatoribus
320 2521 386 2582 eius
400 2521 460 2595 rei,
484 2538 563 2598 quae
578 2523 723 2584 conflavit
735 2523 795 2583 hoc
809 2521 968 2598 iudIcium,
985 2524 1102 2586 mentio

76 2603 156 2665 lacta
174 2620 235 2667 oon
263 2612 317 2665 est.
361 2603 390 2665 6.
413 2604 495 2677 Quae
515 2621 565 2667 res
583 2622 620 2667 ea
640 2613 708 2667 estt
740 2606 827 2667 Bona
856 2606 950 2682 patris
970 2606 1103 2669 huiusce

76 2685 147 2747 Sex.
161 2687 281 2763 Roscii,
293 2703 372 2765 quae
387 2695 458 2750 sunt
468 2688 645 2763 sexagiens,
664 2705 743 2765 quae
758 2689 796 2750 de
809 2689 875 2749 viro
888 2688 1055 2752 fortissimo
1072 2699 1106 2761 et

76 2769 259 2847 clarissimo,
279 2771 312 2833 L.
329 2770 427 2846 Sulla,
451 2787 542 2847 quern
558 2772 685 2834 honoris
705 2788 800 2833 causa
816 2771 953 2847 nomino,
975 2773 1104 2835 duobus

75 2850 194 2913 milibus
211 2872 333 2916 numum
351 2870 421 2923 sese
443 2855 516 2921 dicit
532 2856 644 2919 emisse
658 2855 840 2916 adolescens
857 2856 906 2914 vel
922 2857 1102 2930 potentissi-

75 2948 142 2993 mus
161 2936 220 2995 hoo
234 2946 371 3015 tempore
389 2945 513 3001 nostrae
533 2938 678 3012 civitatis,
698 2938 732 2998 L.
753 2937 908 2999 Cornelius
924 2938 1102 3019 chrysogo-

75 3031 143 3078 nus.
171 3019 201 3078 ls
217 3035 236 3079 a
250 3021 354 3096 vobis,
376 3021 508 3096 iudices,
531 3022 590 3083 hoc
605 3023 753 3097 postulat,
774 3031 807 3082 ut
822 3020 965 3097 quoniam
978 3023 1010 3081 in
1026 3023 1101 3084 alie-

75 3114 144 3159 nam
161 3102 320 3175 pecuniam
338 3112 398 3164 tam
413 3107 533 3180 plenam
547 3113 639 3180 atque
656 3107 843 3179 praeclaram
864 3105 947 3166 nullo
966 3105 1033 3167 iure
1053 3106 1100 3166 ln-

74 3182 188 3244 vaserit
210 3185 415 3261 quoniamque
435 3188 464 3248 ei
486 3187 636 3263 pecuniae
662 3187 722 3248 vita
749 3188 821 3248 Sex.
841 3187 947 3250 Roscii
957 3190 1100 3269 ‘obstare

74 3273 165 3342 atque
183 3267 306 3328 officere
322 3269 472 3343 videatur,
493 3272 619 3330 deleatis
642 3286 680 3331 ex
696 3272 796 3331 animo
811 3287 868 3332 suo
889 3271 1100 3347 suspicionem

74 3363 193 3412 omnem
211 3359 384 3426 metumque
408 3352 534 3413 tollatis:
560 3369 630 3413 sese
650 3352 709 3413 hoc
723 3353 866 3415 incolumi
887 3370 948 3415 non
970 3352 1098 3417 arbitra·

72 3437 121 3491 tur
139 3434 229 3494 huius
243 3432 412 3496 innocentis
426 3435 639 3511 patrimonium
659 3443 720 3497 tam
735 3438 868 3513 amplum
886 3446 916 3499 et
933 3438 1097 3516 copiosum
