2340 3788
31 216 33 229 .
102 178 164 247 148
360 174 399 234 m
415 174 448 235 r..
464 171 889 240 οιιιιιιιιιιοιιιιιοιιι.

100 324 217 390 Statilio
233 325 274 385 ad
287 341 373 387 suam
376 332 506 400 gentem
520 324 591 385 data
605 339 677 385 esse
692 321 842 395 dixerunt,
858 331 951 399 atque
966 323 1008 383 ita
1018 323 1080 385 sibi
1092 327 1131 387 ab

97 411 192 471 biset
206 424 226 468 a
239 407 274 467 L
291 407 397 473 Cassio
410 423 481 468 esse
495 406 726 482 praescriptum,
743 413 777 467 ut
789 405 956 491 equitatum
969 405 1002 467 ιιι
1013 408 1132 470 Italiam

99 491 336 569 quamprimum
357 490 522 551 mitterent·
543 491 704 565 pedestres
724 489 784 550 sibi
805 489 912 565 copias
929 507 992 551 non
1006 491 1128 554 delutu-

96 593 163 637 rus=
179 574 340 635 Lentulum
355 583 455 636 autem
470 573 529 635 sibi
543 572 743 635 confirmasse
757 589 797 632 ex
813 573 883 633 latis
904 573 1062 650 Sibyllinis
1077 575 1132 637 ha·

96 659 316 734 ruspicumque
333 656 493 734 responsis
504 672 576 718 esse
590 674 625 717 se
639 655 723 717 illum
744 656 862 732 tertium
883 656 1073 732 cornelium,
1091 659 1131 719 ad

98 759 189 820 quem
209 758 336 818 regnum
354 741 445 802 huius
466 739 551 801 urbis
575 748 667 814 atque
687 739 847 815 imperium
867 739 1029 815 pervenire
1044 749 1132 803 esset

97 842 243 888 necesse=
259 825 386 886 Cinnam
407 833 477 884 ante
495 839 530 882 se
547 831 577 883 et
598 822 712 883 Sullam
733 822 844 884 luisse=
863 824 1067 899 eumdemque
1085 824 1130 886 di-

97 909 183 971 xisse
199 911 319 971 letalem
339 908 419 969 huno
437 923 549 968 annum
563 923 636 967 esse
651 908 690 967 ad
704 905 857 967 interitum
875 905 966 967 huius
980 906 1065 968 urbis
1087 916 1130 968 at-

99 1009 159 1070 que
173 992 303 1068 imperii,
319 992 467 1068 quiesset
481 1007 579 1050 eunus
596 990 733 1050 decimus
752 997 823 1064 post
837 989 989 1064 virginum
1004 991 1130 1052 absolu·

96 1077 226 1148 tionem,
251 1083 324 1150 post
346 1072 485 1149 Capitolii
508 1080 608 1134 aulem
635 1071 845 1133 incensionem
870 1072 1047 1134 vicesimus
1079 1073 1130 1137 10.

24 1170 28 1181 “
98 1161 186 1221 Ηοιιο
209 1166 311 1218 autem
329 1157 461 1232 Cethego
482 1173 552 1217 oum
572 1155 700 1216 caeteris
716 1157 956 1217 controversiam
972 1156 1071 1218 luisse
1084 1157 1131 1217 di-

96 1249 222 1313 xerunt,
244 1242 328 1316 quod
341 1240 404 1300 Len
406 1242 469 1301 tulo
492 1250 522 1301 et
544 1238 612 1299 aliis
633 1240 759 1300 caedem
774 1238 983 1320 Saturnalibus
999 1241 1066 1308 lieri
1086 1250 1130 1301 at-

99 1340 159 1400 que
174 1323 281 1384 urbem
298 1323 419 1384 incendi
435 1324 583 1397 placeret,
608 1321 739 1398 Cethego
755 1315 878 1382 nimium
894 1321 926 1382 id
945 1323 1113 1419 longum
1085 1341 1129 1384 vr·

98 1409 229 1467 deretur.
252 1405 290 1465 V
304 1408 352 1465 Αο
369 1422 408 1465 ne
422 1406 546 1481 longum
564 1405 610 1478 sit,
628 1404 767 1480 Quirites,
782 1407 909 1466 tabellas
920 1406 1075 1481 proferri
1065 1424 1130 1467 ms·

98 1491 209 1561 simus,
237 1504 317 1563 quae
334 1505 353 1547 a
371 1505 494 1563 quoque
510 1488 688 1550 dicebantur
703 1490 802 1549 datae.
846 1488 978 1551 Primum
995 1489 1130 1552 ostendi-

97 1589 165 1633 mus
183 1571 316 1647 Cethego
332 1570 466 1645 signum:
483 1570 634 1646 cognovit.
662 1573 726 1633 Nos
746 1573 839 1632 linum
857 1571 1036 1634 incidimus=
1055 1572 1129 1649 legi-

12 1706 16 1719 .
96 1672 175 1717 mus.
196 1655 269 1716 Erat
283 1655 430 1730 scriptum
445 1654 543 1730 ipsius
561 1671 653 1717 mauu
665 1656 866 1730 Allobrogum
882 1665 969 1718 senat
957 1656 1002 1718 tui
1020 1665 1051 1719 et
1072 1673 1129 1731 po

98 1741 186 1816 pulo,
210 1755 281 1800 sese
303 1755 383 1814 quae
403 1755 508 1800 eorum
522 1737 630 1813 legatis
645 1740 858 1800 confirmasset
878 1742 1027 1801 iacturum
1040 1755 1128 1800 esse:

99 1838 188 1884 orare
202 1829 235 1882 ut
249 1821 320 1883 item
334 1821 377 1882 illi
394 1824 528 1883 lacerent
542 1839 622 1898 quae
637 1822 696 1883 sibi
706 1838 811 1884 eorum
824 1821 917 1898 legati
927 1822 1129 1905 recepissent.

26 1970 28 1975 .
98 1908 178 1968 Tum
188 1905 355 1981 cethegus,
382 1906 434 2002 qui
458 1907 558 1980 paullo
577 1914 647 1966 ante
663 1905 780 1981 aliquid
794 1914 894 1967 tamen
915 1907 954 1966 de
968 1904 1076 1982 gladiis
1092 1921 1131 1966 ae

99 1989 188 2064 sicis,
214 2005 294 2065 quae
309 1988 417 2064 apud
408 2006 510 2064 1psum
524 1998 611 2051 erant
625 1989 831 2064 deprehensa,
854 1990 1068 2064 respondisset
1084 1989 1130 2049 di·

98 2073 258 2146 xissetque
290 2089 324 2133 se
352 2089 474 2148 semper
503 2074 654 2134 bonorum
680 2073 929 2134 ferramentorum
958 2068 1131 2134 studiosum

99 2155 209 2225 luisse,
231 2154 364 2215 recitatis
387 2156 493 2217 litteris
516 2156 688 2216 debilitatus
702 2163 795 2232 atque
816 2155 953 2217 abiectus
967 2156 1130 2217 conscicn-

97 2237 140 2297 tia
154 2244 282 2310 repente
299 2236 452 2299 conticuit.
483 2240 676 2300 Introductus
694 2247 743 2299 est
763 2239 913 2301 Statilius:
935 2240 1078 2313 cognovit
1098 2247 1137 2298 et

99 2321 219 2394 signum
234 2328 265 2380 et
279 2336 400 2381 manum
415 2339 511 2382 suum.
542 2322 698 2383 Recitatae
714 2331 785 2383 sunt
799 2324 930 2384 tabellae
943 2322 973 2382 in
987 2322 1130 2381 eamdem

99 2404 162 2463 iere
177 2402 371 2463 sententiam:
387 2407 549 2467 consessus
563 2413 619 2466 est.
640 2404 716 2465 Tum
727 2407 848 2467 ostendi
863 2407 986 2469 tabellas
997 2405 1129 2465 Lentulo

99 2495 129 2546 et
149 2485 288 2562 quaesivi
308 2497 548 2562 cognosceretne
575 2489 704 2585 signum.
738 2489 863 2550 Adnuit
896 2491 951 2550 Est
967 2503 1056 2561 vero,
1083 2486 1130 2547 in-

100 2587 207 2668 quam,
221 2577 327 2630 uotum
342 2569 506 2644 quidem
481 2589 610 2648 signum,
625 2572 726 2669 imago
743 2573 792 2633 avi
806 2573 863 2645 tui,
886 2571 1046 2633 clarissimi
1061 2570 1129 2644 viri,

100 2657 151 2730 qui
167 2653 280 2716 amavit
301 2652 391 2714 unice
416 2655 543 2730 patriam
569 2665 599 2718 et
616 2656 700 2717 cives
723 2673 814 2718 suos:
832 2672 912 2731 quae
927 2657 1050 2739 quidem
1065 2664 1095 2716 te
1110 2671 1131 2714 a

35 2736 38 2741 '
99 2746 181 2799 tanto
150 2738 316 2799 tsoelere
331 2735 420 2796 etiam
436 2748 518 2799 muta
532 2756 679 2800 revocare
694 2725 806 2800 debuit
844 2737 893 2801 ll.
909 2740 1064 2815 Legunlur
1078 2755 1129 2799 ea-

99 2822 168 2880 dem
185 2821 302 2883 ratione
317 2821 357 2880 ad
371 2830 458 2881 senat
460 2839 508 2880 um
516 2823 715 2898 Allobrogum
732 2825 941 2899 popidumque
955 2823 1081 2884 litterae.
1096 2819 1131 2880 Si

101 2903 174 2976 quid
190 2905 229 2964 de
245 2905 294 2966 his
308 2905 400 2965 rebus
414 2904 517 2967 dicere
531 2907 636 2977 vehet,
658 2905 717 2966 ieci
733 2924 774 2981 po
776 2915 925 2969 t.estatem
961 2912 1065 2982 Atque
1072 2905 1131 2964 ille

98 2985 197 3057 primo
215 2989 337 3061 quidem
357 2990 493 3064 negavit·
510 2997 582 3064 post
595 2997 695 3050 nutem
710 2989 908 3088 aliquanto,t
896 2997 960 3051 toto
976 2989 1037 3049 iam
1052 2987 1129 3049 indi-

99 3065 147 3125 cio
163 3071 342 3167 expositoat
343 3090 403 3148 que
414 3073 506 3148 edito,
522 3072 668 3134 surrexit=
681 3073 833 3149 quaesivit
846 3090 866 3134 a
879 3073 973 3133 Gallis
985 3072 1061 3148 quid
1072 3070 1132 3133 sibi

99 3156 184 3210 esset
197 3166 264 3210 cum
280 3155 327 3227 iis,
345 3174 436 3231 quam
452 3157 567 3216 obrem
580 3158 702 3218 domum
717 3174 803 3219 suam
813 3156 980 3230 venissent,
995 3159 1131 3231 itemque

99 3234 300 3296 aVulturcio.
336 3239 392 3311 Qui
414 3257 506 3315 quum
527 3239 569 3299 illi
588 3239 723 3302 breviter
743 3250 979 3315 constanterque
999 3257 1131 3315 respon-

100 3317 232 3388 dissent,
258 3334 314 3393 per
328 3338 419 3395 quem
433 3325 473 3383 ad
487 3339 556 3384 eum
572 3323 777 3400 quotiensque
791 3324 963 3394 venissent,
989 3322 1132 3398 quaesis-

101 3409 230 3478 sentque
246 3401 285 3464 ab
300 3418 355 3475 eo,
377 3405 491 3469 nihilne
509 3424 614 3471 secum
631 3416 716 3472 esset
732 3408 856 3490 delatis
871 3406 1029 3488 Sibyllinis
1043 3409 1132 3469 locu-
