2340 3788
23 162 25 166 ’
104 185 169 251 aaa
406 187 481 249 mo
495 187 527 246 r.
543 186 669 248 suam
683 186 833 248 canno.

104 343 154 402 Aa
169 338 222 400 tibi
235 336 413 413 Pompeiani
433 338 611 399 coniurasse
624 335 786 399 videnturt
805 335 875 413 qula
896 337 958 399 hoc
979 336 1058 399 dixit
1070 344 1133 400 nm·

106 428 219 500 quaml
230 428 282 481 aut
296 437 376 496 quae
390 422 449 482 luit
458 421 547 484 istius
561 421 605 480 rei
614 421 665 481 vel
675 420 798 482 minima
809 418 969 494 suspiciet
989 420 1133 498 iiilunxit,

104 505 217 581 inquit,
234 521 291 566 eos
304 521 323 564 a
337 503 471 575 colonis,
494 514 528 566 ut
547 503 607 564 hoc
627 503 756 564 discidio
778 518 814 563 ac
837 503 1034 565 dissensione
1056 506 1135 566 lacta

106 588 252 666 oppidum
273 587 304 647 in
325 605 391 649 sua·
404 596 553 663 potestate
577 596 686 661 posset
706 602 762 661 per
783 586 987 663 Pompeianos
1008 587 1132 650 habere.

105 673 235 733 Primum
256 670 356 732 omnis
376 670 627 745 Pompeianorum
648 671 886 746 colonorumque
905 669 1062 732 dissensio
1080 672 1134 731 da-

105 757 167 818 lata
181 755 222 815 ad
235 763 382 830 patronos
399 762 462 828 ast,
486 770 578 828 quum
598 753 657 813 iam
677 753 880 814 inveterasset
898 769 934 812 ac
953 754 1067 815 multos
1082 770 1133 814 an·

105 855 164 900 nos
179 846 264 899 essct
285 837 411 913 agiutaz
432 836 543 897 deinde
562 836 635 896 itaa
653 835 788 911 patronis
810 852 862 897 res
882 833 1004 910 cognita
1017 844 1082 912 est,
1101 846 1135 898 ut

104 922 188 983 nulla
217 920 248 980 in
269 937 342 982 rea
364 928 552 981 caeterorum
577 919 733 980 sententiis
755 918 839 979 Sulla
858 918 1055 981 dissenseritz
1078 936 1133 996 po·

42 1156 44 1166 ¹
104 1086 202 1162 magis
221 1102 311 1161 quam
327 1103 399 1147 sesa
414 1102 485 1146 esse
498 1087 653 1146 defensos.
676 1084 727 1147 ol.
748 1087 850 1161 Atque
865 1086 933 1158 hoc,
948 1084 1076 1159 iudices,
1091 1101 1132 1146 ex

104 1171 162 1231 hac
176 1169 346 1244 lrequentia
364 1171 554 1242 colonorum,
571 1166 853 1230 honestissimorum
867 1168 1029 1243 hominum,
1046 1168 1134 1230 intel-

105 1253 199 1327 ligere
215 1250 354 1327 potestis,
371 1251 423 1327 qui
437 1252 557 1324 adsunt,
576 1254 728 1315 laborant:
749 1252 831 1313 hunc
844 1262 1013 1328 patronum,
1028 1252 1134 1313 delen·

106 1352 216 1410 sorem,
232 1334 390 1396 custodem
409 1335 490 1396 illius
507 1336 647 1397 coloniae
661 1335 688 1396 si
703 1334 732 1395 ln
751 1335 832 1396 omni
852 1337 972 1396 launna
993 1344 1086 1411 atque
1102 1335 1133 1395 in

106 1418 188 1480 omni
221 1419 339 1479 honore
368 1419 550 1479 incolumem
577 1420 689 1479 habere
718 1434 778 1478 non
807 1427 984 1494 potuerunt,
1014 1418 1046 1478 in
1073 1417 1133 1479 hoc

104 1512 205 1564 umen
220 1518 309 1571 casu,
339 1499 370 1559 in
386 1519 446 1576 quo
462 1501 604 1563 adflictus
626 1501 718 1573 iacet,
750 1518 806 1577 per
821 1518 877 1563 vos
891 1502 992 1562 iuvari
1008 1516 1133 1562 conser-

105 1585 233 1660 varique
260 1583 394 1660 cupiunt
437 1585 558 1647 Adsunt
583 1584 648 1659 pari
676 1585 777 1645 studio
804 1584 995 1661 Pompeiani,
1025 1583 1078 1658 qui
1094 1585 1133 1644 ab

104 1668 172 1730 istis
193 1669 282 1729 etiam
302 1667 333 1727 in
353 1666 465 1728 crimen
491 1677 652 1730 vocantem
685 1668 737 1743 qui
755 1667 798 1728 ita
817 1669 855 1729 de
879 1667 1083 1728 ambulatione
1096 1684 1134 1727 ac

106 1751 146 1811 de
174 1749 328 1827 suffragiis
357 1751 422 1812 suis
448 1768 517 1813 cum
544 1751 661 1813 colonis
687 1751 912 1824 dissenserunt,
938 1759 972 1811 ut
992 1751 1072 1811 idem
1093 1751 1133 1811 de

107 1836 258 1896 communi
272 1835 369 1895 salute
383 1836 537 1901 sentirent.
569 1835 620 1897 62.
636 1836 683 1895 Aa
698 1851 737 1895 ne
751 1835 827 1895 haec
846 1834 967 1909 quidem
983 1834 1014 1893 P.
1030 1832 1133 1894 Sullae

106 1918 179 1977 mihi
194 1919 311 1979 videtur
325 1917 445 1979 silentio
464 1919 686 1994 praetereunda
700 1935 771 1979 asse
786 1919 898 1994 virtus,
920 1917 1018 1992 quod,
1040 1932 1134 1995 quum

106 2002 145 2061 ab
157 2001 217 2061 hoc
230 2001 281 2061 illa
293 2001 414 2061 colonia
428 2003 559 2063 deducta
572 2002 618 2074 sit,
633 2012 663 2063 et
676 2018 769 2077 quum
784 2002 943 2062 commoda
955 2002 1134 2061 colonorum

106 2100 125 2143 a
142 2083 271 2144 iomanis
285 2083 536 2157 Pompeianorum
550 2084 594 2144 rei
611 2085 748 2161 publicae
768 2085 887 2145 fortuna
902 2083 1073 2154 diiunxerit,
1092 2083 1134 2143 ita

107 2181 197 2226 carus
214 2165 351 2239 utrisque
366 2175 414 2227 est
426 2177 518 2243 atque
529 2168 688 2240 iucundus,
700 2176 734 2228 ut
747 2184 808 2230 non
822 2169 934 2228 alteros
946 2167 1132 2238 demovisse,

106 2249 163 2307 sed
179 2256 325 2323 utrosque
340 2251 535 2311 constituisse
548 2250 696 2311 videatur.

188 2331 279 2391 XXII.
299 2333 340 2394 At
355 2332 435 2393 enim
450 2342 480 2394 et
496 2333 679 2409 gladiatores
697 2343 727 2395 et
747 2332 844 2393 omnis
865 2333 922 2393 ista
938 2331 986 2392 vis
999 2330 1133 2405 rogatio-

106 2413 154 2475 nis
172 2413 321 2476 Caeciliae
335 2431 429 2479 causa
447 2417 686 2492 comparabatur.
729 2422 830 2491 Atque
847 2415 877 2475 in
894 2416 953 2476 hoc
970 2417 1038 2476 loco
1052 2414 1084 2473 in
1099 2415 1133 2472 L.

106 2497 276 2570 Caecilium,
295 2500 547 2574 pudentissimum
563 2507 654 2574 atque
673 2499 896 2561 ornatissimum
914 2499 1025 2570 vuum,
1040 2498 1132 2557 velie

104 2590 221 2642 menter
236 2582 375 2644 invectus
391 2592 451 2644 est=
476 2583 561 2643 cuius
579 2599 637 2659 ego
652 2585 691 2644 de
710 2583 820 2644 virtute
835 2591 865 2643 et
881 2583 1066 2653 constantia,
1088 2582 1134 2640 iu-

105 2663 199 2737 dices,
215 2673 328 2726 tantinn
345 2666 424 2740 dieo,
442 2667 531 2727 talem
545 2666 625 2726 hunc
640 2666 671 2725 in
688 2666 745 2728 ista
758 2666 932 2741 rogatione,
953 2680 1044 2741 quam
1062 2680 1133 2737 pro-

104 2750 253 2823 mulgarat
268 2766 329 2810 nou
344 2750 382 2809 de
397 2750 543 2821 tollenda,
567 2751 623 2811 sed
642 2751 681 2810 de
695 2752 824 2810 levanda
841 2748 1009 2809 calamitate
1030 2744 1133 2805 nauis

105 2830 162 2902 sui,
178 2832 284 2902 luisse,
303 2840 336 2893 ut
350 2833 511 2892 consulere
530 2832 660 2894 voluerit
681 2833 779 2908 tratri,
802 2849 871 2893 cum
884 2848 918 2891 re
932 2831 1054 2906 publica
1075 2845 1133 2903 pu-

73 2980 84 3004 χ
104 2927 198 2984 gnare
212 2917 356 2975 noluerit:
372 2917 569 2992 promulgarit
583 2917 732 2990 impulsus
747 2931 851 2976 amora
869 2916 1018 2985 fraterno,
1039 2909 1132 2971 desti·

104 2993 173 3054 terit
186 2997 285 3057 lratris
300 2998 478 3059 auctoritate
494 2999 653 3061 deductus.
695 2997 746 3061 od.
764 3000 867 3074 Atque
880 2996 911 3057 in
926 3014 964 3058 ea
977 3013 1011 3065 re
1028 3009 1085 3069 per
1099 2993 1134 3051 L.

106 3075 267 3138 Caecilium
284 3080 369 3141 Sulla
385 3091 556 3156 accusatur,
570 3081 600 3142 in
617 3099 678 3157 qua
694 3099 728 3141 re
742 3091 790 3143 est
803 3090 931 3155 uterque
945 3076 1133 3138 laudandus=

104 3157 234 3232 primum
248 3160 413 3237 Caecilius,
430 3165 524 3240 quisi
540 3166 571 3226 id
587 3166 804 3240 promulgavit,
824 3166 854 3222 in
872 3179 933 3237 quo
951 3177 1002 3221 res
1017 3158 1133 3220 iudica·

104 3249 151 3302 tas
161 3240 322 3304 videbatur
333 3247 469 3309 voluisse
477 3248 662 3320 rescindere,
674 3256 706 3308 ut
719 3247 927 3307 restitueretur
939 3244 1032 3315 Sulla,
1051 3250 1135 3302 recte

103 3325 319 3400 reprehendis:
342 3338 439 3388 status
455 3330 535 3387 enim
554 3330 598 3385 rei
618 3331 760 3400 publlcao
778 3326 910 3383 maxima
932 3325 1074 3383 iudicatis
1089 3340 1135 3380 re-

103 3406 162 3459 bus
178 3408 364 3459 contimtum
393 3425 495 3475 noque
518 3423 577 3473 ego
591 3416 706 3460 uatum
726 3408 859 3460 fraterno
881 3405 978 3461 amori
999 3405 1135 3461 dandum
