2340 3788
75 185 140 254 204
371 180 444 241 PRO
458 182 489 240 P.
506 181 631 243 sunta
647 182 797 243 ORATIO.

72 333 164 406 mari,
198 336 246 392 me
273 331 417 406 singulari
445 330 628 399 immanitate
656 340 686 392 et
714 328 890 393 crudelitate
918 333 1026 407 praedi

73 417 105 480 8.
126 417 211 476 Hanc
226 413 297 473 mihi
313 413 387 474 tusi
401 421 526 490 propter
540 430 624 476 meas
638 430 689 475 res
706 422 808 489 gestas
822 413 954 489 imponis
971 415 1003 475 in
1020 437 1025 475 t

73 499 136 560 vita
149 512 225 571 mea,
238 494 398 572 Torquate,
412 512 583 572 personam,
600 497 794 557 vehementer
807 513 901 558 erras.
928 496 979 557 llle
995 516 1025 558 na

74 580 310 651 misericordem,
329 579 426 656 patria
439 595 588 659 severum,
610 581 762 640 crudelem
778 594 833 639 uec
849 581 956 640 natura
971 597 1025 641 nec

75 665 131 726 tria
155 678 226 724 esse
240 660 344 724 voluit.
386 663 524 739 Denique
540 661 629 723 istam
641 661 744 738 ipsam
758 677 922 738 personam
936 663 1025 724 vehet

74 754 135 810 tem
149 754 179 807 et
192 760 308 818 acrem,
330 762 420 820 quam
434 745 506 806 milri
520 755 583 806 tum
602 754 722 820 tempus
737 752 767 805 et
786 749 837 804 res
857 744 982 820 publica
1004 745 1025 806 ir

75 830 143 902 suit,
162 830 220 889 iem
230 830 372 890 voluntas
388 838 418 888 et
431 837 536 889 natura
552 828 621 904 ipsa
632 826 769 888 detraxit
790 828 844 887 llla
858 826 936 887 enim
951 826 1025 888 adh

74 921 194 988 tempus
209 911 400 972 severitatem
415 910 595 986 postulavit:
619 910 695 970 haec
709 909 741 968 in
757 909 838 969 omni
853 911 914 970 vita
929 910 1025 970 miser

74 995 155 1069 diem
169 994 384 1068 lenitatemque
406 994 569 1054 desideret.
612 992 642 1053 9.
663 991 727 1066 Qua
747 1008 782 1052 re
798 991 870 1051 nihil
891 1000 938 1052 cst
960 1009 1023 1067 quo

76 1084 159 1139 tento
174 1076 318 1137 comitatu
334 1075 466 1136 virorum
480 1075 734 1150 amplissimorum
754 1090 802 1134 me
817 1091 910 1136 unum
924 1075 1025 1136 abstra

75 1160 205 1235 simplex
232 1158 366 1219 olticium
383 1166 474 1232 atque
498 1174 558 1219 una
584 1158 734 1219 bonorum
760 1165 807 1218 est
831 1156 964 1218 omnium
990 1173 1025 1218 ca

75 1242 150 1302 nihil
165 1247 212 1301 est
226 1242 311 1316 quod
324 1241 472 1301 admirere
492 1241 635 1316 posthac,
656 1241 683 1301 si
697 1240 727 1299 in
742 1256 780 1301 ea
794 1248 893 1315 parte,
917 1240 948 1299 in
967 1257 1025 1315 qua

76 1324 207 1385 animum
224 1322 399 1396 adveneris,
415 1339 463 1384 me
478 1322 605 1409 videbis.
626 1323 714 1384 Nulla
727 1331 775 1384 est
788 1322 867 1382 enim
880 1322 910 1381 in
925 1339 960 1383 re
975 1324 1025 1398 pul

74 1422 144 1467 mea
158 1422 251 1466 causa
265 1406 406 1482 proptiae
421 1415 540 1481 tempus
557 1407 666 1481 agendi
681 1406 737 1466 luit
749 1405 845 1481 magis
856 1403 929 1464 mihi
944 1421 1025 1481 prop:

78 1504 168 1565 quem
186 1488 330 1562 caeteris,
354 1489 469 1553 doloris
495 1504 567 1549 vero
586 1497 617 1549 et
638 1487 754 1550 timoris
769 1497 800 1549 et
822 1487 949 1563 periculi
975 1488 1025 1550 luit

76 1588 170 1634 causa
185 1570 368 1634 communis=
388 1588 488 1647 neque
505 1571 584 1631 enim
601 1587 658 1646 ego
673 1581 744 1633 tunc
758 1570 901 1648 prinecps
918 1572 959 1630 ad
973 1572 1025 1631 salt

76 1671 149 1717 esse
165 1657 343 1731 potuissem,
361 1655 388 1715 si
403 1654 453 1715 alii
468 1653 594 1716 comites
610 1670 681 1715 esse
698 1653 875 1715 noluissent.
918 1653 984 1726 Qua
997 1670 1025 1713 rt

76 1754 167 1800 cesse
181 1747 242 1811 est,
264 1739 348 1814 quod
360 1737 433 1798 milri
449 1736 569 1799 consuli
587 1738 783 1813 praecipuum
802 1737 858 1797 luit
877 1743 1025 1811 praetera

76 1821 109 1882 id
122 1821 182 1882 iam
196 1823 314 1899 privato
332 1837 400 1883 eum
415 1820 543 1882 caeteris
559 1837 630 1881 esse
645 1836 812 1882 commune.
846 1820 952 1894 Neque
967 1834 1025 1893 ego

76 1890 255 1982 partiendae
265 1903 406 1978 invidiae,
415 1904 472 1965 sed
482 1903 750 1966 communicandae
761 1902 859 1964 laudis
872 1917 966 1962 causa
977 1903 1025 1975 loq

79 1989 183 2049 oneris
197 1987 257 2049 mei
274 1996 390 2064 partem
407 1986 519 2048 nemini
533 1986 688 2064 imperato,
711 1984 824 2060 gloriae
838 1983 928 2044 bonis
949 1985 1025 2044 omni

79 2070 129 2132 10.
151 2072 185 2129 ln
200 2070 378 2132 Auuonium
394 2069 596 2131 testimonium
610 2068 722 2139 dixisti,
738 2067 850 2141 inquil=
869 2067 982 2127 Sullam
996 2067 1025 2126 dt

79 2153 137 2215 dis.
180 2153 246 2212 Hoc
262 2162 356 2215 totum
373 2152 440 2213 eius
455 2152 538 2212 modi
553 2160 614 2222 est,
638 2151 771 2223 iudices,
792 2159 837 2222 ut,
854 2151 879 2210 si
895 2165 953 2225 ego
965 2166 1025 2230 ¹sun

80 2242 225 2295 constans
240 2236 374 2308 sclavis,
386 2250 443 2295 nec
456 2233 626 2295 testimonio
642 2235 733 2294 fidem
752 2233 840 2294 tribui
856 2231 1025 2294 convenerit

80 2316 251 2377 defensioni
267 2319 488 2380 auctoritatem:
507 2317 553 2378 sin
570 2325 617 2378 est
630 2315 660 2376 in
675 2333 723 2376 me
740 2316 816 2378 ratio
831 2316 875 2375 rei
890 2314 1025 2390 publicae

79 2398 152 2474 ligio
168 2397 277 2474 privati
292 2401 394 2474 officii,
419 2400 549 2461 studium
565 2399 740 2460 retinendae
759 2401 922 2460 voluntatis
941 2398 1025 2458 bono

79 2481 154 2542 nihil
174 2483 274 2542 minus
289 2490 449 2544 aecusator
468 2483 558 2544 debet
578 2482 679 2544 dicere
700 2499 790 2559 quam
804 2500 823 2542 a
835 2498 883 2541 mc
899 2479 1021 2540 delendi

79 2569 150 2639 lam,
165 2564 338 2626 testimonio
353 2568 471 2627 laesum
485 2582 556 2626 esse
570 2567 760 2626 Autronium.
805 2563 919 2624 Videor
941 2563 1021 2623 enim

79 2664 142 2709 non
165 2648 264 2709 solum
287 2649 420 2709 studium
440 2649 480 2708 ad
500 2650 708 2709 defendendas
729 2664 856 2719 causas,
886 2662 992 2706 verum
1015 2662 1025 2705 ε

81 2730 235 2807 opinionis
246 2731 361 2807 aliquid
372 2740 402 2792 et
413 2731 600 2792 auctoritatis
611 2733 744 2791 adferret
762 2748 823 2806 qua
837 2746 894 2804 ego
906 2738 936 2789 et
947 2729 1025 2788 mod

79 2824 155 2889 utar,
170 2815 297 2888 iudices,
312 2822 343 2874 et
357 2814 479 2874 omnino
495 2831 556 2875 non
570 2822 679 2887 uterer,
694 2813 721 2874 si
736 2813 787 2874 ille
801 2830 849 2873 mc
863 2829 923 2872 non
940 2810 1025 2886 coegi

164 2899 215 2957 lv.
238 2896 288 2960 11.
310 2899 395 2957 Duae
411 2896 634 2958 coniurationes
649 2897 704 2957 abs
725 2897 940 2971 retorquete,
960 2910 1025 2953 cont

81 2986 185 3052 untur,
207 2998 283 3053 una,
305 2995 383 3056 quae
396 2980 514 3055 Lepido
530 2989 560 3040 et
572 2979 712 3039 Volcatio
735 2979 927 3051 consulibus,
948 2984 1025 3051 patra

83 3063 210 3122 consule
224 3063 399 3138 designato,
417 3065 496 3125 lacta
513 3079 584 3123 esse
599 3062 721 3136 dicitur,
743 3064 850 3132 altera,
875 3076 954 3134 quae
969 3075 1017 3118 me

82 3143 162 3202 sule:
178 3143 284 3205 harum
297 3146 327 3205 in
342 3154 471 3221 utraque
489 3146 601 3206 Sullam
619 3145 696 3206 dicis
713 3145 817 3206 luisse.
859 3142 954 3203 Patris
972 3142 1024 3213 tul,

81 3224 191 3286 tissimi
208 3226 264 3286 viri
278 3237 370 3304 atque
385 3228 489 3304 optimi
511 3228 663 3301 consuliS,
685 3229 746 3289 scis
767 3244 815 3288 me
833 3225 967 3286 consiliis
986 3241 1025 3284 no

83 3307 241 3371 terluisse=
263 3309 324 3371 scis
344 3328 407 3385 me,
429 3328 522 3386 quum
541 3311 612 3371 mihi
631 3327 767 3372 summus
786 3319 886 3370 tecum
911 3326 986 3368 usus
1014 3322 1025 3366 ε

84 3399 184 3454 lamen
212 3390 330 3452 illorum
356 3403 511 3468 expertem
536 3402 706 3469 temporum
734 3400 764 3454 et
791 3408 964 3453 sermonum
995 3391 1024 3449 lu
