2340 3788
331 184 554 246 cAkra-ta
576 190 755 252 §.cr-oc.
1014 186 1060 255 tc

50 336 89 410 ri,
104 350 217 396 verum
237 335 328 396 etiam
348 335 480 396 osculari
493 336 602 397 solent
628 336 678 396 Ad
698 336 757 401 ltoc
777 340 936 416 templum,
962 360 1055 418 quum

49 427 106 482 set
119 418 183 479 istc
196 418 362 493 Agrigenti,
382 421 460 479 duce
477 418 675 493 Timarchide,
692 430 827 495 repente,
845 433 935 486 nocte
948 425 1053 487 intom-

50 512 119 576 sta,
131 516 293 562 servorum
308 511 489 562 armatorum
502 503 535 562 lit
546 518 716 562 concursus
728 512 818 579 atque
831 505 972 583 impetus.
989 511 1054 571 Cla-

50 602 83 649 αι·
100 601 121 645 a
138 583 282 660 vigilibus
300 584 424 659 lanique
439 584 618 647 custodibus
633 584 758 645 tolliturr
783 588 834 661 qui
847 591 945 664 primo
960 609 1054 668 quum

50 668 177 731 »sistere
197 684 234 728 ac
257 669 424 728 defendere
442 677 636 741 conarentur,
658 670 737 728 male
757 672 879 732 mulcati
899 675 994 736 clavis
1017 694 1054 737 ac

50 750 156 815 stibus
170 753 366 826 repelluntur.
392 752 504 813 Postea
518 750 674 813 convulsis
688 753 843 827 repagulis
859 754 1053 834 effractisque

50 834 119 897 dvis
134 834 276 894 demoliri
290 835 410 910 signum
424 850 461 894 ac
476 834 613 897 vectibus
631 835 814 896 labefactare
832 846 987 898 conantur.
1005 842 1052 899 ln-

50 935 103 981 rea
121 934 167 979 ex
181 918 314 978 clamore
328 919 407 977 lama
421 926 483 978 tota
496 918 571 978 urbe
582 918 777 993 percrebruit,
794 920 964 996 expugnari
976 923 1054 983 deos

50 1002 138 1065 arios
168 1017 231 1061 non
256 1001 389 1061 hostium
410 1002 543 1062 adventu
563 1000 745 1077 necopinato
770 1018 872 1078 nequc
893 1005 1052 1079 repentino

50 1085 213 1147 redonum
229 1083 354 1159 impetu,
368 1085 424 1144 sed
440 1100 477 1144 ex
493 1086 584 1147 domo
600 1094 692 1161 atque
706 1102 745 1145 ex
760 1086 886 1155 cohorte
900 1088 1053 1162 praetoria

50 1185 142 1231 anum
150 1167 345 1242 lugitivorum
353 1168 528 1229 instructam
539 1170 887 1244 armatumquevenisse.
898 1167 949 1232 95.
957 1172 1051 1233 Nemo

50 1250 181 1329 grigenti
195 1268 296 1325 neque
312 1260 410 1312 aetate
424 1260 484 1312 tam
499 1253 618 1313 adlecta
639 1269 740 1329 neque
755 1253 872 1314 viribus
892 1263 953 1315 tarn
968 1256 1051 1315 inllr

50 1336 74 1397 is
89 1335 160 1409 luit,
178 1334 305 1409 quinon
321 1336 371 1395 illa
382 1345 471 1397 nocte
487 1352 524 1396 eo
539 1335 651 1397 nuncio
665 1338 813 1398 excitatus
826 1338 992 1399 surrexerit
1006 1347 1051 1400 te·

50 1434 156 1495 mque,
171 1419 255 1492 quod
270 1419 381 1494 cuique
395 1419 459 1481 lors
474 1419 630 1494 offerebat,
644 1419 818 1503 adripuerit.
844 1422 950 1497 ltaque
963 1423 1049 1482 brevi
1127 1494 1130 1499 .

50 1516 160 1579 mpore
177 1501 216 1560 ad
235 1501 336 1562 lanum
353 1519 393 1563 ex
406 1503 482 1563 urbe
497 1510 560 1564 tota
577 1503 774 1564 concurritur.
791 1504 904 1565 Horam
918 1505 1049 1581 amplius

50 1602 75 1647 or
84 1585 118 1645 in
130 1584 327 1647 demoliendo
342 1585 431 1661 signo
443 1585 583 1660 permulti
594 1585 733 1647 homines
745 1587 960 1648 moliebanturr
974 1589 1049 1649 illud

50 1677 135 1731 terea
149 1668 233 1728 nulla
248 1669 369 1729 lababat
385 1685 424 1728 ex
444 1677 545 1743 parte:
563 1686 656 1742 quum
677 1669 727 1728 alli
743 1668 880 1731 vectibus
903 1672 1048 1732 subiectis

50 1760 203 1813 lucrentur
217 1766 419 1822 commovere,
438 1749 489 1809 alii
503 1749 666 1824 deligatum
680 1752 821 1812 omnibus
840 1753 984 1812 membris
999 1771 1041 1812 ra-

50 1834 145 1897 troad
162 1850 199 1897 se
214 1833 347 1892 lunibus.
370 1835 426 1890 .Ac
445 1838 571 1905 repente
588 1832 776 1906 Agrigentini
796 1843 994 1895 concurrunt:
1015 1837 1050 1894 lit

50 1934 125 1995 tgcc
139 1913 305 1990 lapidatio:
321 1915 394 1974 dant
408 1928 479 1973 sese
493 1912 527 1985 iq
536 1913 637 1987 lugam
651 1913 739 1981 iatius
755 1913 905 1988 praeclari
918 1915 1048 1988 impera-

50 2000 88 2063 titt
101 1994 250 2061 nocturni
270 1995 396 2057 milites:
419 1997 481 2056 duo
504 2003 604 2057 tamen
619 1996 718 2072 sigilla
736 1998 920 2072 perparvrda
932 1999 1049 2072 tollunt,

50 2082 197 2147 romnino
213 2080 318 2140 inanes
333 2080 373 2140 ad
393 2079 484 2141 istum
499 2081 685 2154 praedonem
700 2079 879 2155 religionum
893 2090 1047 2143 revertan-

50 2184 70 2227 r.
104 2166 281 2239 Numquam
301 2171 362 2225 tam
382 2166 461 2224 male
481 2172 528 2224 est
543 2162 654 2225 Siculis
669 2163 743 2239 quin
767 2163 884 2240 aliquid
904 2165 1003 2227 tacete
1017 2175 1048 2227 et

51 2248 178 2311 mmode
192 2247 303 2320 dicant,
322 2249 403 2308 velut
415 2249 445 2308 in
457 2247 515 2306 lrac
529 2263 563 2307 rc
577 2247 699 2308 aiebant
722 2247 752 2310 in
775 2248 896 2309 labores
907 2249 1046 2311 Herculis

50 2350 75 2395 rr
88 2332 194 2395 minus
216 2332 295 2392 bunc
316 2330 565 2394 immanissimum
579 2348 714 2404 verrem,
734 2347 825 2408 quam
839 2331 923 2393 illum
940 2348 1045 2410 aprum

50 2414 247 2497 ymanthium
261 2415 368 2475 relerri
382 2423 531 2490 oportere.

92 2499 202 2562 XLIV.
223 2498 274 2560 96.
299 2497 385 2559 Hanc
407 2496 546 2583 virtutem
566 2497 831 2572 Agrigentinorum
849 2497 954 2560 imitati
976 2505 1047 2559 sunt

50 2582 159 2646 morini
172 2590 290 2657 postca,
304 2581 362 2646 viri
377 2582 472 2649 fortes
483 2588 513 2639 et
524 2581 641 2653 fideles,
653 2582 710 2641 sed
726 2597 920 2658 nequaquam
935 2589 1046 2639 extem

50 2669 115 2744 rpla
137 2681 239 2740 neque
254 2675 314 2726 tam
329 2680 366 2724 ex
381 2662 475 2723 nobili
491 2661 619 2723 civitate.
645 2664 780 2742 Chrysas
798 2674 845 2726 est
860 2662 974 2735 amnis,
993 2662 1047 2737 qui

50 2748 301 2811 rAssorinorum
317 2764 409 2823 agros
427 2745 502 2806 lluit.
534 2747 564 2805 ls
584 2747 667 2821 apud
687 2746 756 2808 illos
778 2748 906 2808 habetur
923 2746 1000 2804 deus
1015 2753 1046 2806 et

50 2832 163 2911 ligicne
178 2831 308 2892 maximo
328 2830 444 2891 colitur.
479 2830 594 2890 Fanum
618 2829 684 2889 cius
704 2831 802 2890 estin
823 2844 898 2903 agro
918 2837 1067 2904 propter·

50 2934 111 2978 cam
126 2914 219 2991 viam,
234 2932 295 2991 qua
310 2916 429 2976 Assoro
444 2913 503 2974 itur
516 2914 663 2974 Hennam.
691 2913 725 2970 ln
747 2929 785 2972 co
800 2912 937 2987 Chrysae
953 2911 1044 2974 simu-

50 3016 129 3062 trum
152 3007 215 3071 est,
234 3000 390 3074 praeclare
411 2998 522 3058 lactum
542 3013 559 3056 e
580 3011 740 3056 marmore.
777 2994 814 3054 ld
834 2993 892 3054 iste
912 3012 1044 3071 poscere

50 3085 182 3159 rsorinos
197 3090 323 3158 propter
337 3081 520 3156 singularem
534 3081 600 3141 eius
611 3077 672 3138 lani
683 3075 860 3152 religionem
871 3094 932 3139 non
947 3096 1043 3141 ausus

50 3176 72 3228 tz
84 3167 264 3241 Tlepolemo
277 3166 328 3226 dat
340 3165 498 3226 etllieroni
509 3163 679 3239 negocium.
691 3160 737 3221 llli
748 3170 848 3232 noctu,
864 3163 942 3223 lacta
952 3181 1043 3224 manu

50 3259 200 3325 nataque,
219 3249 356 3309 veniunt:
376 3249 458 3309 iores
479 3247 565 3309 aedis
580 3246 758 3321 effringunt:
783 3245 925 3306 aeditumi
940 3256 1042 3307 custo·

51 3350 133 3411 sque
149 3340 265 3393 mature
280 3332 426 3392 sentiunt:
443 3332 571 3407 signum,
591 3330 752 3405 quoderat
769 3338 873 3390 notum
889 3326 1042 3399 vicinitati,

50 3418 242 3479 cicadarum
259 3414 399 3477 homines
414 3430 453 3475 ex
468 3415 548 3491 agris
564 3421 760 3476 concurrunt:
776 3412 895 3474 elicitur
909 3412 1040 3486 rugatur-

146 3514 161 3537 .
