2340 3788
115 183 180 249 234
362 179 436 239 PRO
450 180 597 241 ARCHIA
611 179 736 239 POETA
749 177 900 239 ORATIO.

114 340 283 410 putaretur,
300 340 362 391 tum
383 329 561 390 auctoritate
583 337 614 389 et
633 329 727 402 gratia
744 329 861 389 Luculli
880 328 919 388 ab
938 329 1144 394 Heracliensi-

114 417 172 476 bus
193 414 374 489 impetravit
401 409 705 474 mutassemus
721 411 836 471 Silvani
855 412 924 485 lege
939 420 970 471 et
984 402 1142 488 Carbonis,

113 516 143 559 sr
158 514 207 566 our
224 512 407 557 rosnsaarrs
421 510 608 554 crvrrarmus
618 510 754 554 ascarrrr
767 509 921 553 sursssnr
937 511 966 553 sr
979 510 1048 566 rou,
1061 512 1142 564 ouuu

112 597 169 641 mcx
183 595 369 651 mascaron,
387 595 417 638 ru
435 580 541 637 lanum
556 591 732 637 ncurcuruu
751 590 935 636 suauisssnr
947 592 984 635 ar
998 593 1027 635 sr
1048 594 1140 639 saxa-

111 680 202 724 cmrn
224 678 327 723 erasos
350 676 425 720 arao
450 675 629 720 massonam
654 675 764 720 assum
785 674 934 719 incrassa
971 659 1071 733 Quum
1092 661 1141 722 hic

110 745 297 807 domicilium
311 747 428 805 Romae
444 745 555 805 multos
568 743 628 802 iam
642 759 740 802 annos
754 742 894 814 haberet,
916 743 1079 817 professus
1092 755 1141 805 est

109 831 194 904 apud
215 837 386 903 praetorem
408 826 441 900 Ω
461 827 613 887 Metellum
632 823 897 885 lanriliarissimum
921 841 1019 885 suum.
1054 824 1085 886 8.
1106 826 1140 887 Si

110 912 185 972 nibil
199 912 282 972 aliud
291 910 351 970 nisr
342 909 401 969 de
416 909 535 969 civitate
549 925 585 968 ac
596 910 664 982 lege
675 907 818 979 dicimus,
832 905 905 967 nihil
917 907 986 967 dico
986 907 1139 989 amplius

109 1009 205 1055 causa
219 994 299 1055 dicta
318 1001 374 1056 est.
402 992 480 1065 Quid
499 991 578 1052 enim
598 990 707 1052 horum
727 988 886 1061 infirmari,
903 976 1000 1062 Grati,
1017 999 1141 1066 potesta

109 1077 306 1138 Heracliaenc
321 1091 392 1135 esse
407 1084 469 1135 tum
484 1075 649 1149 ascriptum
670 1071 819 1148 negabis?
837 1072 935 1133 Adest
954 1072 1000 1132 vir
1020 1090 1140 1135 summa

108 1158 288 1220 auctoritate
303 1167 334 1219 et
346 1157 492 1231 religione
505 1166 536 1218 et
549 1158 627 1231 tide,
641 1158 674 1216 L.
688 1156 850 1227 Lucullus,
869 1153 922 1228 qui
943 1172 979 1215 se
992 1172 1053 1216 non
1071 1157 1139 1231 opi-

104 1243 191 1314 ·nari,
207 1243 264 1300 sed
280 1240 374 1311 scire,
390 1256 452 1299 non
467 1240 637 1310 audivisse,
652 1240 709 1298 sed
723 1238 853 1309 vidisse,
873 1253 935 1297 non
953 1236 1137 1312 interluisse,

109 1326 168 1385 sed
194 1324 296 1397 egisse
319 1322 399 1382 dicit.
436 1323 558 1382 Adsunt
582 1321 795 1382 Heraclienses
822 1320 927 1394 legati,
956 1321 1137 1383 nobilissimi

108 1405 261 1467 homines:
283 1404 373 1466 huius
389 1404 602 1465 iudicii'causa
621 1421 689 1465 cum
710 1402 858 1464 mandatis
872 1409 909 1463 ‘et
928 1419 996 1463 curo
1014 1403 1137 1478 publico

107 1487 279 1550 testimonio
297 1495 458 1547 venerunt:
482 1489 533 1562 qui
555 1488 636 1547 hunc
657 1486 822 1561 ascriptum
840 1487 1068 1547 Heracliensem
1088 1487 1134 1554 di

105 1579 189 1632 cunt
217 1571 273 1631 Hic
287 1579 320 1631 tu
330 1571 448 1631 tabulas
463 1570 620 1645 desideras
634 1568 872 1631 Heracliensium
888 1569 1043 1644 publicas:
1058 1587 1137 1646 quas

108 1653 212 1716 Italico
228 1654 306 1714 bello
322 1653 449 1714 incenso
469 1653 618 1715 tabulario
639 1653 779 1714 interisse
801 1651 915 1713 scimus
936 1668 1054 1713 omnes.
1081 1652 1137 1713 Est

106 1736 267 1798 ridiculum
282 1736 322 1796 ad
335 1753 387 1808 ea,
403 1753 483 1812 quae
496 1737 656 1809 habemus,
672 1736 745 1796 nihil
758 1735 875 1808 dicere,
892 1751 1040 1812 quaerere
1054 1752 1136 1810 quoe

106 1820 220 1880 hebere
234 1835 296 1880 non
313 1836 493 1895 possumus,
509 1829 539 1880 et
553 1821 591 1880 de
604 1820 759 1881 hominum
772 1818 918 1879 memoria
934 1827 1045 1891 tacere,
1058 1818 1135 1879 litte—

108 1920 207 1964 rarum
223 1901 397 1964 memoriam
411 1902 565 1978 flagitare,
581 1913 625 1975 et,
643 1920 735 1978 quum
749 1903 863 1963 habeas
884 1900 1063 1976 amplissimi
1078 1899 1135 1959 viri

106 1986 297 2061 religionem,
314 1986 497 2060 integerrimi
512 1986 667 2060 municipii
677 1987 726 2047 ius
740 1985 899 2046 iurandum
911 1985 1074 2059 fidemque,
1087 1999 1134 2055 ea,

106 2084 187 2144 quae
199 2069 360 2143 depravari
371 2071 453 2130 nullo
464 2070 555 2129 modo
568 2079 712 2143 possunt,
725 2069 901 2143 repudiare,
914 2068 1043 2141 tabulas,
1056 2083 1133 2142 quas

106 2151 189 2211 idem
204 2152 281 2211 dicis
303 2153 403 2212 solere
420 2152 589 2226 corrumpi,
611 2152 796 2212 desiderare.
825 2151 856 2210 9.
875 2153 924 2209 An
948 2149 1133 2212 domicilium

106 2234 221 2293 Romae
243 2251 302 2293 non
325 2234 428 2295 habuit
447 2235 489 2305 is,
514 2235 563 2309 qui
586 2243 631 2294 tot
655 2234 743 2294 anuis
764 2242 834 2294 ante
860 2232 1009 2294 civitatem
1031 2234 1133 2292 datam

107 2316 213 2375 sedern
233 2317 364 2376 omnium
381 2333 482 2377 rerum
503 2334 539 2376 ac
555 2318 741 2377 fortunarum
761 2333 884 2377 suarum
901 2317 1016 2376 Romae
1038 2316 1132 2374 collo-

104 2397 205 2458 cavit?
216 2399 264 2457 An
277 2415 338 2458 non
349 2410 398 2461 est
408 2401 588 2475 protessusa
597 2401 691 2460 Immo
702 2416 777 2460 vero
788 2399 827 2458 iis
838 2398 948 2459 tabulis
962 2398 1131 2473 professus,

107 2496 187 2556 quae
208 2484 293 2541 solae
313 2498 352 2541 ex
374 2482 426 2542 illa
442 2483 635 2557 professione
651 2482 844 2557 collegioque
865 2489 1040 2555 praetorum
1057 2479 1132 2540 obti-

104 2560 177 2624 nent
185 2564 373 2638 publicarum
383 2566 551 2626 tabularum
563 2565 780 2626 auctoritatem.
798 2568 835 2624 V.
847 2566 921 2623 Nam
934 2580 1029 2638 quum
1038 2561 1133 2637 Appii

102 2645 225 2710 tabulae
242 2647 443 2721 negligentius
464 2649 644 2708 adservatae
664 2640 850 2720 dicerenlur,
872 2645 1006 2719 Gabinii,
1028 2662 1132 2719 quarn-

104 2730 157 2789 diu
186 2730 345 2790 incolumis
374 2731 445 2800 fuit,
470 2733 593 2804 levitaS‚
627 2739 698 2805 post
724 2729 947 2790 damnationem
976 2728 1131 2789 calamitas

103 2828 224 2872 omnem
236 2813 404 2873 tabularum
418 2815 509 2873 tidem
521 2816 722 2888 resignasset,
733 2814 887 2884 Metellus,
899 2813 991 2873 homo
1002 2810 1132 2870 sanctis-

105 2895 200 2955 simus
217 2895 523 2972 modestissimusque
535 2897 682 2970 omniurn,
696 2905 779 2958 tanta
793 2896 949 2970 diligentia
963 2892 1031 2965 luit,
1046 2900 1080 2953 ut
1091 2893 1130 2952 ad

103 2977 137 3034 L.
151 2978 309 3039 Lentulum
324 2988 496 3053 praetorem
510 2989 540 3040 et
556 2981 596 3039 ad
615 2979 732 3040 iudices
750 2980 866 3039 venerit
881 2987 912 3039 et
924 2979 1016 3039 unlus
1035 2973 1131 3037 norni-

104 3057 152 3116 nis
167 3060 255 3121 litura
271 3079 305 3121 se
323 3071 505 3123 commotum
519 3080 592 3122 esse
608 3062 725 3123 dixerit.
752 3063 807 3122 His
825 3062 914 3136 igitur
933 3060 1045 3122 tabulis
1066 3060 1132 3121 nul·

104 3141 164 3199 lam
178 3141 296 3203 lituram
309 3144 340 3203 in
356 3147 478 3206 nomine
494 3147 530 3204 Α.
548 3144 655 3204 Licinii
669 3144 790 3206 videtis.
819 3142 868 3204 10.
883 3145 968 3218 Quae
984 3161 1078 3219 quum
1091 3141 1134 3202 ita

102 3221 178 3294 sint,
203 3227 344 3300 quidest
371 3230 454 3302 quod
475 3229 513 3287 de
541 3228 607 3288 eius
631 3228 751 3288 civitate
771 3227 928 3301 dubitetis,
952 3225 1133 3303 praesertim

104 3323 197 3380 quum
219 3308 286 3368 aliis
309 3327 434 3386 quoque
454 3310 485 3370 in
506 3310 678 3370 civitatibus
704 3311 794 3371 luerit
819 3311 994 3384 ascriptusr
1014 3308 1133 3371 Etenim
