2340 3788
107 190 151 256 72
319 193 359 252 ln
380 192 411 251 C.
432 190 596 250 VERREM
615 190 698 248 ACT.
713 190 749 246 ll.
770 189 841 247 LIB.
857 189 908 251 Ν.

107 358 192 405 arum
205 340 319 402 Dianae
335 338 503 400 tollendum
515 338 640 398 locatur.
676 336 795 397 XXXV.
818 333 866 399 77.
891 335 1004 398 Videte
1021 344 1132 413 quanla

106 425 245 502 religiol
232 422 334 482 luerit:
351 422 434 494 apud
450 420 635 494 Segestanos
657 427 809 493 repertum
823 434 909 493 esse,
923 417 1061 493 ludices,
1077 420 1131 480 sci-

106 516 170 570 tote
184 505 334 576 neminem
348 518 448 578 neque
460 502 586 563 liberum
600 517 701 577 neque
715 514 837 562 servum
849 517 950 576 neque
967 502 1068 561 civem
1083 518 1130 563 ne

107 606 168 667 que
182 586 373 666 peregrinum
392 586 443 660 qui
463 584 537 645 illud
557 584 675 659 signum
695 584 820 645 auderet
839 584 1004 658 attingere·
1025 584 1130 645 barba

104 678 160 733 ros'
183 671 332 748 quosdam
351 669 497 746 Lilybaeo
519 666 627 728 scitote
643 667 792 728 adductos
817 683 888 727 esse
906 665 1081 742 operarios:
1103 665 1129 727 bi

106 752 240 830 denique
260 753 347 826 illud,
369 750 468 826 ignari
487 749 578 809 totius
599 749 718 824 negocii
737 766 774 809 ac
792 748 964 824 religionis,
991 750 1129 811 mercede

85 846 248 913 accepta,
270 837 468 896 sustulerunt:
488 832 572 907 quod
593 849 686 908 quum
705 847 745 891 ex
767 831 883 908 oppido
903 832 1128 905 exportabatur,

107 938 198 996 quem
218 926 397 981 conventum
417 914 574 974 mulierum
595 916 706 975 lactum
722 931 793 975 esse
810 913 1017 975 arbitraminis
1042 930 1129 991 quern

105 1002 210 1065 fletum
229 1001 376 1061 maiorum
397 1003 490 1057 natut
514 1014 641 1070 quorum
662 1014 722 1057 non
744 998 817 1057 nulli
841 996 930 1057 etiam
952 997 1036 1057 illum
1052 996 1127 1059 diem

105 1084 251 1146 memoria
262 1081 413 1153 tenebant,
428 1096 521 1153 quum
531 1079 582 1138 illa
598 1080 705 1139 eadem
719 1079 815 1140 Diana
830 1079 989 1165 Segestam
1003 1079 1127 1141 Kartha·

105 1169 176 1242 gine
190 1171 313 1226 revecta
325 1162 481 1222 victoriam
501 1163 604 1237 populi
614 1162 742 1222 Romani
758 1161 856 1223 reditu
872 1178 928 1223 suo
943 1162 1126 1225 nunciasset

105 1250 200 1325 Quam
215 1243 370 1305 dissimilis
384 1244 433 1304 hic
447 1244 512 1305 dies
527 1242 571 1304 illi
591 1245 721 1321 tempori
741 1245 915 1314 videbaturl
943 1242 1046 1305 Tum
1036 1261 1127 1321 impe

103 1339 185 1392 rator
198 1328 303 1404 populi
316 1326 459 1400 Romani,
479 1329 525 1387 vir
546 1328 751 1403 clarissimuS,
769 1328 845 1388 deos
860 1326 977 1403 patrios
994 1336 1129 1403 reporta·

103 1414 155 1473 bat
170 1409 361 1489 SegestaniS,
384 1426 423 1470 ex
437 1411 512 1472 urbe
525 1410 657 1473 hostiurn
670 1419 883 1488 recuperatos:
905 1426 987 1471 nunc
1002 1426 1042 1471 ex
1059 1410 1128 1472 urbe
1168 1463 1170 1470 ι

104 1492 258 1555 sociorum
279 1501 401 1568 praetor
425 1494 561 1555 eiusdem
582 1494 688 1570 populi
708 1493 901 1568 turpissimus
926 1501 1020 1568 alque
1034 1492 1127 1569 impu·
1164 1548 1166 1557 ,

98 1574 243 1638 rissimus
259 1578 385 1637 eosdem
399 1577 468 1637 illos
484 1577 560 1637 deos
574 1578 689 1636 nefario
711 1578 827 1637 scelere
847 1576 1014 1637 auferebat.
1052 1575 1127 1651 Quin

101 1659 163 1721 hoc
183 1667 247 1720 ιοιι
262 1658 363 1719 Sicilia
377 1667 424 1720 est
441 1660 566 1730 clarius,
589 1676 680 1735 quam
694 1676 799 1721 omnes
814 1658 961 1734 Segestae
977 1668 1127 1720 matronas
1161 1686 1169 1741 ,ι

25 1802 31 1811 ,
102 1750 133 1803 et
146 1741 279 1816 virgines
292 1741 489 1813 convenisse,
506 1758 599 1817 quum
614 1741 711 1803 Diana
725 1748 935 1816 exportaretur
948 1755 989 1801 ex
1003 1740 1127 1817 oppido,
1160 1778 1167 1805 l

99 1823 232 1886 unxisse
245 1825 422 1900 unguentis,
441 1826 613 1900 complesse
629 1824 750 1886 coronis
766 1833 796 1884 et
809 1824 947 1898 floribus,
962 1832 1039 1897 lure,
1055 1824 1127 1885 odo
1166 1877 1168 1886 ι

99 1909 187 1969 ribus
215 1908 350 1970 incensis
378 1909 541 1982 usquead
567 1909 631 1982 agri
655 1909 733 1969 fines
754 1916 934 1983 prosecutas
956 1913 1050 1968 esset
1079 1904 1128 1969 lb
1156 1935 1164 1989 ι

99 1991 188 2051 Hanc
203 2000 236 2052 tu
249 2000 361 2052 tantam
374 1989 549 2064 religionem
564 1990 590 2050 si
604 1999 667 2051 tum
681 1990 711 2050 in
728 1990 853 2065 imperio
868 1998 995 2065 propter
1013 1988 1127 2065 cupidi·

102 2081 192 2134 tatem
208 2081 300 2148 alque
316 2072 474 2134 audaciam
490 2068 550 2133 n'on
565 2072 818 2148 pertimescebas:
841 2089 880 2133 ne
902 2086 982 2133 nunc
1005 2072 1127 2147 quidem
1156 2087 1168 2143 l

100 2154 133 2213 in
147 2163 244 2215 tanto
271 2164 323 2215 tuo
349 2156 574 2229 liberorumque
600 2164 718 2215 tuorum
741 2154 877 2231 periculo
898 2154 1129 2231 perhorrescisl
1158 2182 1170 2226 n

102 2237 197 2308 Quem
217 2233 271 2296 tibi
295 2245 346 2297 aut
372 2237 523 2297 hominem
549 2236 650 2297 invitis
675 2239 723 2298 dis
744 2237 962 2299 immortalibus
981 2245 1034 2298 aut
1054 2252 1126 2298 vero
1159 2266 1164 2303 ¹.-

101 2319 190 2377 deum
211 2316 301 2378 tantis
322 2335 427 2380 eornm
447 2319 642 2393 religionibus
664 2319 784 2382 violatis
798 2320 911 2381 auxilio
928 2321 1061 2382 futurum
1075 2336 1126 2394 pu
1161 2354 1167 2395 ι

100 2407 170 2460 last
199 2399 263 2459 Tibi
278 2399 329 2459 illa
341 2402 438 2461 Diana
451 2402 481 2461 in
496 2417 573 2476 pace
589 2410 680 2477 alque
697 2403 727 2462 in
742 2402 810 2464 ocio
825 2402 1004 2478 religionem
1017 2403 1126 2464 nullam

103 2480 221 2545 attulit?
242 2500 320 2559 quae
336 2501 427 2565 quum
444 2486 520 2543 duas
535 2485 643 2559 urbes,
662 2486 691 2545 in
705 2485 814 2561 quibus
830 2488 929 2547 locata
947 2487 1061 2558 luerat,
1079 2501 1125 2545 ca·

98 2575 169 2642 ples
185 2566 391 2640 incensasque
408 2565 549 2637 vidisset,
572 2567 620 2626 bis
642 2585 682 2628 ex
704 2569 830 2629 duorum
845 2568 993 2629 bellorum
1007 2567 1126 2628 flamma
1165 2602 1169 2613 ·

99 2651 243 2726 ferroque
268 2657 388 2709 servata
408 2657 470 2708 est=
499 2665 577 2722 quae
597 2651 891 2726 Karthaginiensium
910 2650 1038 2712 victoria
1059 2652 1126 2712 loco

97 2743 193 2795 mutat
194 2731 410 2809 o·religionem
430 2738 530 2791 tomen
545 2749 606 2793 non
621 2734 734 2806 omisit,
757 2733 940 2793 P.Airicani
954 2732 1067 2795 virtulo
1081 2750 1126 2793 re
1166 2798 1169 2805 ,

99 2813 241 2889 ligionem
259 2815 347 2877 simul
371 2831 439 2875 cum
453 2815 522 2875 loco
545 2817 747 2912 recuperavit.
780 2817 845 2891 Quo
867 2818 989 2890 quidem
1011 2818 1127 2877 scelere

99 2906 245 2972 suscepto
262 2917 354 2975 quum
370 2896 469 2958 inanis
484 2907 567 2959 esset
580 2899 664 2960 basis
680 2897 709 2960 el
723 2899 754 2958 in
771 2916 808 2958 ea
822 2898 854 2957 P
865 2898 1002 2959 Africani
1015 2914 1126 2960 nomen

97 2973 242 3051 incisum,
263 2999 313 3044 res
335 2981 460 3059 indigna
478 2989 569 3056 alque
589 2981 778 3043 intoleranda
795 2981 957 3042 videbatur
974 2980 1124 3053 omnibus,

96 3073 160 3118 non
180 3063 277 3121 solum
290 3065 454 3140 religiones
467 3080 538 3125 esse
551 3064 695 3138 violatas,
711 3082 816 3125 verum
832 3063 967 3125 etiamP.
980 3064 1127 3138 Africani,

98 3138 155 3200 viri
170 3141 340 3219 fortissimi,
361 3164 462 3207 rerum
479 3154 632 3220 gestarum
647 3148 787 3222 gloriam,
807 3147 982 3208 memorium
999 3148 1127 3219 virtutis,

98 3233 272 3284 monument
273 3242 290 3284 a
304 3227 448 3288 victoriae
464 3227 496 3287 C
511 3229 637 3288 Verrem
652 3238 718 3290 sust
706 3230 822 3290 tulisse
850 3228 900 3293 79.
928 3229 1022 3303 Quod·
1033 3246 1128 3305 quum

97 3302 146 3366 isti
164 3306 391 3369 renuntiaretur
411 3312 449 3370 de
464 3309 532 3370 basi
549 3327 585 3371 ac
602 3310 723 3385 litteris,
741 3312 923 3373 existimavit
935 3306 1105 3374 homines
1097 3330 1127 3373 m

94 3388 382 3451 oblivionemcotius
396 3391 515 3466 negocii
529 3408 600 3455 esse
612 3403 764 3469 venturos,
780 3392 807 3456 si
818 3394 908 3456 etiam
920 3394 1031 3471 basim,
1047 3404 1124 3459 tam·
