2340 3788
355 181 437 240 cde.
452 187 530 241 rs-
540 188 582 243 ro
603 186 631 246 s·
644 188 773 242 sa—es.
1018 181 1079 250 311

59 345 122 404 tus,
140 341 171 392 et
184 330 268 406 quia,
290 337 324 391 ut
337 331 385 403 tit,
407 329 438 389 in
459 331 558 390 multis
579 329 643 390 exit
657 329 820 404 aliquando
834 329 949 405 aliquid
974 329 1002 391 si
1019 349 1080 394 non

59 419 258 492 perfacetum,
275 421 306 473 at
328 421 426 473 tamen
451 414 581 472 fortasse
596 428 659 471 uon·
670 412 832 484 rusticum,
852 413 935 486 quud
950 413 1080 490 quisque

61 497 143 568 dixit,
160 514 207 555 me
221 495 253 554 id
267 494 382 554 dixisse
393 495 504 556 dicunt.
525 495 590 569 Ego
605 503 705 554 autem
718 495 744 553 si
759 493 832 566 quid
848 497 992 570 estquod
1008 498 1080 557 mibi

60 581 167 640 scitum
181 594 251 639 esse
267 579 403 638 videatur
416 586 446 637 et
459 577 581 637 homine
597 576 728 650 ingenuo
744 576 866 649 dignum
878 583 968 651 atque
980 578 1080 652 ducto,

61 680 121 722 non
138 677 293 736 aspernor,
314 660 487 721 stomachor
502 676 589 732 vero,
605 676 697 732 quum
712 658 838 717 aliorum
852 675 976 719 nonme
992 660 1082 735 dignu
1119 722 1122 729 ,

59 746 88 804 in
103 760 150 804 me
167 745 369 804 conteruntur.
406 743 479 801 Nam
495 742 578 816 quod
590 740 704 815 primus
719 740 808 800 scivit
821 743 917 814 legem
932 741 970 800 de
985 743 1081 815 publi·

60 828 143 887 canis
162 835 239 898 tum,
261 841 353 901 quum
381 824 426 886 vir
446 823 651 899 amplissimus
673 826 782 883 consul
800 823 832 882 id
856 823 898 882 illi
914 823 1012 884 ordini
1027 842 1082 899 per

59 911 203 984 populum
220 909 316 978 dedit,
339 908 422 981 quod
445 922 500 982 per
513 915 650 966 senatum
668 907 695 965 si
711 904 863 978 licuisset,
886 906 1036 967 dedIsset=
1054 906 1082 967 si

58 994 88 1050 in
105 1009 141 1051 eo
159 992 270 1050 crimen
290 999 345 1061 est,
360 987 430 1062 quia
443 988 619 1063 suffragium
629 987 703 1067 tulit,
720 990 788 1063 quis
800 1005 860 1049 nun
871 987 937 1048 tulit
948 989 1082 1063 publica-

60 1082 137 1133 nust
153 1073 195 1145 si,
213 1071 284 1146 quia
298 1073 411 1146 primus
426 1071 528 1141 scivit,
544 1081 643 1132 utrum
657 1071 688 1130 id
703 1073 793 1132 sortis
806 1087 875 1130 esse
890 1068 936 1129 vis
952 1088 990 1130 an
1004 1071 1080 1146 eius,

60 1156 114 1230 qui
128 1156 206 1214 illam
218 1155 315 1228 legem
330 1154 464 1214 lerebatt
478 1153 512 1213 Si
521 1152 622 1226 sortis,
639 1154 752 1214 nullum
764 1153 875 1214 crimen
889 1161 936 1213 est
946 1153 976 1212 in
992 1171 1081 1215 casus

60 1239 86 1297 si
103 1236 245 1308 consulis,
263 1237 408 1310 splendor
421 1236 511 1296 etlam
523 1234 644 1308 Planci,
659 1236 739 1296 hunc
754 1241 774 1296 ri
787 1253 904 1297 summe
920 1236 984 1297 viro
1000 1237 1082 1312 priu-

61 1320 160 1394 cipem
177 1335 247 1380 esse
262 1318 376 1379 ordinis
390 1318 562 1379 iudicatum.
795 1359 797 1362 <

122 1403 186 1461 XV.
208 1400 257 1463 36.
274 1401 335 1461 Sed
349 1400 512 1476 aliquando
529 1400 684 1461 veniamus
698 1400 738 1462 ad
755 1417 888 1462 causam.
925 1402 959 1469 ln
978 1409 1082 1476 quatu

60 1484 180 1544 nomine
195 1483 271 1559 legis
282 1482 423 1558 Liciniae,
440 1501 519 1559 quae
536 1491 583 1544 est
597 1485 635 1543 de
649 1482 813 1558 sodaliciis,
832 1500 936 1544 omnes
948 1483 1080 1546 ambitus

59 1570 144 1640 leges
159 1568 338 1641 complexus
352 1584 396 1627 es·
438 1568 500 1627 Nec
516 1567 595 1627 enim
610 1565 774 1640 quidquam
789 1566 871 1628 aliud
891 1568 921 1627 in
936 1568 993 1628 hac
1014 1568 1096 1643 lege·

61 1648 119 1709 nisi
127 1649 266 1709 editicios
274 1649 390 1710 iudices
403 1665 436 1714 es
449 1659 589 1709 secutus:
603 1649 686 1722 quud
698 1663 795 1721 genus
807 1648 985 1710 iudiciorum
997 1649 1024 1710 si
1035 1658 1083 1711 est

60 1748 191 1805 aequum
215 1732 275 1790 ulla
295 1731 326 1789 in
350 1747 384 1790 re
406 1730 465 1790 nisi
479 1730 509 1789 in
524 1730 581 1789 bac
595 1731 746 1802 tribuaria,
765 1747 827 1791 nen
842 1730 975 1804 intelligo
992 1747 1083 1802 quam

60 1815 99 1872 ob
114 1829 177 1870 rem
194 1820 317 1871 senatus
332 1811 391 1871 hoc
405 1828 466 1871 uno
480 1810 509 1869 in
525 1827 635 1885 genere
649 1811 744 1870 tribus
767 1812 816 1871 edi
832 1811 967 1886 ¹voluerit
980 1813 1018 1870 ab
1032 1829 1083 1872 ac·

60 1901 201 1954 cusatore
224 1909 324 1966 neque
346 1893 482 1952 eamdem
506 1892 667 1953 editionem
690 1893 872 1953 transtulerit
892 1893 923 1952 in
946 1902 1082 1954 caeteras

60 1993 187 2049 causas,
201 1976 243 2034 de
254 1974 323 2049 ipsu
341 1974 473 2049 denique
484 1975 595 2036 ambitu
608 1973 801 2050 reiectionem
816 1976 881 2036 lieri
895 1975 1024 2036 voluerit
1037 1976 1081 2037 iu·

59 2060 160 2120 dicum
178 2060 375 2128 alternorum,
396 2074 549 2132 quumque
569 2060 682 2119 nullum
694 2074 790 2132 genus
810 2057 981 2118 acerbitatis
995 2075 1081 2133 prae·

58 2141 241 2214 termitteret,
247 2141 310 2202 lioc
322 2150 419 2201 tameu
428 2158 520 2201 unum
528 2142 779 2216 praetereundum
786 2140 905 2216 putarit.
921 2138 972 2203 37.
985 2141 1082 2215 Quidl

60 2224 186 2284 huiusce
206 2222 250 2283 rei
270 2224 392 2283 tandem
413 2225 544 2285 obscura
565 2233 741 2296 causaest,
765 2241 802 2284 an
824 2232 855 2284 et
878 2225 989 2300 agitata
1009 2233 1081 2298 tum,

60 2324 152 2381 quum
167 2307 226 2367 ista
238 2304 268 2365 in
283 2314 390 2367 senatu
405 2323 455 2366 res
472 2307 630 2382 agebatur,
658 2316 687 2367 et
710 2307 863 2382 disputata
876 2307 1017 2368 hesterno
1032 2307 1082 2368 die

60 2388 275 2464 copiosissime
288 2404 306 2446 a
321 2387 354 2461 Q.
370 2389 547 2463 Hortensio,
569 2389 617 2451 cui
632 2398 694 2450 tum
711 2399 758 2451 est
771 2399 895 2451 senatus
910 2391 1082 2452 adseusual
1109 2404 1111 2411 ·

59 2475 123 2532 Hoc
138 2470 227 2544 igitur
241 2470 409 2531 sensimus:
424 2470 643 2548 cuiuscumque
653 2472 748 2533 tribus
762 2474 884 2548 largitor
895 2481 977 2534 esset
988 2481 1018 2533 et
1028 2487 1083 2547 per

59 2556 137 2613 hanc
153 2553 396 2628 consensionem,
413 2570 491 2629 quae
503 2554 599 2629 magis
614 2555 741 2616 honeste
755 2570 846 2630 quam
858 2570 928 2614 vere
940 2553 1082 2615 sodalita-

59 2647 105 2696 tas
119 2636 337 2708 nominaretur,
358 2653 447 2710 quam
468 2637 598 2712 quisque
615 2637 722 2698 tribum
746 2639 824 2712 turpi
845 2636 1002 2712 largitione
1016 2651 1082 2696 cor·

58 2728 220 2793 rumperet,
237 2735 305 2779 eum
320 2717 450 2780 maxime
463 2719 502 2780 iis
515 2718 694 2794 hominibus,
711 2720 764 2794 qui
778 2719 843 2781 eius
859 2718 955 2780 tribus
969 2725 1081 2790 essent,

61 2818 131 2861 esse
145 2811 258 2861 notum.
294 2802 337 2862 lta
355 2800 472 2875 putavit
488 2809 620 2874 senatus
635 2820 727 2876 quum
740 2819 794 2865 ree
810 2801 907 2863 tribus
922 2801 1083 2862 ederentur
1154 2814 1157 2819 ⁴

60 2900 123 2952 eae,
137 2900 213 2956 quas
227 2883 254 2944 is
270 2883 428 2958 largitione
443 2884 600 2945 devinctas
617 2884 749 2957 haberet,
765 2885 890 2946 eosdem
907 2884 971 2943 lere
987 2890 1082 2944 testes
1147 2908 1155 2922 x

59 2974 89 3025 et
103 2964 229 3025 iudices.
255 2967 407 3027 Acerbum
423 2966 543 3030 omniuo
558 2983 655 3041 genus
669 2966 787 3040 iudicii,
802 2967 981 3040 sed-tamen,
995 2964 1023 3026 si
1033 2967 1081 3026 uel

58 3065 116 3106 sua
132 3048 179 3107 vel
194 3063 239 3120 eu,
253 3065 332 3123 quae
346 3048 476 3109 maxime
486 3059 569 3111 esset
586 3049 697 3124 cuique
712 3049 882 3122 coniuncta,
898 3047 993 3110 tribus
1008 3047 1081 3109 ede·

57 3140 147 3202 retur,
162 3129 216 3189 vix
229 3132 440 3194 recusandum.
469 3132 547 3191 XVl.
562 3130 612 3194 38.
626 3130 671 3192 'lu
685 3141 793 3202 autem,
808 3131 989 3205 Laterensis,
1004 3147 1081 3206 quas

57 3212 152 3276 tribus
167 3211 310 3275 edidisti?
331 3213 528 3286 Terentinam,
544 3215 646 3276 credo.
688 3213 756 3277 Fuit
767 3221 848 3275 certe
864 3215 895 3274 id
908 3230 1037 3294 aequum
1052 3220 1082 3274 et

58 3306 139 3357 certe
155 3304 364 3371 exspectatum
378 3306 437 3358 est.
447 3305 477 3357 et
493 3296 548 3358 luit
569 3296 692 3371 dignum
707 3296 875 3358 constantin
889 3306 948 3358 tua.
991 3294 1084 3355 (iuius

57 3385 90 3437 tu
104 3378 198 3438 tribus
216 3377 403 3440 venditorem
414 3387 445 3440 et
458 3388 666 3455 corruptorem
686 3388 716 3440 et
730 3389 917 3455 sequestrem
930 3376 1085 3439 Plancium
