2340 3788
311 142 392 254 ΟᾸΡ.
409 200 540 255 (tl-53·
562 201 589 260 S·
608 202 771 259 loc—114.
989 200 1052 265 285

29 351 81 406 est
98 351 216 416 actum,
231 350 320 418 capta
334 344 409 404 urbe
424 352 515 417 atque
531 360 697 418 oppressa,
713 345 855 419 Gellium,
870 345 1052 420 Firmidium,

27 426 156 498 Titium,
174 427 309 487 eiusdem
325 426 407 486 modi
422 427 515 486 turias
529 426 587 486 illis
601 426 793 487 mercenariis
805 430 947 503 gregibus
959 431 1054 491 duces

29 517 63 570 et
77 517 219 569 auctores
235 507 345 579 luisse,
369 526 462 582 quum
481 510 551 582 ipse
565 510 641 569 lator
660 508 734 568 nihil
753 511 791 569 ab
809 511 915 572 horum
930 514 1054 586 turpitu-

31 592 122 665 dine,
147 591 290 666 audacia,
311 591 454 652 sordibus
471 592 655 652 abhorreret.
691 595 731 651 At
749 610 842 667 quum
857 593 896 653 de
911 594 1054 667 dignitate

28 692 104 737 mea
118 674 281 748 terebatur,
304 691 392 735 nemo
406 673 472 735 sibi
488 689 545 734 nec
558 674 739 735 valetudinis
756 675 983 736 excusationem
997 694 1054 737 nec

30 758 199 820 senectutis
217 756 291 817 satis
314 757 423 818 iustam
443 756 575 832 putavit:
600 774 690 818 nemo
710 758 765 818 luit
787 759 838 832 qui
860 775 894 819 se
908 775 970 816 non
991 775 1055 819 reta

28 840 186 919 publicam
201 856 319 901 mecum
333 839 423 900 simul
434 856 581 900 revocare
597 842 627 900 in
642 857 714 901 suas
731 842 822 901 sedes
837 841 1039 904 arbitraretur.

118 922 190 983 Llli.
214 921 284 984 113.
311 923 477 984 Videamus
491 939 570 983 nunc
584 924 704 984 comitia
719 925 956 1003 magistratuum.
988 921 1056 985 Fuit

30 1006 197 1080 collegium
211 1022 308 1081 nuper
318 1005 523 1079 tribunicium,
538 1007 569 1066 in
586 1023 647 1080 quo
659 1015 719 1066 tres
733 1006 868 1080 minime,
893 1006 1054 1065 vehemen-

30 1100 80 1152 ter
92 1091 153 1150 duo
166 1091 333 1164 populares
348 1088 604 1150 existimabantur.
625 1089 671 1149 lix
682 1088 729 1162 iis,
745 1091 797 1163 qui
814 1089 978 1164 populares
993 1088 1054 1149 non

30 1173 236 1245 habebantur,
260 1170 370 1247 quibus
390 1171 421 1231 in
438 1171 489 1231 illo
511 1188 623 1246 genere
644 1173 858 1234 conductarum
881 1171 1054 1232 contionum

31 1254 224 1317 consistendi
240 1263 377 1329 potestas
392 1271 453 1314 non
468 1263 548 1328 erat,
573 1256 634 1314 duo
651 1256 798 1330 apopulo
812 1256 949 1315 Romano
964 1271 1053 1329 prae-

30 1348 118 1400 tores
137 1338 228 1407 video
249 1354 322 1398 esse
342 1339 455 1400 lactos=
482 1347 528 1411 et,
554 1345 698 1412 quantum
717 1337 907 1398 sermonibus
929 1337 1010 1412 vulgi
1024 1345 1054 1399 et

34 1420 189 1495 suffragiis
204 1420 371 1496 intelligere
392 1421 492 1496 potui,
511 1438 585 1496 prae
602 1438 636 1483 se
658 1423 791 1496 populus
805 1422 960 1481 Romanus
975 1422 1052 1481 lere·

31 1505 88 1564 bat
108 1503 165 1565 sibi
185 1503 267 1564 illurn
288 1505 318 1565 in
338 1504 491 1566 tribunatu
508 1504 560 1568 Cn.
574 1504 694 1565 Domitii
711 1505 842 1564 animum
863 1510 1050 1565 constantem

32 1595 68 1648 et
83 1586 235 1660 egregium
250 1595 280 1648 et
297 1588 330 1660 Q.
345 1587 490 1647 Ancharii
511 1587 601 1647 fidem
623 1603 658 1645 ac
677 1587 894 1660 tortitudinem,
914 1586 1004 1646 etiam
1024 1586 1051 1646 si

32 1668 111 1729 nibil
125 1685 215 1741 agere
231 1669 417 1744 potuissent,
440 1679 540 1729 tamen
556 1671 708 1728 voluntate
725 1669 794 1743 ipsa
812 1676 927 1742 gratum
946 1668 1050 1729 luisse.

29 1755 99 1812 Iam
115 1750 153 1807 de
169 1750 199 1808 C.
213 1749 327 1809 Fannio
344 1768 423 1825 quae
439 1751 479 1809 sit
493 1750 675 1809 existimatio
696 1751 849 1810 videmus=
873 1750 955 1824 quod
975 1749 1050 1809 iudi-

31 1831 117 1892 cium
131 1829 237 1904 populi
256 1831 385 1890 Romani
406 1832 436 1890 in
457 1830 624 1906 honoribus
648 1831 714 1890 eius
736 1833 868 1891 futurum
888 1831 927 1890 sit
941 1830 1051 1890 nemini
1103 1856 1111 1871 ¹

30 1910 161 1975 dubium
179 1927 251 1971 esse
264 1910 363 1971 debet.
385 1911 455 1972 114.
474 1913 572 1985 buida
586 1914 749 1986 populares
765 1913 808 1971 illi
823 1915 884 1973 duo
897 1911 970 1986 quid
981 1927 1049 1985 ege-

30 2002 126 2056 runt?
151 1995 251 2065 Alter,
268 1993 320 2069 qui
335 2001 433 2055 tamen
449 2011 483 2054 se
497 1994 698 2066 continuerat,
721 1997 829 2056 tulerat
842 1993 931 2068 nihil,
945 2010 1049 2072 sense-

32 2088 81 2140 rat
99 2085 211 2138 tantum
227 2077 267 2136 de
283 2092 317 2136 re
330 2077 453 2151 publica
466 2077 549 2138 aliud
562 2087 653 2152 atqua
667 2077 806 2138 homines
822 2077 1049 2151 exspectabant,

34 2162 83 2220 vir
105 2161 254 2221 ettbonus
275 2167 305 2220 et
324 2159 471 2221 innocens
492 2169 522 2221 et
549 2160 639 2221 bonis
661 2160 733 2222 viris
754 2176 875 2235 semper
893 2158 1048 2234 probatus,

35 2245 121 2318 quod
144 2259 250 2318 parum
276 2242 417 2304 videlicet
437 2242 583 2304 intellexit
598 2243 629 2303 in
646 2243 798 2304 tribunatu
819 2243 892 2318 quid
905 2256 979 2302 vero
994 2259 1048 2318 po·

34 2328 107 2402 pulo
129 2325 322 2400 probaretur,
354 2335 384 2386 et
406 2327 488 2400 quod
506 2328 589 2386 illum
610 2343 681 2387 esse
704 2327 849 2402 poputum
872 2327 1049 2399 Romanum,

35 2409 88 2484 qui
105 2407 292 2468 incautione
319 2416 397 2481 erat,
418 2409 629 2482 arbitrabatur,
651 2426 713 2469 non
734 2409 828 2470 tenuit
850 2425 919 2470 eum
938 2409 1048 2480 locum,
1154 2398 1160 2424 '

34 2492 65 2550 in
78 2507 182 2565 quem,
195 2489 255 2549 nisi
269 2490 428 2565 popularis
439 2507 510 2551 esse
520 2491 683 2565 voluisset,
699 2491 838 2552 facillime
849 2491 1048 2566 pervenisset.

33 2575 134 2645 Alter,
150 2573 203 2648 qui
215 2573 257 2632 ita
268 2589 303 2632 se
316 2573 346 2632 in
360 2573 501 2648 populari
511 2573 627 2634 ratione
640 2575 779 2647 iactarat,
795 2582 828 2635 ut
838 2572 990 2648 auspicia,
1008 2573 1049 2631 le·

34 2670 103 2729 gem
119 2655 251 2728 Aeliam,
266 2663 389 2716 senatus
405 2656 623 2730 auctoritatem,
641 2659 814 2731 consulem,
832 2659 981 2729 collegas,
996 2653 1049 2714 bo·
1124 2730 1127 2740 Ι

34 2753 143 2798 ιιοιιιιιι
159 2737 305 2798 iudicium
320 2738 392 2798 nihil
407 2746 539 2813 putaret,
560 2740 740 2801 aedilitatem
759 2739 865 2815 petivit
878 2754 946 2799 cum
960 2735 1049 2797 bonis

35 2820 109 2879 viris
127 2829 157 2881 et
170 2819 345 2882 hominibus
360 2820 480 2896 primis,
501 2823 558 2881 sed
572 2839 632 2882 non
651 2820 920 2897 praestantissimis
938 2818 1048 2894 opibus

34 2910 67 2962 et
79 2903 191 2976 gratia:
214 2905 324 2964 tribum
345 2921 434 2974 suom¹
453 2921 514 2970 non
534 2903 614 2979 tulit,
637 2905 800 2966 Palatinam
822 2905 968 2976 denique,
993 2916 1049 2975 per

34 3001 127 3059 quam
142 3002 248 3046 omnes
271 2985 340 3047 illae
362 2995 467 3062 pestes
489 3003 600 3047 vexare
621 2989 849 3063 rempublicam
864 2984 1048 3056 dicebantur,

33 3068 181 3143 perdidit:
208 3085 265 3129 nec
285 3069 450 3145 quidquam
464 3065 523 3130 iltis
538 3069 666 3130 comitiis
683 3072 767 3144 quod
779 3069 852 3131 boni
870 3066 926 3127 viri
938 3067 1049 3126 vellent

32 3150 93 3209 nisi
108 3154 262 3226 repulsam
275 3153 350 3214 tulit
378 3152 496 3212 Videtis
511 3151 601 3227 igitur
615 3154 759 3228 populum
776 3155 890 3227 ipsum,
904 3156 937 3210 ut
950 3151 992 3210 ita
1004 3150 1048 3208 di-

32 3249 116 3305 cam,
132 3233 192 3294 iam
206 3251 267 3295 non
281 3251 351 3295 esse
364 3236 558 3311 popularem,
577 3236 628 3310 qui
647 3237 688 3295 ita
701 3236 895 3296 vehementer
910 3229 1049 3305 eos,qui

31 3317 200 3391 populares
217 3317 378 3390 habentur,
399 3326 538 3394 respuat,
563 3335 618 3378 eos
633 3326 747 3391 autern,
770 3317 822 3396 qui
836 3318 864 3379 ei
878 3315 981 3394 generi
995 3312 1048 3372 ad-

31 3407 206 3473 versantur,
219 3399 336 3463 honore
349 3400 544 3477 dignissimos
558 3400 679 3463 iudicet
989 3422 993 3433 ·
1035 3393 1042 3412 “
