2340 3788
371 223 451 282 cAP.
468 231 598 285 10-13.
620 230 647 291 S·
660 232 793 289 ili-³2·
1038 228 1101 295 133

55 373 174 439 summi
192 382 223 434 et
239 371 401 434 clarissimi
417 372 474 434 viri
496 373 651 435 Saturnini
672 383 703 435 et
724 375 930 449 Gracchorum
950 388 981 442 et
996 380 1099 443 Flacci

56 470 90 521 et
103 457 299 533 superiorum
318 457 522 531 complurium
535 458 685 533 sanguine
699 475 761 519 uon
777 461 869 521 modo
892 479 1009 525 senon
1024 481 1097 527 con-

55 541 254 613 taminarunt,
270 540 327 600 sed
342 539 432 601 etiam
443 540 652 615 honestarunt,
668 549 751 602 certe
766 545 931 604 verendum
946 547 1019 607 mihi
1033 564 1098 609 non

56 633 186 689 eratne
208 621 281 698 quid
302 622 363 682 boc
387 624 539 699 parricida
560 624 670 683 civium
690 624 850 685 interiecto
870 627 1003 690 invidiae
1024 630 1098 692 mibi

56 709 91 770 in
107 705 319 784 posteritatem
336 708 530 767 redundaret.
553 707 641 781 Quod
656 707 684 766 si
698 724 735 768 ea
749 706 822 767 mihi
835 711 966 770 mamma
980 711 1097 788 impen-

57 794 157 864 derel,
171 797 273 851 amen
287 790 346 850 hoc
362 790 463 850 animo
481 789 524 850 lui
539 806 670 866 semper,
685 800 719 853 ut
738 790 884 866 invidiam
899 793 1011 853 virtute
1027 811 1097 870 par-

54 886 121 937 tam
136 871 279 951 gloriam,
301 890 362 934 non
383 873 528 933 iuvidiam
551 882 699 949 putarem.
743 873 795 939 30.
824 874 1014 951 Quamquam
1034 892 1097 938 non

55 955 135 1021 nulli
149 958 264 1017 suntin
279 956 340 1016 hoc
355 956 478 1030 ordine,
501 958 553 1032 qui
575 965 627 1018 aut
643 974 681 1019 ea
697 974 776 1034 quae
796 957 953 1019 imminent
972 975 1035 1019 non
1053 959 1097 1019 vi-

57 1043 156 1103 deant
171 1046 223 1100 aut
244 1056 283 1099 ea
304 1056 384 1114 quae
406 1039 512 1102 vident
532 1040 737 1103 dissimulent:
767 1041 820 1117 qui
840 1059 929 1118 spem
951 1041 1097 1103 Catilinae

55 1123 203 1186 mollibus
214 1123 523 1186 sententiisaluerunt
534 1124 835 1200 coniurationemque
846 1133 1023 1186 nascentem
1035 1140 1097 1184 non

57 1207 216 1270 credendo
231 1208 521 1269 corroboraverunt:
539 1224 668 1284 quorum
680 1210 889 1271 auctoritatem
900 1208 998 1270 secuti
1010 1209 1096 1277 multi

56 1307 123 1354 non
138 1292 237 1351 solum
251 1289 398 1366 improbi,
415 1308 520 1353 verum
535 1291 625 1351 etiam
646 1290 790 1369 imperiti,
815 1291 842 1353 si
856 1295 887 1353 in
904 1293 985 1352 hunc
999 1290 1098 1353 anim-

57 1372 278 1447 advertissem,
301 1374 464 1436 crudeliter
485 1383 516 1436 et
529 1375 613 1450 regie
629 1377 741 1437 iactum
760 1392 832 1437 esse
847 1377 992 1436 dicerent.
1007 1377 1096 1436 Nunc

56 1456 213 1532 intelligo,
229 1456 256 1517 si
273 1458 340 1533 isle,
356 1476 417 1535 quo
433 1459 576 1532 intendit,
591 1459 623 1518 in
637 1460 780 1520 Malliana
794 1469 896 1521 castra
910 1461 1094 1534 pervenerit,

56 1538 212 1602 neminem
228 1548 290 1600 tam
300 1544 424 1604 stultum
435 1545 502 1605 tore
513 1542 566 1618 qui
581 1559 643 1604 non
658 1543 761 1603 videat
774 1543 1015 1605 coniurationem
1023 1536 1096 1605 esse

57 1627 181 1698 iactam,
197 1624 348 1686 nemiuem
362 1634 424 1687 tam
437 1626 610 1701 improbum
630 1628 683 1700 qui
703 1641 765 1685 non
783 1628 919 1687 fateatur.
960 1626 1028 1686 Hoc
1042 1643 1096 1686 au·

56 1718 121 1769 tem
137 1723 200 1768 uno
214 1708 373 1768 interiecto
393 1708 529 1781 intelligo
552 1708 632 1766 hanc
654 1707 700 1767 rei
717 1708 859 1784 publicae
875 1715 996 1784 pestem
1010 1711 1096 1783 paul·

56 1793 157 1867 lisper
171 1789 306 1864 reprimi,
323 1806 387 1849 non
401 1790 433 1848 iu
449 1796 631 1863 perpetuum
646 1789 806 1864 comprimi
820 1806 926 1864 posse.
965 1787 1097 1861 Quodsi

57 1891 93 1936 se
110 1871 240 1934 eiecerit
254 1886 422 1944 secumque
437 1886 513 1931 suos
528 1870 669 1931 eduxerit
683 1880 713 1932 et
729 1872 840 1931 eodem
854 1880 994 1931 caeteros
1009 1870 1097 1930 undi-

58 1974 122 2035 que
139 1954 287 2013 collectos
303 1955 470 2028 naufragos
485 1953 666 2028 adgregant,
682 1952 893 2028 exstinguetur
907 1960 1000 2028 atque
1014 1953 1097 2012 dele-

55 2042 141 2102 bitur
159 2051 222 2096 non
237 2037 328 2098 modo
345 2037 421 2097 baec
442 2046 502 2099 tam
516 2036 620 2097 adulta
634 2038 677 2096 rei
698 2036 840 2112 publicae
856 2035 968 2112 pestis,
993 2051 1098 2096 verum

57 2124 152 2186 etiam
168 2121 262 2196 stirps
277 2137 314 2181 ac
333 2137 438 2182 semen
459 2122 607 2181 malorum
623 2121 766 2183 omnium.
807 2120 885 2180 Xlll.
907 2115 958 2180 al.
978 2118 1098 2181 Etenim

58 2209 121 2268 iam
137 2204 206 2278 diu,
223 2211 325 2280 patres
340 2204 523 2281 conscripti,
543 2204 574 2264 in
589 2205 638 2267 his
653 2203 798 2282 periculis
817 2201 1036 2265 coniurationis
1051 2201 1098 2263 ine

60 2289 213 2364 sidiisque
228 2304 397 2364 versamur,
415 2290 472 2350 sed
486 2288 592 2350 nescIo
611 2307 672 2365 quo
686 2298 777 2365 pacto
797 2286 930 2348 omnium
946 2289 1097 2349 scelerum

60 2389 98 2434 ac
110 2371 225 2456 veteris
243 2373 355 2434 luroris
370 2379 401 2433 et
415 2371 563 2434 audaciae
579 2375 734 2435 maturitas
752 2371 782 2433 in
798 2370 896 2433 nostri
917 2372 1096 2433 consulatus

14 2458 17 2463 ’
59 2467 184 2532 tempus
200 2456 307 2531 erupit
349 2457 438 2531 Quod
453 2455 480 2516 si
497 2472 537 2515 ex
556 2464 639 2517 tanto
655 2455 813 2518 latrocinio
834 2455 892 2516 iste
905 2471 987 2515 unus
1009 2455 1096 2515 tolie-

60 2548 125 2615 tur,
153 2537 324 2599 videbimur
340 2541 473 2601 fortasse
494 2538 532 2597 ad
550 2539 645 2598 breve
667 2540 823 2616 quoddam
837 2546 958 2612 tempus
975 2551 1048 2596 cura
1068 2541 1100 2594 et

59 2631 145 2684 metu
162 2638 234 2682 esse
247 2622 388 2693 relevati,
413 2620 582 2697 periculum
599 2632 700 2684 autem
714 2621 861 2684 residebit
882 2627 913 2680 et
932 2621 988 2679 erit
1001 2617 1098 2677 inclu-

61 2722 132 2767 sum
151 2705 274 2781 penitus
295 2705 326 2765 in
346 2704 435 2765 venis
456 2713 549 2778 atque
571 2704 602 2763 in
618 2704 788 2767 visceribus
802 2705 848 2766 rei
862 2701 1015 2778 publicae.
1059 2699 1100 2760 Ut

62 2804 159 2864 saepe
176 2787 308 2850 hominis
326 2788 410 2863 aegri
424 2788 531 2849 morbo
557 2787 658 2862 gravi,
684 2805 775 2864 quum
789 2795 878 2850 aestu
893 2783 1033 2858 febrique
1056 2782 1099 2842 ia-

62 2880 196 2943 ctantur,
215 2872 242 2933 si
255 2889 368 2949 aquam
384 2872 514 2948 gelidam
528 2869 675 2945 biberint,
690 2872 788 2946 primo
804 2865 934 2929 relevari
948 2867 1098 2939 videntur,

62 2954 177 3017 deinde
198 2956 292 3017 multo
313 2955 439 3032 gravius
463 2952 734 3029 vehementiusque
749 2951 958 3022 adflictantur,
988 2948 1033 3010 sic
1048 2949 1099 3010 hic

60 3039 200 3113 morbus,
217 3039 269 3115 qui
285 3047 335 3101 est
348 3039 380 3099 in
394 3055 428 3099 re
442 3037 580 3114 publica,
598 3039 753 3099 relevatus
767 3035 857 3097 istius
873 3048 989 3108 poena,
1005 3032 1098 3094 velic-

59 3122 196 3184 mentius
219 3121 345 3199 reliquis
367 3122 448 3182 vivis
475 3121 678 3197 ingravescet.
720 3118 771 3181 32.
803 3118 926 3190 Quare
952 3117 1099 3178 secedant

59 3204 210 3283 improbi,
234 3214 396 3267 secernant
411 3223 446 3266 se
464 3204 601 3277 abonis,
623 3221 716 3265 unum
737 3202 768 3262 in
791 3202 893 3262 locum
911 3214 1098 3275 congregen-

59 3299 121 3364 tur,
135 3305 223 3350 muro
239 3288 385 3365 denique,
401 3289 486 3364 quod
499 3304 595 3362 saepe
613 3286 673 3346 iam
690 3285 762 3358 dixi,
780 3283 991 3346 discernantur
1008 3299 1028 3341 a
1043 3297 1098 3375 no·

58 3372 127 3434 bis:
158 3371 302 3433 desinam
314 3370 452 3434 insidiari
469 3371 573 3433 domui
587 3383 663 3431 suae
679 3368 814 3441 consuli,
836 3366 1034 3428 circumstare
1046 3370 1098 3422 trr-

58 3456 158 3519 bunal
173 3454 324 3532 praetoris
338 3454 455 3529 urbani,
468 3452 611 3516 obsidere
626 3469 695 3514 cum
709 3451 819 3529 gladiis
834 3449 958 3523 curiam,
974 3446 1102 3505 malleo·‘
