2332 3772
355 187 577 249 carm-tr.
593 190 619 252 s.
637 195 800 285 rso-713⁷.
860 220 863 227 ·
1045 186 1086 253 dl

63 337 112 399 lati
125 334 257 411 ugera,
271 335 347 411 quid
361 337 513 411 stragulae
528 335 640 409 uestis,
657 337 731 411 quid
745 338 893 411 pictarum
908 340 1085 415 tabularum,

65 420 134 497 quid
162 418 338 493 signorum,
363 418 436 494 quid
459 418 618 478 marmoris
644 420 726 493 apud
750 420 833 480 illurn
857 424 969 497 putatis
996 432 1088 486 esset

65 502 187 563 lantum
206 500 337 575 scilicet,
353 510 498 576 quantum
515 519 532 560 e
546 501 647 561 multis
665 501 896 578 splendidisque
916 507 1038 569 familiis
1055 510 1086 569 in

67 586 148 647 turba
168 592 202 645 et
220 582 346 658 rapinis·
362 584 539 644 coacervari
559 600 620 643 una
639 585 669 643 in
685 585 776 644 domo
790 587 897 659 potuit.
929 588 1086 650 Familiam

69 682 135 729 vero
150 674 298 742 quautam
314 675 346 726 et
360 683 450 741 quarn
466 667 560 726 variis
577 682 645 726 cum
661 666 923 730 artificiis'habeat
938 672 1011 744 quid
1027 688 1085 748 ego

61 748 181 811 dicam?
209 746 281 810 1³4.
310 748 396 810 Mitto
412 750 505 809 hasce
522 757 603 809 artes
617 752 775 823 vulgares,
792 766 926 826 coquos,
942 742 1084 828 pidaras,

70 831 248 893 halicariosa
266 831 358 891 animi
374 841 404 892 et
417 832 535 892 aurium
549 848 643 892 causa
656 840 701 892 tot
714 832 853 893 homines
867 833 972 908 habet,
987 844 1020 896 ut
1034 854 1085 897 co·

70 914 173 975 liliano
188 921 283 974 cantu
297 929 410 974 vocum
427 924 457 977 et
470 931 633 989 nervorum
653 924 683 975 et
704 914 843 975 tibiarum
867 918 1086 993 nocturnisque

72 997 210 1067 conviviis
223 1004 289 1058 tota
302 996 443 1058 vicinitas
457 1006 611 1073 personet.
644 998 677 1056 lu
689 998 747 1058 hae
761 999 838 1068 vita,
855 998 988 1072 iudices,
1006 1017 1086 1075 quos

72 1088 199 1155 amplus
214 1078 402 1156 cotidianos,
418 1097 495 1156 quas
507 1080 674 1141 effusiones
688 1082 755 1141 fieri
769 1082 903 1156 putatist
919 1098 997 1157 quae
1010 1100 1085 1145 vero

73 1162 222 1223 muviviat
236 1162 377 1237 honesta,
391 1164 493 1237 oredo,
509 1163 539 1223 in
555 1164 621 1224 eius
635 1165 717 1224 modi
731 1165 832 1238 domo,
849 1165 876 1225 si
887 1166 997 1226 domus
1008 1166 1085 1226 haec

71 1244 203 1307 menda
220 1254 270 1307 est
283 1245 386 1321 potius
403 1262 494 1322 quara
513 1247 638 1329 ‘ollioiua
654 1247 808 1322 nequitiae
832 1256 862 1309 et
876 1249 1086 1310 deversorium

70 1324 243 1405 lucidorum
263 1328 423 1389 omnium·
439 1327 510 1390 135.
545 1332 616 1405 lpse
633 1346 705 1390 vero
727 1333 981 1406 quemadmodum
1003 1350 1085 1394 eom·

71 1411 158 1485 posito
181 1419 213 1472 et
241 1411 376 1473 delibuto
403 1413 512 1487 capillo
537 1412 654 1488 passim
681 1429 737 1488 per
764 1416 862 1475 lorum
888 1417 994 1477 volitet
1017 1432 1086 1477 cum

70 1508 166 1569 muna
187 1502 314 1555 caterva
333 1504 503 1569 togatorum
528 1495 654 1569 videtis,
679 1496 813 1570 iudices,
840 1507 871 1559 et
889 1515 951 1558 una
973 1498 1084 1561 videtis

69 1584 96 1637 ut
106 1594 212 1639 omues
227 1577 393 1653 despiciat,
408 1587 442 1639 ut
456 1579 609 1639 homiuem
622 1596 698 1654 prae
713 1597 748 1640 se
764 1580 913 1642 nemiuem
931 1589 1030 1657 putet,
1051 1591 1085 1642 ut

69 1674 98 1719 ae
108 1664 206 1723 solum
222 1662 363 1735 beatum,
381 1663 481 1722 solum
494 1671 650 1737 potentem
663 1671 757 1736 putet.
785 1664 868 1736 Quae
883 1681 957 1726 vero
973 1664 1085 1725 eliciat

68 1750 181 1819 atquae
195 1752 340 1817 conetur,
356 1746 382 1804 si
395 1745 488 1805 velim
502 1761 754 1817 commemorare,
768 1763 887 1820 vereor,
901 1747 1031 1820 iudices,
1045 1764 1084 1807 ne

68 1824 128 1900 quis
139 1826 311 1902 imperitior
328 1828 479 1888 existimet
492 1845 541 1887 me
557 1843 680 1889 causam
690 1827 854 1889 nobilitatis
864 1829 1084 1903 victoriamque

66 1910 196 1971 uoluisse
216 1911 350 1970 laedere.
390 1910 522 1971 Tametsi
547 1927 616 1971 meo
645 1909 711 1970 iure
735 1926 877 1983 possum,
902 1910 929 1971 si
957 1910 1031 1984 quid
1053 1911 1085 1968 in

65 1988 116 2051 ltac
126 2000 215 2069 purte
230 1992 304 2053 mihi
319 2010 379 2054 uon
395 1996 514 2069 placeat
526 1992 710 2067 vituperare.
745 1992 811 2052 Nou
829 1991 908 2052 enim
924 2009 1034 2054 vereor
1045 2009 1084 2053 ne

65 2074 128 2149 quis
140 2076 276 2137 alienum
289 2092 337 2136 me
351 2077 484 2138 animum
498 2076 643 2137 habuisse
660 2091 787 2136 acausa
801 2075 965 2137 nobilitatis
980 2075 1081 2137 existi

63 2164 127 2217 me.
152 2158 276 2219 XLVII.
298 2154 368 2220 136.
392 2159 499 2221 Sciunt
512 2160 548 2234 ii,
564 2160 617 2234 qui
631 2177 680 2221 rne
694 2167 819 2234 norunt,
840 2175 889 2219 me
902 2175 959 2235 pro
975 2157 1027 2221 illa
1040 2167 1085 2221 te-

64 2240 113 2299 nui
124 2240 306 2317 infirmaque
321 2250 421 2318 parte,
446 2252 555 2319 postea
577 2260 668 2320 quam
689 2243 721 2302 id
747 2244 829 2317 quod
850 2242 981 2303 maxime
1000 2244 1083 2304 volui

63 2322 122 2383 leri
139 2340 204 2385 non
225 2324 325 2399 potuit
338 2334 370 2387 ut
387 2335 636 2402 componeretur,
655 2326 687 2386 id
701 2326 831 2387 maxime
846 2325 1036 2399 defendisse,
1050 2336 1084 2387 ut

63 2404 266 2481 innuerent,
291 2407 344 2483 qui
360 2409 505 2471 vicerunt.
541 2410 614 2483 Quis
629 2409 709 2470 enim
725 2419 804 2483 erat,
825 2409 952 2485 quinon
966 2411 1084 2469 videret

60 2486 253 2551 humilitatem
270 2506 339 2551 etun
351 2492 507 2571 [dignitate
523 2494 575 2570 de]
589 2493 785 2568 amplitudine
800 2493 1007 2554 contenderet
1021 2506 1082 2565 quo

60 2570 88 2631 lu
103 2574 271 2634 certamine
285 2575 395 2649 perditi
409 2576 486 2636 civis
501 2584 566 2635 erat
582 2592 643 2635 non
653 2592 689 2635 se
703 2576 743 2635 ad
755 2593 810 2637 eos
821 2576 955 2650 iungere,
972 2572 1083 2647 quibus

59 2652 262 2717 incolumibus
277 2665 308 2718 et
321 2657 403 2718 domi
417 2659 548 2734 dignitas
562 2667 593 2718 et
612 2658 687 2718 ioris
708 2658 874 2720 auctoritas
894 2656 1082 2724 retineretur.

60 2736 138 2811 tum
151 2739 294 2815 perfecta
308 2757 378 2802 esse
395 2751 426 2802 et
442 2758 531 2802 suum
547 2740 658 2816 cuique
672 2740 820 2802 honorem
835 2749 865 2802 et
875 2739 1003 2814 gradmn
1014 2736 1083 2795 red-

59 2820 150 2883 ditum
165 2822 303 2896 gaudeo,
320 2823 454 2899 iudices,
470 2825 726 2897 vehementerque
740 2826 850 2896 laetor,
866 2836 965 2894 eaque
983 2819 1084 2880 omnia

60 2903 184 2967 deorum
197 2907 368 2980 voluntate,
388 2908 489 2969 studio
504 2905 610 2983 populi
622 2907 765 2977 Romani,
786 2903 916 2966 consilio
938 2912 969 2964 et
987 2902 1081 2979 impe-

58 2986 99 3049 rio
112 2996 146 3049 et
161 2986 307 3049 felicitate
322 2990 356 3049 L.
378 2990 480 3051 Sullae
502 2998 589 3066 gesta
609 3005 679 3049 esse
703 2988 846 3062 intelligo.
886 2980 957 3047 1³7.
995 2987 1083 3060 Quod

58 3068 303 3133 rumdversum
317 3081 365 3133 eet
379 3072 410 3132 in
430 3090 501 3147 eos,
523 3074 576 3149 qui
599 3080 704 3133 contra
726 3070 807 3132 omni
827 3069 943 3131 ratione
966 3086 1082 3147 pugna-

57 3162 137 3227 mut,
152 3169 219 3214 non
234 3155 333 3216 debeo
348 3156 588 3230 reprehendere:
606 3155 690 3230 quod
703 3153 777 3214 viris
792 3153 935 3226 leuibus,
952 3169 1081 3230 quorum

57 3250 150 3311 opera
164 3236 278 3297 eximia
299 3236 330 3297 in
343 3239 436 3298 rebus
451 3239 592 3314 gerendis
611 3237 738 3313 exstitit,
759 3238 859 3299 honos
881 3236 1003 3297 habitus
1025 3244 1081 3306 est,

57 3317 155 3381 leudo.
190 3318 278 3395 Quae
291 3329 324 3381 ut
337 3320 461 3393 tierent,
475 3322 590 3383 idcirco
605 3328 771 3397 pugnaturn
783 3338 854 3383 esse
868 3320 998 3380 arbitror
1018 3333 1077 3376 me

57 3416 112 3475 que
130 3402 232 3499 iuseo
244 3403 357 3464 studio
373 3406 502 3479 partium
527 3406 622 3466 luisse
650 3404 807 3499 confiteor.
851 3402 904 3464 Sin
927 3409 1027 3461 autem
1050 3398 1081 3459 id
