2340 3788
87 184 154 262 'tta
309 197 384 261 nno
400 196 504 259 noan
517 196 890 261 nnronnnoonnno.
925 206 933 271 ·.

85 351 116 413 ln
132 346 258 427 proeliis
273 338 366 423 quam
384 346 415 407 in
434 345 597 422 promissis
613 355 648 408 et
667 346 729 407 tlte
752 346 941 419 firmiorem
988 350 1027 411 ln

86 434 209 495 domum
223 430 315 505 inire,
329 430 365 491 'tu
386 437 474 491 vetus
487 429 653 505 hospitium
673 442 826 490 renovate
841 432 996 494 vetusti:
1016 443 1032 494 b

86 515 118 576 di
131 520 259 591 penates
274 518 473 589 acceperunt
485 520 518 573 te
529 512 662 573 'maleum
677 521 707 575 et
722 512 884 589 placetum
897 516 1032 577 Meno

86 612 158 660 arae
178 596 303 672 locique
321 592 471 658 tddenntt
513 593 543 656 9.
566 595 662 670 Quum
683 594 890 673 ltcilcoruri,
916 600 1029 659 ΟΜ

80 681 181 743 -aentel
201 678 325 740 exorari
347 681 442 759 soles,
483 679 579 741 Nemo
598 692 742 753 nmquam
759 686 793 738 te
814 680 963 754 plccovit
983 684 1032 744 init

86 765 137 841 qut
153 764 233 825 ullcs
248 760 404 824 medere
419 760 451 822 ln
464 770 497 823 te
510 760 670 823 munands
683 759 831 835 rotiqatus
846 767 1003 828 senserit.
1021 767 1032 841 l

86 860 177 922 quam
189 844 326 909 cuisant
340 844 494 911 inanditae
504 856 577 906 eunt
590 842 732 905 noluere
747 846 906 919 querelae
919 856 1016 909 tutet

85 944 177 1007 quum
194 928 282 989 illum
298 936 332 989 tu
352 927 538 989 cccustoistl
551 926 732 1002 uthorleru,
746 926 805 987 sed
817 935 857 988 ut
872 930 1032 1001 amicant

85 1028 193 1089 parom
207 1012 357 1086 iunctum,
377 1011 462 1087 quod
484 1008 667 1086 propensior
680 1008 712 1068 in
725 1008 782 1069 cn.
797 1009 949 1088 Pompeii
971 1018 1032 1075 ami

86 1096 195 1157 ntteset
214 1110 305 1171 quam
318 1093 348 1155 in
362 1101 464 1173 tuatnr
475 1095 527 1154 oui
541 1101 640 1153 umen
653 1091 715 1166 ipsi
730 1092 775 1153 rei
791 1094 925 1156 omium
939 1104 975 1158 te
989 1100 1032 1159 dat

84 1176 181 1239 luisse
200 1177 339 1248 dicebas,
363 1175 467 1237 situm
480 1174 767 1250 auxilial’ompeim
791 1178 841 1236 ool
865 1177 896 1239 si
923 1179 1032 1241 etiarn:

84 1258 233 1333 misisset,
246 1260 316 1335 lpoe
328 1258 438 1319 celatis
450 1259 652 1321 excusatione
663 1274 741 1318 usus
757 1262 863 1319 esset.'
904 1260 962 1324 ll).
977 1264 1017 1326 lta

83 1340 224 1402 maximis
242 1353 313 1401 eum
335 1340 429 1401 rebus
444 1341 606 1414 liberares,
626 1356 808 1417 perparvom
827 1343 995 1407 amicitiae
1008 1364 1032 1407 et

82 1422 289 1498 relinquebas.
329 1423 437 1498 ltaque
457 1438 520 1484 non
539 1424 639 1484 solum
659 1425 691 1485 in
704 1438 774 1484 eum
786 1438 852 1485 non
866 1428 1032 1491 enimcdnt

85 1504 142 1565 eet
155 1504 237 1564 omni
250 1513 333 1566 metu
346 1504 521 1578 liberavisti,
534 1504 686 1582 hospitem
698 1507 863 1582 agnovisti,
881 1528 997 1586 regem
1006 1528 1032 1573 re

83 1584 132 1648 sti.
156 1584 265 1665 licque
281 1587 361 1649 enim
375 1587 426 1648 ille
438 1587 563 1650 odlotoi
576 1599 829 1665 progressusest,
847 1595 912 1655 sed
923 1610 1031 1658 errore

82 1670 165 1730 muni
184 1671 292 1746 lapsos
312 1679 369 1735 est.
411 1671 442 1731 ls
462 1686 532 1747 rex,
555 1686 645 1748 quern
666 1681 792 1734 cenante
806 1674 873 1735 ltoc
888 1681 1032 1742 namuel

82 1750 399 1817 nomndccntissimle
419 1754 551 1816 decretis
562 1757 805 1831 uppellavieset,
829 1758 961 1837 quique
977 1763 1032 1825 illu

82 1835 184 1897 dinem
197 1836 237 1896 cb
251 1837 460 1898 adolescentia
473 1839 686 1912 medecinam
702 1839 1007 1923 sanctissimumque
1020 1849 1032 1907 d

82 1927 138 1991 eet,
151 1919 263 1981 iisdem
276 1921 369 1983 rebus
383 1928 432 1982 est
443 1921 638 1997 perturbatus
657 1922 749 1982 homo
766 1923 968 2002 longinquus
980 1941 1032 1992 etr

81 2014 168 2077 geno,
183 2003 295 2079 mribus
307 2020 364 2065 nos
378 2003 408 2063 in
424 2004 525 2064 media
540 2004 706 2078 republica
721 2005 781 2066 nati
794 2020 994 2088 semperque
1004 2027 1032 2072 vt

81 2084 133 2144 IV.
156 2084 204 2147 ll.
223 2086 318 2160 Quum
332 2086 450 2147 audiret
465 2097 589 2148 senatus
605 2087 821 2149 consentientis
837 2098 1027 2158 auctor-itote

81 2177 200 2242 sumpta
212 2184 302 2242 esse,
324 2169 515 2244 consulibus,
532 2172 738 2245 praetoribus,
752 2171 888 2235 tribunis
905 2180 1032 2254 plebio:

81 2248 314 2323 imperatoribus
328 2269 391 2312 rem
406 2253 556 2328 publicam
572 2255 793 2329 defendendam
805 2256 926 2334 datam,
942 2265 1032 2324 move

80 2330 180 2392 animo
201 2340 230 2392 et
247 2333 292 2392 vir
312 2336 382 2395 huic
396 2335 523 2410 imperio
540 2337 742 2398 anrioissimus
760 2338 800 2397 de
814 2340 922 2404 salute
938 2349 1032 2422 popul

79 2413 159 2474 moni
174 2415 406 2490 extimescebat,
425 2418 458 2478 in
481 2435 541 2494 qun
562 2419 651 2480 etiam
675 2436 760 2480 suam
775 2437 847 2481 esse
864 2425 1023 2491 inclusam

79 2497 139 2557 bat.
181 2499 215 2556 ln
241 2515 358 2561 summo
380 2510 480 2561 tamen
502 2502 610 2562 timore
632 2503 851 2578 quiescendum
877 2511 942 2571 sibi
959 2528 1030 2575 esse

78 2578 220 2642 trabatur.
255 2584 385 2644 Maxime
400 2600 475 2645 vero
490 2586 680 2659 perturbatus
695 2595 756 2659 est,
773 2596 805 2647 ut
819 2591 964 2670 audivit,
978 2612 1032 2658 eon

81 2678 119 2722 ex
139 2664 225 2726 ltalia
246 2666 421 2742 profugisse
449 2684 617 2744 omnesque
648 2673 827 2730 consulares
846 2707 895 2721 --
925 2678 975 2739 sic
996 2694 1031 2741 en

77 2747 278 2808 nunciabatur
285 2784 335 2822 -‚
344 2759 485 2810 cunctum
499 2761 644 2824 senatum,
656 2754 870 2816 totumlteliom
880 2759 1029 2824 effusam.

77 2829 136 2890 bus
157 2831 237 2890 enim
259 2833 377 2893 nunciis
403 2841 433 2894 et
454 2832 624 2896 rumoribus
643 2839 765 2910 patebat
793 2839 832 2897 ad
869 2844 1027 2908 orientem

76 2913 150 2973 nulli
165 2914 229 2974 veri
245 2915 346 2976 nuncii
363 2917 635 2992 subsequebantur.
663 2920 739 2979 Nihil
755 2920 804 2980 ille
820 2923 859 2983 de
877 2930 1032 2991 condicio

76 2994 151 3071 tuis,
173 2997 247 3058 nihil
271 3000 309 3060 de
324 3000 424 3060 studio
443 3002 626 3063 concordiae
642 3012 671 3063 et
687 3003 787 3076 pacis,
806 3006 884 3067 nihil
900 3012 947 3072 de
965 3030 1032 3074 com

78 3076 159 3138 tione
182 3081 326 3144 audiebat
346 3089 504 3145 certorum
519 3085 672 3146 hominum
693 3095 798 3146 eontra
821 3090 1032 3164 dignitatemr

79 3158 161 3232 Quae
184 3182 275 3238 quum
297 3168 337 3228 itu
355 3177 472 3239 essent,
496 3175 596 3228 tamen
620 3186 720 3245 usque
741 3186 778 3230 eo
800 3186 836 3231 se
851 3180 973 3254 tenuit,
988 3198 1032 3257 qttt

76 3242 130 3303 Cn.
144 3243 289 3322 Pompeio
301 3251 339 3310 nd
354 3265 422 3312 eum
434 3252 523 3327 legati
535 3252 711 3328 litteraeque
723 3264 884 3315 venerunt.
912 3261 966 3324 12.
982 3266 1032 3340 lgr

73 3324 211 3402 ignosce,
232 3331 353 3406 Caesar,
368 3333 394 3394 si
407 3333 473 3395 eius
491 3335 545 3394 viri
559 3338 728 3398 auctoritati
747 3353 801 3396 rex
819 3339 998 3409 Deiotarus
1018 3364 1032 3409 a

74 3424 163 3482 quem
171 3428 228 3473 nos
236 3430 341 3475 omnes
351 3417 445 3477 secuti
454 3434 559 3478 sumus
567 3441 573 3474 ε
581 3421 620 3478 ad
629 3437 717 3494 quem
726 3437 818 3496 quum
827 3424 859 3494 dj
871 3435 976 3505 atque
984 3432 1032 3493 hor
