2340 3788
388 198 470 258 CAP.
486 205 582 262 4—0.
603 205 759 269 §.b—ld
1032 204 1096 269 235

63 362 159 425 quum
176 347 382 409 mediocribus
399 348 499 409 mattis
514 358 544 409 et
557 357 611 409 aut
625 351 707 409 nulia
721 358 773 410 aut
792 349 896 411 hunili
911 351 1014 426 aliqua
1028 362 1092 414 arte

62 429 211 508 praeditis
224 431 353 506 gratuito
369 432 521 492 civitatem
531 431 562 491 in
577 431 705 492 Graecia
718 431 858 493 homines
871 435 1090 508 impertiebant,

60 513 220 588 Rheginos
235 516 328 574 credo
344 523 397 575 aut
410 516 581 576 Locrenses
595 523 647 574 aut
662 516 879 589 Neapolitanos
893 526 945 577 aut
958 517 1091 579 Tarenti·

61 612 138 670 nos,
166 598 251 671 quod
279 597 430 658 scaenicis
459 598 626 658 artificibus
652 597 755 672 largiri
781 599 935 672 solebant,
962 600 995 659 id
1020 601 1092 662 huic

62 694 183 742 summa
197 680 311 754 ingenti
325 680 463 757 praedito
477 681 574 755 gloria
587 680 741 741 noluisse!
759 680 859 754 Quid?
873 691 966 755 quum
981 684 1092 744 caeteri

59 775 124 824 non
137 763 230 823 modo
244 771 316 838 post
338 763 488 824 civitatem
509 764 625 834 domm,
646 764 703 824 sed
724 764 814 824 etiam
834 772 907 838 post
925 764 1023 836 legem
1036 765 1091 825 Pa·

59 849 144 923 piam
162 847 267 921 aliquo
291 847 382 907 modo
404 848 434 904 in
456 861 559 906 eorum
576 846 806 921 municipiorum
826 846 946 907 tabutas
960 846 1091 921 irrepse-

59 936 145 1002 rnnt‚
161 926 226 1002 hlc,
243 929 297 1004 qui
313 946 352 988 ne
369 929 461 990 utitur
475 928 598 1004 quidem
614 929 688 1002 inis,
713 929 742 988 in
760 929 871 1004 quibus
886 938 933 989 est
948 929 1090 1004 scriptus,
1120 964 1123 969 -

60 1013 146 1089 quod
164 1026 287 1087 semper
303 1030 338 1072 se
354 1011 581 1072 Heracliensem
605 1029 675 1073 csse
696 1013 806 1086 voluit,
830 1011 1005 1072 reiicieturt
1035 1011 1089 1074 11.

60 1096 180 1170 Census
198 1103 320 1156 nostros
340 1094 471 1171 requiris
490 1095 614 1156 seilicet.
656 1097 712 1156 Est
732 1096 813 1156 enirn
834 1096 999 1156 obscurum
1020 1111 1090 1170 pro·
1130 1138 1133 1143 ,

59 1179 151 1239 nimis
165 1179 345 1238 censoribus
356 1179 435 1251 huno
450 1194 518 1238 curn
533 1179 701 1239 clarissimo
716 1180 899 1254 imperatore
915 1179 947 1238 L.
964 1179 1089 1239 Lucullo
1103 1243 1107 1250 Ι

58 1262 144 1337 apud
161 1263 326 1322 exercitum
344 1261 455 1335 fuisse,
479 1262 689 1337 superioribus
711 1279 780 1322 cum
801 1263 910 1323 eodem
925 1270 1090 1336 quaestore

59 1344 157 1405 tuisse
179 1344 209 1403 in
224 1345 313 1418 Asia,
337 1344 442 1420 primis
457 1346 533 1406 lulio
555 1353 584 1405 et
598 1346 709 1406 crasso
726 1348 838 1407 nuliam
854 1347 960 1421 popuii
974 1354 1090 1420 partem

60 1444 132 1489 esse
149 1435 282 1488 censam.
324 1426 387 1489 Sed
402 1431 546 1504 quoniam
561 1444 674 1491 census
688 1446 750 1490 non
768 1429 816 1490 ius
834 1428 964 1489 civitatis
980 1428 1089 1489 contir-

59 1519 121 1571 mat
135 1528 171 1571 ac
184 1519 300 1573 tanturn
314 1513 406 1573 modo
422 1511 536 1573 indicat
549 1529 627 1585 eum,
647 1514 699 1589 qui
715 1514 754 1574 sit
765 1528 886 1585 consus,
904 1529 939 1573 se
953 1512 1013 1572 iam
1026 1519 1089 1571 tum

58 1592 196 1669 gessisse
219 1610 275 1670 pro
299 1596 381 1668 cive,
406 1595 444 1655 iis
464 1595 668 1670 temporibus,
699 1612 789 1670 quem
811 1605 844 1655 tu
864 1595 1032 1656 criminaris
1049 1610 1089 1654 ne

57 1676 157 1751 ipsius
175 1679 297 1752 quidem
318 1678 430 1737 iudicio
451 1677 482 1736 in
503 1677 613 1738 civium
627 1680 832 1738 Romanorum
850 1677 916 1738 iure
932 1694 1004 1738 esse
1021 1694 1087 1737 ver·

57 1768 173 1830 saturn,
199 1766 229 1818 et
248 1768 461 1820 testamentum
485 1776 580 1834 saepe
600 1760 670 1819 iecit
690 1761 804 1820 nostris
823 1760 942 1833 legibus
964 1768 995 1819 et
1015 1759 1088 1818 adiit

56 1840 243 1903 hereditates
264 1841 375 1900 civium
390 1840 595 1902 Romanorum
616 1850 646 1900 et
664 1841 695 1899 in
710 1841 867 1902 beneficiis
886 1843 925 1900 ad
939 1842 1087 1900 aerarium

55 1927 178 1986 delatus
193 1923 311 1982 estaL
323 1923 448 1983 Lucullo
464 1938 521 2018 pro
535 1924 671 1984 consule.
702 1924 754 1984 Vl.
770 1924 887 1998 Quaere
902 1930 1086 1996 argumenta,

57 2009 86 2068 si
99 2020 160 2081 qua
174 2011 278 2080 potes·
296 2021 458 2082 numquam
474 2005 553 2066 enim
567 2006 618 2066 hic
629 2022 729 2118 neque
741 2024 797 2067 suo
810 2022 911 2081 neque
923 2005 1087 2065 amicorum

56 2089 171 2150 iudicio
186 2088 368 2150 revincetur

144 2164 345 2246 reponeres
361 2189 380 2232 a
396 2171 495 2246 nobis,
513 2172 605 2246 Grati,
623 2188 677 2234 cur
687 2180 771 2234 tanto
783 2188 877 2248 opere
891 2172 950 2233 boo
964 2170 1086 2233 bomine

58 2257 250 2316 delectemur.
292 2256 366 2330 Quia
387 2257 561 2331 suppeditat
585 2256 676 2317 nobis
697 2257 749 2317 ubi
774 2264 805 2316 et
824 2256 941 2316 animus
965 2272 1006 2315 ex
1026 2255 1086 2316 boe

58 2338 172 2399 forensi
200 2339 326 2414 strepitu
348 2339 502 2401 reficiatur
524 2351 666 2407 stauros
689 2340 828 2400 convicio
850 2340 992 2400 defessae
1014 2355 1086 2400 con·

59 2423 227 2496 quiescant.
257 2425 305 2481 'An
319 2429 352 2482 tu
366 2422 522 2483 existimas
538 2432 589 2484 aut
605 2433 771 2499 suppetere
784 2422 873 2484 nobis
891 2439 987 2497 posse
1002 2422 1086 2497 quod

58 2503 169 2565 cotidie
183 2505 320 2581 dicamus
334 2505 364 2564 in
379 2513 462 2566 tanta
474 2508 621 2568 varietata
634 2522 744 2578 rerum,
761 2506 820 2567 nisi
830 2507 949 2566 animos
961 2514 1085 2564 nostros

57 2587 194 2647 doctrina
209 2589 400 2660 excolamus,
425 2597 477 2650 aut
491 2591 569 2650 ferre
585 2591 703 2651 animos
720 2597 831 2650 tentam
849 2604 943 2664 posse
961 2594 1085 2647 conten·

56 2671 177 2742 tionem,
187 2671 253 2745 nisi
268 2686 323 2731 eos
338 2672 476 2732 doctrina
489 2674 597 2735 eadem
610 2670 805 2733 relaxemus?
826 2672 890 2747 ugo
903 2687 977 2731 vero
989 2671 1087 2728 fateor

56 2769 105 2812 me
120 2753 168 2813 his
186 2754 295 2815 studiis
313 2769 383 2814 esse
398 2756 547 2816 deditumz
573 2764 713 2816 caeteros
728 2756 856 2830 pudeat,
878 2753 976 2828 siqui
995 2766 1031 2810 se
1044 2749 1086 2829 ita
1111 2802 1114 2808 .

56 2836 161 2896 litteris
175 2837 370 2911 abdiderunt,
391 2848 423 2898 ut
443 2838 515 2897 nihii
529 2839 651 2912 possint
664 2854 704 2898 ex
717 2837 765 2899 his
780 2852 883 2912 neque
897 2837 937 2895 ad
951 2848 1085 2896 commu·

55 2934 125 2977 nem
139 2920 259 2980 adferre
275 2921 402 2982 fructum
418 2937 518 2995 neque
533 2922 563 2980 in
579 2930 736 2994 aspectum
756 2923 916 2994 lucemque
933 2918 1084 2993 protom:

55 3010 218 3063 meantem
234 3002 307 3077 quid
323 3004 450 3080 pudeat,
469 3005 522 3079 qui
535 3013 579 3065 tot
593 3020 691 3064 annos
707 3005 749 3064 ita
763 3003 849 3076 vivo,
873 3001 1006 3074 iudices,
1021 3008 1085 3061 uta

54 3085 166 3145 nuliius
182 3100 325 3163 umquam
341 3104 389 3148 mc
403 3095 540 3162 tempore
554 3097 606 3147 aut
624 3088 784 3148 commodo
803 3093 855 3146 aut
871 3083 971 3145 ocium
985 3098 1085 3144 meum

54 3167 238 3229 abstraxerit
254 3178 306 3230 aut
321 3173 463 3244 voiuptas
480 3171 615 3229 avocarit
632 3180 683 3230 aut
698 3169 832 3244 denique
849 3182 975 3229 somnus
990 3176 1084 3227 retar-

54 3250 154 3311 nanta
182 3250 232 3313 le.
244 3252 353 3325 Quare
364 3253 435 3328 quis
450 3253 571 3312 tandem
585 3268 634 3311 me
648 3253 851 3327 reprehendat
863 3259 916 3312 aut
929 3250 999 3326 quis
1012 3248 1085 3308 mibi

53 3329 121 3391 iure
136 3342 328 3406 succenseat,
347 3334 382 3407 si,
402 3344 547 3411 quantum
563 3334 690 3395 caeteris
705 3335 745 3394 ad
760 3350 833 3395 suas
846 3350 898 3395 res
916 3332 1086 3403 obeundas,
