2340 3788
294 140 682 237 caP.s-11.s.as-s1.
779 198 784 217 =
866 126 870 151 Ι
934 174 996 239 loll

54 319 177 395 ertavil,
191 320 278 394 plura
291 320 370 378 bella
384 319 480 394 gessit
496 335 586 394 quam
600 322 712 381 caeteri
725 322 875 397 legerunt,
891 325 996 400 plures
1047 326 1050 334 '

54 402 154 463 incias
171 400 303 462 confecit
324 418 415 476 quam
436 400 487 460 alii
508 403 760 478 concupivemnt,
785 405 873 467 cuim
892 408 996 468 adole-

54 486 91 546 lia
105 487 145 544 ad
160 483 315 544 seientiam
330 483 374 544 rei
388 482 523 544 militaris
538 500 600 544 non
616 483 723 544 alienis
733 489 925 563 praeceptis,
939 490 994 550 sed

54 567 203 642 imperiis,
217 583 278 626 non
294 566 514 627 offensionibus
529 566 615 638 belli,
630 568 687 626 sed
702 567 849 643 victoriis,
863 588 924 631 uon
943 572 995 633 sti-

54 650 105 725 iis,
120 651 176 710 sed
186 649 346 725 triumphis
356 659 405 710 est
415 649 542 711 erudita.
573 650 661 722 Quod
675 649 807 724 denique
816 666 912 725 genus
924 671 994 715 esse

57 741 170 809 potest,
184 732 215 791 in
232 748 292 807 quo
304 732 387 792 illum
398 748 460 793 non
470 732 640 792 exercuerit
651 733 771 792 lortuna
779 733 825 792 rei
837 730 996 807 pueliam

54 830 81 888 e,
102 815 293 887 Africanum,
312 810 555 889 Transalpinum,
576 814 795 889 Hispaniense,
815 816 939 877 mixtum
957 835 996 877 ex

54 897 144 959 itibus
155 905 247 972 atque
259 914 299 957 ex
308 896 548 957 bellicosissimis
560 896 741 970 nationibus,
754 897 874 972 servile,
888 901 996 960 navale

54 998 100 1054 m,
115 980 199 1040 varia
214 988 244 1041 et
257 978 379 1040 diversa
392 995 504 1054 genera
519 987 549 1039 et
562 981 709 1041 bellonam
725 990 754 1041 et
771 980 920 1055 hostium,
933 998 995 1042 non

54 1063 223 1138 ngestaab
235 1063 376 1135 acauno,
391 1062 448 1122 sed
459 1061 548 1123 otiam
562 1065 710 1135 conlecta,
725 1065 838 1124 nullam
848 1080 912 1124 rem
924 1079 996 1125 essc

54 1154 128 1207 nant
142 1146 173 1205 in
188 1162 248 1206 usu
264 1143 395 1221 positam
410 1144 543 1219 militari,
563 1162 643 1222 quae
662 1145 751 1207 huius
766 1147 820 1206 viri
837 1145 994 1208 seientiam

54 1246 78 1289 ·e
95 1228 203 1304 possit.
588 1242 594 1247 ·

54 1313 105 1372 xl.
122 1311 173 1372 29.
192 1313 254 1370 lara
268 1326 341 1374 vero
355 1309 458 1372 virtuti
473 1312 523 1371 cn.
535 1310 671 1388 Pompeii
689 1328 767 1387 quae
781 1319 884 1388 potest
898 1312 993 1374 oratio

54 1393 197 1455 invenirit
224 1394 301 1467 Quid
322 1399 371 1456 est
387 1394 471 1470 quod
486 1394 647 1470 quisquam
664 1402 716 1456 aut
735 1394 787 1455 illo
803 1394 927 1470 dignum
942 1404 995 1456 aul

54 1497 60 1536 r
76 1494 189 1539 novum
205 1485 257 1538 aut
271 1477 412 1554 cuiquam
425 1477 591 1539 inauditum
604 1478 706 1553 possit
719 1478 861 1539 adferret
886 1479 994 1554 Neque

66 1561 136 1621 illae
151 1568 221 1622 sunt
237 1561 321 1622 solae
336 1562 464 1621 virtutes
478 1559 701 1636 imperatoriae,
725 1579 804 1636 quae
819 1562 912 1636 vulgo
929 1563 993 1622 exi-

54 1653 145 1719 mtur,
159 1645 246 1704 labor
258 1643 290 1704 in
302 1642 456 1718 negociis,
468 1643 610 1705 fortitudo
625 1642 656 1702 in
671 1644 829 1717 periculis,
845 1643 993 1706 industria

54 1729 146 1800 endo,
162 1725 300 1787 celeritas
311 1723 343 1784 in
353 1721 553 1797 conficiendo,
568 1725 727 1786 consilium
743 1726 773 1785 in
787 1728 992 1801 providendo:

63 1817 148 1868 tanta
165 1807 279 1868 suntin
293 1807 352 1866 hoe
367 1823 443 1876 uno,
466 1815 578 1878 quanta
599 1808 630 1866 in
645 1805 785 1868 omnibus
798 1807 925 1881 reliquis
939 1810 992 1866 im-

56 1892 180 1961 oribus,
204 1904 283 1963 quos
297 1894 350 1947 aut
364 1884 496 1946 vidimus
510 1895 562 1947 aut
576 1887 761 1959 audiuimus,
783 1905 846 1948 non
864 1889 993 1948 luerunt.

54 1971 144 2033 Testis
167 1977 215 2031 est
238 1968 337 2041 ltalia,
361 1984 452 2044 quarn
472 1968 522 2029 ille
541 1969 611 2046 ipse
629 1970 727 2030 victor
744 1970 777 2028 L.
799 1968 883 2030 Sulla
902 1969 993 2030 huius

54 2069 81 2118 te
98 2063 129 2114 et
143 2049 280 2114 subsidio
292 2052 454 2113 confessus
465 2061 513 2114 est
520 2052 684 2116 liberatam.
712 2051 811 2113 Testis
823 2051 993 2125 estSieilia,

54 2160 62 2199 ι
76 2137 179 2198 mullis
192 2137 327 2212 undique
337 2134 466 2196 cinctam
478 2136 623 2212 periculis
637 2153 698 2197 non
712 2145 828 2197 terrore
841 2133 920 2208 belli,
937 2138 994 2197 sed

54 2222 91 2282 ‚lii
107 2220 258 2282 celeritate
275 2219 446 2295 explicavit.
475 2220 573 2282 Testis
586 2229 635 2282 est
647 2220 766 2291 Africa,
783 2236 861 2295 quae
875 2219 991 2295 magnis

54 2321 124 2365 essa
143 2305 275 2366 hostium
298 2300 397 2378 copiis
421 2319 525 2365 eorum
550 2303 687 2380 ipsorum
714 2304 861 2379 sanguine
882 2304 992 2365 redun-
1107 2326 1111 2335 ·

54 2430 62 2446 .
91 2386 189 2448 Testis
203 2395 252 2448 est
265 2386 376 2458 Gallia,
396 2402 452 2461 per
469 2404 559 2460 quam
574 2385 745 2461 legionibus
762 2384 875 2448 nostris
888 2387 945 2447 iter
960 2386 991 2447 in

54 2470 148 2532 aniam
163 2470 315 2531 Gallorum
331 2468 527 2529 internicione
544 2472 727 2544 patefactam
741 2479 797 2530 est.
830 2469 929 2531 Testis
944 2478 992 2529 est

54 2553 128 2625 ania,
144 2570 222 2628 quae
234 2551 415 2627 saepissime
427 2551 572 2625 plurimos
587 2554 691 2614 hostes
703 2553 741 2613 ab
755 2553 815 2615 hoe
830 2559 991 2627 superatos

54 2644 203 2711 ratasque
218 2636 387 2710 conspexit
418 2633 516 2694 Testis
535 2643 582 2696 est
594 2636 700 2697 ilerum
714 2644 747 2697 el·
759 2636 882 2710 saepius
897 2631 990 2702 ltalia,

65 2736 158 2795 quum
174 2718 276 2780 servili
287 2719 367 2778 bello
383 2723 478 2778 metro
493 2717 729 2795 periculosoque
743 2724 939 2794 premeretur,
953 2714 991 2774 ab

54 2802 193 2864 auxilium
209 2803 335 2862 ahsente
351 2798 509 2875 expetivit:
537 2803 620 2876 quod
634 2803 746 2862 bellum
761 2796 992 2874 exspectatione
1032 2810 1035 2819 ·
1087 2830 1092 2853 .

54 2893 235 2947 attenuatum
251 2894 341 2959 atque
358 2883 544 2945 imminutum
560 2893 621 2955 est,
643 2885 775 2944 adventu
793 2881 942 2942 sublatum
955 2895 992 2941 ae

54 2971 133 3030 llum.
179 2967 229 3030 31.
256 2968 361 3027 Testes
386 2983 465 3026 nunc
489 2983 563 3049 uero
589 2966 647 3026 iarn
673 2982 779 3026 omnes
805 2979 877 3025 orae
899 2973 991 3040 atquc

54 3070 77 3113 ts
90 3062 212 3112 exterae
219 3060 324 3126 gentes
336 3066 371 3110 ac
380 3051 528 3124 nationes,
540 3049 671 3124 denique
681 3049 776 3109 maria
788 3046 888 3110 omnia
899 3065 990 3123 quum

54 3152 114 3195 ersa
137 3144 199 3194 tum
225 3134 255 3193 in
281 3133 406 3208 singulis
431 3133 491 3193 oris
518 3145 623 3193 omnes
648 3133 734 3193 sinus
759 3139 850 3206 atque
874 3141 990 3206 portus.

67 3217 148 3279 enim
168 3226 231 3278 toto
253 3218 327 3276 mari
347 3217 434 3276 loeus
454 3232 509 3291 per
530 3217 588 3276 hos
605 3232 703 3276 annos
725 3224 776 3277 aut
794 3223 854 3275 tam
872 3217 991 3283 firmum

54 3301 75 3362 it
93 3299 292 3377 praesidium,
316 3308 349 3360 ut
362 3307 443 3360 tutus
460 3309 556 3371 esset,
580 3307 632 3359 aut
650 3307 710 3359 tarn
730 3298 784 3360 luit
804 3298 937 3369 abditus,
957 3303 992 3355 ut

54 3391 96 3446 etl
133 3383 205 3458 Quis
219 3383 369 3459 navigavit
389 3382 441 3457 qui
454 3398 515 3442 non
536 3398 570 3443 se
584 3390 637 3442 aut
652 3382 755 3444 mortis
772 3391 824 3444 aut
838 3377 990 3442 servitutis
