2340 3788
101 181 165 251 228
398 178 472 241 PRO
489 180 520 242 P.
539 179 663 241 SULLA
680 178 830 240 ORATIO.

101 340 154 394 aut
173 330 215 393 ita
228 329 305 406 grati
320 348 398 406 quos
416 329 551 405 servavi,
574 338 607 391 nt
621 345 678 404 ego
693 327 765 389 mihi
781 329 851 402 plus
871 335 1017 403 appetere
1033 345 1130 392 coner

103 431 193 490 quam
208 422 353 489 quantum
368 429 473 474 omnes
486 410 598 472 inimici
611 410 767 487 invidique
779 409 937 485 patiantur.
964 409 1015 473 85.
1028 412 1131 475 Grave
1157 467 1160 474 ,

103 512 174 558 esse
192 496 310 557 videtur
325 513 409 568 eum,
427 496 479 571 qui
496 493 684 570 investigarit
700 491 952 567 coniurationem,
975 494 1035 569 qui
1044 504 1131 570 pate-

103 578 216 651 fecerit,
234 578 286 654 qui
300 578 498 655 oppresserit,
518 577 568 639 cui
583 585 706 638 senatus
724 574 926 651 singularibus
943 576 1046 638 verbis
1061 594 1130 652 gra·

102 661 160 721 tias
177 662 285 736 egerit,
309 662 358 723 cui
371 662 424 722 uni
438 670 541 737 togato
556 658 809 736 supplicationem
823 659 1006 732 decreverit,
1024 660 1129 723 dicere

101 744 133 804 in
154 743 282 806 iudicior
308 746 375 806 Non
395 745 605 819 defenderem,
633 743 660 804 si
675 743 873 804 coniurasset
906 743 973 802 Non
994 742 1065 804 dico
1087 743 1128 816 id,

103 828 188 902 quod
203 843 296 903 grave
311 837 372 889 est:
397 828 465 888 dico
481 828 568 900 illud,
586 827 670 903 quod
685 826 716 886 in
730 824 777 886 his
792 824 894 886 censis
910 824 1129 892 coniurationis

102 926 164 970 non
179 911 348 973 auctoritati
367 911 539 984 adsumam,
564 908 620 971 s'ed
640 909 750 985 pudori
763 925 846 970 mco:
877 908 941 982 Ego
958 908 1009 968 ille
1024 907 1130 970 coniu-

102 993 228 1054 rationis
249 991 446 1068 investigator
466 1002 558 1069 atque
577 995 656 1054 ultor
675 1002 756 1053 certe
771 1008 832 1068 non
850 992 1046 1051 defenderem
1061 990 1130 1052 Sul-

102 1077 172 1148 lam,
190 1078 215 1136 si
228 1077 406 1138 coniurasse
418 1077 587 1138 arbitrarer.
608 1076 684 1152 Ego,
698 1074 825 1147 iudices,
840 1075 879 1135 do
890 1073 981 1134 tantis
995 1073 1130 1135 omnium

103 1159 247 1233 periculis
263 1177 356 1235 quum
372 1175 550 1233 quaererem
564 1159 681 1234 omnia,
694 1159 787 1219 multa
800 1156 950 1231 audirem,
973 1157 1130 1218 crederem

102 1257 164 1303 non
180 1241 289 1315 omnia,
307 1256 448 1302 caverem
463 1242 576 1316 omnia,
592 1243 661 1303 dico
676 1242 748 1313 hoc,
768 1241 852 1316 quod
866 1239 951 1300 initio
969 1237 1048 1312 dixi,
1063 1240 1142 1300 nul·-

31 1361 35 1376 .
103 1323 162 1383 llus
173 1322 296 1397 indicio,
312 1324 423 1385 nullius
434 1325 554 1398 nuncio,
571 1325 681 1391 nultius
696 1322 880 1398 suspicione,
896 1322 1007 1382 nullius
1022 1322 1068 1383 litt
1068 1322 1129 1382 eris

104 1405 186 1464 deP
201 1404 286 1466 Sulla
298 1423 362 1467 ram
377 1408 466 1467 ullam
481 1410 521 1468 ad
535 1424 583 1468 me
596 1423 668 1468 esse
681 1409 820 1467 delatam.
852 1406 954 1466 XXXI.
969 1404 1019 1466 86.
1035 1405 1129 1500 Quam

104 1485 143 1546 ob
154 1503 218 1547 rem
231 1505 319 1562 vos,
313 1489 345 1549 di
359 1488 447 1564 patrii
461 1507 497 1551 ac
508 1498 645 1586 penates,
662 1507 714 1565 qur
705 1488 797 1550 huie
810 1487 878 1549 urbi
894 1497 986 1563 atque
1000 1487 1071 1548 huic
1084 1489 1130 1547 rei

103 1562 244 1647 publica'e
257 1571 448 1646 praesidetis,
465 1590 518 1649 qur
509 1571 612 1634 '‘hoc
603 1573 770 1647 imperium,
792 1590 844 1647 qur
835 1571 937 1632 hano
950 1571 1128 1644 libertatem,

105 1651 157 1725 qui
171 1655 318 1728 populum
328 1656 505 1728 Romanum,
523 1675 574 1731 qm
566 1656 664 1717 hoec
676 1663 754 1717 tecta
765 1663 857 1730 atque
870 1655 983 1749 templa
995 1670 1044 1714 me
1057 1671 1129 1715 con

105 1737 171 1796 sule
185 1746 288 1800 vestro
303 1739 424 1813 numine
443 1738 620 1815 auxilioque
644 1737 805 1812 servastis,
825 1746 920 1798 testor
939 1735 1058 1813 integro
1080 1752 1130 1796 me

104 1819 204 1880 animo
224 1833 262 1881 ac
283 1820 378 1882 libero
393 1823 425 1880 Ρ.
446 1821 548 1883 Sullae
568 1838 692 1883 oausam
712 1822 889 1881 defendere:
917 1821 1032 1885 nullum
1049 1835 1131 1879 ame

105 1899 220 1963 sciente
241 1903 359 1965 lacinus
381 1907 481 1967 occult
469 1905 540 1979 tari,
565 1908 680 1967 nullum
700 1905 802 1966 scelus
825 1911 1000 1978 susceptum
1023 1910 1131 1963 contra

106 1985 234 2045 salutem
250 1987 383 2048 omnium
398 1988 521 2048 defendi
534 2005 570 2049 ac
585 1991 655 2063 tegi.
695 1987 775 2047 Nihil
795 1987 833 2046 de
849 1987 908 2047 hoc
925 1986 1034 2047 consul
1048 2001 1130 2044 com·

105 2066 181 2148 peri,
195 2067 268 2126 nihil
282 2069 418 2145 suspicet
420 2088 455 2131 us
471 2088 546 2143 sum,
564 2071 637 2130 nihil
648 2069 760 2131 audivi.
791 2067 841 2131 87.
855 2070 961 2142 Itaque
974 2069 1130 2128 idemo
1070 2083 1130 2142 ego

104 2147 163 2221 ille,
181 2149 233 2224 qui
249 2151 436 2213 vehemens
428 2171 459 2212 ιιι
473 2153 566 2227 alios,
583 2170 643 2228 qm
626 2151 866 2213 '‘Inexorabilis
858 2168 889 2211 ιιι
905 2159 1042 2212 caeteros
1058 2167 1131 2210 esse

104 2229 191 2290 visus
206 2249 288 2304 sum,
311 2236 447 2309 persolvi
468 2237 583 2311 patriae
608 2236 691 2311 quod
711 2233 816 2295 debui:
838 2233 977 2309 reliqua'
969 2251 1028 2294 ram
1047 2251 1067 2292 a
1081 2250 1130 2293 me

105 2328 192 2373 meae
208 2325 375 2389 perpetuae
387 2319 597 2379 consuetudini
609 2327 795 2393 naturaeque
806 2319 968 2377 debentur:
986 2325 1044 2376 tam
1061 2332 1130 2375 sum

105 2393 295 2469 misericors,
317 2398 450 2475 iudices,
472 2418 562 2476 quam
578 2418 650 2462 vos:
676 2401 836 2471 tammitis
859 2416 948 2474 quam
967 2399 1018 2474 qui
1038 2398 1130 2458 lenis-

106 2477 210 2539 simus.
234 2482 263 2539 ln
279 2499 340 2556 quo
349 2484 511 2544 vehemens
524 2485 566 2544 fui
576 2483 745 2553 vobiscum,
760 2483 833 2542 nihil
845 2482 904 2542 feci
916 2481 975 2543 nIsi
990 2490 1131 2544 coactus¹

104 2560 150 2622 rei
164 2563 305 2638 publicae
318 2566 526 2640 praecipitanti
536 2565 679 2627 subveni:
695 2567 822 2642 patriam
838 2567 1006 2625 demersam
1021 2564 1130 2624 extuli:

18 2669 21 2675 ·
105 2644 314 2706 miserIcordia
339 2649 449 2709 civium
475 2650 597 2711 adducti
621 2658 683 2710 tum
713 2648 824 2710 fuimus
851 2656 912 2707 tarn
936 2648 1153 2708 vehementes

107 2744 198 2800 quam
214 2746 344 2790 necesse
359 2730 423 2792 fuit
469 2732 558 2792 Salus
574 2739 656 2792 esset
676 2733 789 2792 amissa
803 2732 934 2790 omnium
954 2747 1016 2790 una
1031 2738 1132 2798 noete

106 2809 167 2869 nisi
188 2822 271 2874 esset
290 2814 437 2874 severitas
457 2816 508 2874 illa
533 2802 685 2889 suscepta
729 2813 791 2875 Sed
808 2822 840 2875 ut
860 2814 899 2873 ad
915 2814 1132 2874 sceleratorum

90 2903 238 2987 ,poenam
256 2913 360 2958 amore
379 2898 423 2957 rei
437 2896 578 2973 publicae
598 2916 666 2958 sum
686 2899 851 2970 adductuS,
877 2896 922 2975 sic
944 2897 983 2956 ad
1003 2895 1133 2956 salutem

106 2974 311 3038 innocentium
327 2981 480 3042 voluntate
496 2981 641 3041 deducor

73 3095 112 3135 ,.
190 3056 241 3119 88.
262 3061 340 3120 Nihil
355 3062 443 3123 vrdeo
460 3081 530 3124 esse
549 3063 580 3122 in
601 3063 711 3124 hocP.
728 3062 825 3136 Sulla,
845 3060 976 3134 iudices,
996 3061 1068 3123 odio
1089 3061 1134 3121 di

70 3140 75 3157 '
107 3155 214 3214 gnum,
228 3142 436 3207 misericordia
453 3147 544 3221 digna
558 3147 660 3207 multa
687 3147 793 3221 Neque
810 3145 889 3205 enim
906 3162 987 3206 nunc
1006 3146 1134 3220 propul-

108 3223 223 3283 sandae
239 3227 414 3288 calamitatis
427 3246 500 3288 suae
516 3246 610 3289 causa
621 3231 752 3304 supplex
766 3229 806 3289 ad
820 3245 892 3300 vos,
909 3228 1043 3301 iudiceS,
1060 3244 1134 3288 con-

107 3305 197 3380 fugit,
212 3307 267 3366 sed
285 3324 323 3366 ne
340 3327 400 3384 qua
411 3311 515 3384 generi
530 3328 565 3371 ac
579 3312 692 3371 nomini
704 3329 760 3372 suo
775 3317 847 3372 notu
858 3310 991 3372 nefariae
1005 3310 1135 3386 turpitu-

108 3387 186 3448 dinis
212 3389 355 3451 inuratur.
393 3393 468 3453 Nam
487 3394 555 3470 ipse
579 3394 715 3470 quidem,
747 3396 775 3454 si
799 3394 857 3455 erit
883 3403 985 3455 vestro
1019 3395 1135 3456 iudicio
