2332 3772
89 182 132 246 at
245 181 319 242 eno
343 181 425 242 sax.
448 180 585 242 Roscio
607 178 782 241 autumno
800 176 954 238 onnam.
1008 162 1013 169 ’

90 351 167 395 mus.
199 334 270 393 Erat
283 339 344 391 tum
360 329 517 391 multitudo
534 328 727 405 sicariorum,
748 328 779 389 id
795 328 880 403 quod
890 342 1094 389 commemoro

92 418 133 477 vit
150 415 294 486 Erucius,
315 422 346 474 et
364 413 503 474 homines
532 412 656 489 impune
686 411 913 474 occidebantur.
952 409 1093 485 ouidi-ta¹

89 499 247 561 multitudo
261 513 339 574 quue
354 504 439 557 eratt
460 496 589 571 opinor,
605 504 791 566 ontearum,
810 492 906 570 quiin
922 492 1014 554 bonis
1025 498 1092 553 end

91 581 246 657 occupati,
264 588 449 652 ontearum,
471 580 523 652 qui
545 579 584 638 ab
604 579 642 639 iis
657 577 906 639 conducebantur
926 584 959 637 ut
977 575 1090 651 aliquan

90 665 273 725 occiderent
308 663 341 723 Sl
355 678 411 724 eos
425 670 530 737 putas,
546 661 598 736 qui
618 661 749 722 alienum
766 660 967 735 appetebant,
986 667 1019 719 tu
1030 656 1098 733 etit

89 763 128 808 ec
144 763 285 819 numero,
303 746 355 821 qui
371 752 475 806 nostra
491 743 620 819 pecunia
635 744 722 804 dives
744 760 795 812 es3
810 741 858 803 sin
873 758 945 815 eos,
962 757 1039 817 quoa
1051 736 1090 817 (fl

89 831 204 892 leviore
220 828 342 892 nomine
356 828 510 903 appellant
523 843 724 901 percussores
737 832 864 898 vocant,
879 824 1037 900 quaerela
1049 838 1089 885 cn

88 913 135 974 ius
150 916 212 974 fide
226 913 286 973 aiot
299 920 330 972 et
345 910 496 969 clientela:
514 909 585 969 nrihi
596 911 697 983 crede,
707 909 840 984 aliquem
849 909 889 969 de
899 906 1098 976 societatem?

87 998 238 1071 reperies;
255 1004 300 1067 et,
315 990 463 1068 quidquid
479 1001 512 1052 tu
527 999 632 1052 contm
647 991 777 1063 dixeris,
794 990 826 1051 id
843 1006 913 1051 cum
928 988 1098 1075 deienaiomj

88 1088 194 1140 nostra
212 1074 402 1137 contendito:
425 1074 466 1134 ila
487 1074 628 1135 facillime
648 1091 742 1135 cansa
762 1073 833 1135 Sex.
847 1072 955 1135 Roscii
971 1090 1038 1135 cum
1050 1080 1097 1135 tot?

87 1162 269 1222 conferetur.
294 1156 345 1218 at.
361 1157 467 1217 Dices:
484 1157 561 1231 Quid
576 1166 698 1232 postea,
714 1156 741 1217 si
750 1158 866 1218 Romae
880 1154 1028 1219 adsiduus
1040 1152 1098 1217 luit!

86 1241 309 1316 Respondebo:
326 1241 367 1299 At
382 1256 439 1314 ego
458 1240 579 1300 omuino
597 1257 657 1301 non
672 1240 724 1301 tui.
756 1239 866 1299 Fateor
888 1255 938 1301 me
959 1247 1090 1301 sectcran

86 1339 174 1395 csse,
196 1339 303 1384 verum
317 1322 409 1382 etalii
427 1323 521 1384 multi.
554 1325 594 1384 At
612 1340 686 1398 ego,
707 1330 741 1383 ut
754 1330 816 1383 tute
835 1323 954 1396 arguis,
975 1320 1098 1397 agrem

85 1414 118 1466 et
131 1406 273 1466 rusticus.
307 1406 374 1464 Non
388 1406 547 1478 continuo,
563 1406 590 1466 si
603 1423 651 1466 me
661 1405 691 1465 in
706 1421 830 1481 gregem
841 1404 1019 1466 sicariorum
1032 1418 1090 1465 con·

86 1489 155 1560 tuli,
184 1505 251 1548 sum
265 1487 403 1548 sicarius.
444 1490 486 1549 Αι
505 1506 562 1564 ego
583 1491 737 1563 prolecto,
765 1486 818 1564 qui
839 1504 879 1548 ne
897 1485 969 1549 novi
983 1487 1091 1562 quidem

88 1587 273 1647 quemquam
297 1570 454 1645 sicarium,
479 1573 569 1646 longe
590 1573 697 1632 absum
717 1572 757 1631 ab
777 1570 844 1631 eius
864 1568 948 1632 modi
974 1568 1090 1631 crimine

85 1655 236 1715 Permulta
250 1661 334 1726 sunt,
351 1670 430 1728 quae
441 1652 501 1715 dici
512 1661 643 1730 possunt
657 1671 751 1729 quare
766 1650 948 1728 intelligutur
959 1666 1091 1715 summan

85 1736 140 1798 tibi
157 1738 327 1798 facultatem
348 1736 444 1798 luisse
457 1736 598 1798 maleficii
612 1735 814 1811 suscipiendi,
832 1753 911 1811 quae
932 1752 992 1797 uon
1013 1734 1090 1797 modo

85 1820 200 1881 idcirco
212 1829 380 1895 praetereo,
396 1821 480 1895 quod
496 1827 525 1881 te
539 1820 639 1896 ipsum
654 1837 715 1880 non
728 1819 855 1880 libenter
865 1835 988 1894 accuso,
1001 1832 1090 1879 rmum

83 1921 123 1965 eo
137 1905 234 1979 magis
252 1904 357 1976 etiam,
374 1905 472 1980 quod,
485 1903 512 1964 si
527 1905 566 1964 de
579 1902 638 1966 iltis
656 1902 800 1963 caedibus
815 1901 907 1962 velim
926 1916 1090 1963 commemo

85 2005 169 2059 rare,
197 1996 358 2062 quactum
384 1989 482 2047 iactae
502 1995 572 2046 sunt
591 1986 649 2046 ista
671 1987 778 2045 eadem
797 1985 931 2058 ratione,
955 2004 1016 2061 qua
1034 1984 1090 2045 Sex·

84 2071 217 2131 Roscius
234 2069 356 2130 occisus
377 2077 439 2142 est,
460 2085 568 2129 vereor
582 2085 620 2128 ne
636 2069 675 2129 ad
688 2069 792 2143 plures
813 2067 908 2129 oratio
930 2086 999 2129 mea
1016 2064 1090 2145 perl-

85 2168 158 2211 nere
174 2151 320 2211 videatur.

170 2233 302 2293 XXXIV.
343 2232 393 2295 95.
426 2232 592 2307 Videamus
613 2249 694 2292 nunc
715 2233 853 2306 strictim,
878 2233 958 2295 sicut
978 2238 1089 2300 caeam

88 2330 168 2388 quae
183 2323 254 2388 post
266 2323 393 2375 mortem
408 2314 479 2375 Sex.
493 2314 598 2375 Roscii
614 2316 670 2376 abs
685 2323 730 2391 te,
750 2317 782 2381 Τ.
796 2316 905 2389 Rosci,
928 2319 1007 2377 lacta
1019 2320 1090 2381 sunta

87 2413 165 2471 quae
179 2397 221 2456 ita
237 2407 342 2472 aperta
356 2406 386 2458 et
398 2396 558 2458 manifesta
573 2408 652 2471 sunt,
668 2407 702 2459 ιιι
716 2416 765 2459 me
780 2399 849 2460 dius
863 2398 965 2474 lidius,
979 2397 1090 2467 iudicer,

84 2479 196 2540 invitus
211 2496 249 2540 ca
263 2480 370 2540 dicam.
401 2483 520 2540 Vereor
534 2481 627 2554 enim,
642 2481 824 2543 cuicuimodi
839 2498 889 2556 es,
903 2484 935 2541 Τ.
950 2480 1091 2559 Rosciot

84 2563 126 2625 ita
139 2563 220 2623 hunc
233 2562 339 2622 videar
353 2562 489 2623 voluisse
507 2580 646 2637 servare,
668 2572 701 2624 ut
716 2564 769 2625 tibi
783 2565 905 2626 omnino
917 2582 980 2626 non
996 2576 1091 2641 pepet-

84 2647 186 2707 cerim.
220 2646 315 2720 Quum
331 2645 390 2706 boc
402 2661 512 2706 vereor
526 2656 556 2706 et
570 2646 660 2721 cupio
675 2646 728 2706 tibi
743 2647 850 2722 aliqua.
859 2664 898 2708 ex
912 2656 1007 2723 parte,
1021 2640 1091 2722 qnod

83 2732 169 2791 salva
181 2731 241 2790 fide
255 2727 380 2804 possim,
397 2744 531 2802 parcere,
545 2745 652 2791 rursus
663 2729 786 2791 immuto
799 2731 985 2792 voluntatem
998 2742 1091 2791 menttl·

85 2813 176 2873 Venit
197 2812 276 2873 enirn
300 2810 371 2872 mihi
391 2811 422 2870 in
435 2819 566 2873 mentem
588 2812 651 2872 oris
669 2812 722 2873 tui.
761 2814 858 2885 Tene,
881 2831 974 2889 quum
994 2805 1092 2875 coeteri

86 2895 163 2954 socii
177 2898 218 2955 tui
233 2898 371 2970 tugerent
387 2910 423 2954 ac
438 2911 473 2954 se
488 2896 685 2966 occultarent,
702 2903 735 2955 ut
749 2897 808 2956 hoc
822 2894 968 2957 iudicium
985 2912 1045 2957 non
1062 2892 1092 2953 dt

84 2973 201 3035 illorum
216 2980 345 3053 praeda,
359 2977 416 3038 sed
430 2976 468 3038 de
482 2977 573 3039 huius
586 2978 736 3038 maleficio
753 2979 818 3039 lieri
832 2978 996 3053 videretur,
1010 2974 1092 3055 potta-

83 3056 192 3116 simum
211 3060 265 3121 tibi
284 3070 387 3136 partes
407 3060 483 3122 istas
503 3059 743 3136 depoposcisse,
764 3069 797 3121 ut
815 3060 845 3120 in
866 3061 981 3123 iudicio
1002 3072 1092 3123 vetet·

82 3156 150 3199 rere
165 3149 195 3199 et
209 3142 334 3202 sederes
348 3160 417 3204 cum
431 3150 630 3204 accusatorel
664 3143 728 3217 Qua
739 3145 769 3202 in
783 3159 816 3203 re
831 3144 905 3204 nihil
919 3144 1003 3207 eliud
1015 3144 1093 3205 adse

82 3224 201 3297 queris,
229 3222 288 3282 nisi
307 3233 341 3285 ut
360 3227 398 3287 ab
413 3225 553 3287 omnibus
573 3227 748 3287 mortalibus
769 3226 897 3287 audacia
916 3234 970 3289 tua
990 3238 1093 3303 cognt-

81 3314 184 3367 scntur
197 3313 228 3367 et
243 3306 437 3380 impudentia.
472 3307 523 3371 96.
552 3306 661 3370 Occiso
680 3308 751 3369 Sex.
765 3308 897 3383 Roscio,
920 3310 974 3385 qui
987 3310 1093 3387 prtum

84 3389 237 3450 Ameriam
251 3387 395 3450 nunciatt
419 3390 539 3451 Mallius
553 3391 692 3463 Glaucia,
713 3407 804 3467 quem
817 3391 878 3453 iam
898 3400 991 3455 antea
1007 3386 1094 3455 nom'r
