2340 3788
109 167 172 237 188
392 166 467 226 PRO
481 166 515 224 L.
529 164 691 225 MURENA
706 163 858 224 ORATIO.

107 319 207 391 dicio,
233 324 267 377 ut
285 315 386 376 nimiis
404 313 573 374 adversarii
593 313 710 374 viribus
729 313 868 375 obiectus
889 313 1053 379 videretur.
1087 315 1140 379 59.

65 462 71 467 ,
109 400 203 476 Quid,
225 399 289 459 Ser.
305 397 429 458 Galbam
442 429 485 441 -
497 412 569 456 nana
582 396 723 458 traditum
737 395 901 458 memoriae
917 405 966 459 est
977 430 1023 443 —
1035 415 1139 461 noune

109 499 225 560 proavo
246 490 313 554 tuo,
337 479 502 540 fortissimo
519 488 611 554 atque
631 478 847 541 florentissimo
870 479 952 552 viro,
972 480 1015 540 M.
1032 481 1139 544 Catoni

107 564 293 626 incumbenti
319 562 450 623 adeius
474 561 641 637 perniciem
669 565 801 638 populus
823 564 982 623 Romanus
1009 563 1140 639 eripuitt

109 648 238 722 Semper
254 647 287 706 in
299 646 356 706 hac
372 645 492 707 civitate
509 644 599 705 nimis
619 646 736 719 magnis
753 653 965 706 accusatorum
980 646 1095 721 opibus
1109 657 1140 709 et

106 736 241 806 populus
255 730 418 790 universus
432 737 463 788 et
480 727 635 802 sapientes
649 744 686 787 ac
706 731 831 789 multum
846 728 877 789 in
894 736 1053 803 posterum
1068 747 1138 805 pro-

106 813 272 890 spicientes
292 811 409 873 iudices
430 810 614 870 restiterunt.
653 811 730 871 Nolo
750 819 912 873 accusator
936 811 966 872 in
992 812 1138 873 iudicium

107 896 272 972 potentiam
286 897 411 966 adierat,
427 909 489 953 non
503 892 566 952 vim
581 891 724 954 maiorem
739 894 880 969 aliquam,
898 912 961 955 nou
974 895 1137 957 auctorita-

104 987 166 1041 tem
183 980 396 1050 excellentem,
414 992 475 1036 non
492 975 614 1036 nimiam
631 976 766 1050 gratiam.
797 978 925 1038 Valeant
942 977 1019 1038 haec
1033 978 1139 1039 omnia

105 1064 289 1124 adsalutem
303 1059 523 1131 innocentium,
542 1060 582 1118 ad
597 1075 688 1134 opem
702 1059 920 1135 impotentium,
933 1060 974 1119 ad
990 1062 1139 1123 auxillum

106 1145 368 1215 calamitosorum,
391 1143 422 1201 in
437 1141 573 1217 periculo
590 1159 662 1202 vero
680 1150 710 1203 et
723 1142 753 1202 in
768 1142 904 1218 pernicie
918 1142 1031 1204 ciuium
1045 1160 1136 1219 repu-

107 1228 236 1289 dientur.
275 1226 325 1287 60.
346 1227 421 1286 llam
437 1225 464 1284 si
481 1224 550 1299 quis
567 1225 626 1284 hoc
641 1226 718 1285 sorte
735 1225 829 1299 dicct,
847 1226 992 1287 Catonem
1007 1227 1137 1288 descen·

107 1326 213 1370 surum
226 1311 266 1368 ad
281 1308 489 1369 accusandum
504 1323 564 1366 non
580 1309 691 1379 luisse,
714 1308 772 1369 nisi
793 1308 878 1383 prius
895 1310 935 1368 de
949 1324 1045 1369 causa
1059 1309 1138 1369 iudi-

107 1401 224 1464 cassat,
240 1391 374 1466 iniquam
388 1390 500 1463 legem,
516 1389 648 1464 iudiccS,
666 1401 696 1452 at
708 1391 849 1452 miseram
865 1390 1079 1452 condicionem
1090 1391 1142 1453 in·

106 1474 210 1535 stituet
222 1474 364 1548 periculis
377 1470 541 1546 hominum,
556 1474 583 1533 si
593 1473 776 1534 existimabit
788 1472 934 1535 iudicium
945 1474 1137 1537 accusatoris

105 1555 137 1618 in
151 1573 236 1616 reum
252 1573 308 1632 pro
324 1555 426 1631 aliquo
442 1555 628 1630 praeiudicio
646 1559 749 1618 velere
764 1565 915 1632 oportere

189 1640 292 1702 XXIX.
320 1640 386 1713 Ego
413 1646 495 1698 tuum
522 1639 697 1714 consilium,
721 1639 809 1713 Cato,
836 1648 961 1715 propter
981 1638 1139 1714 singulare

105 1723 198 1782 animi
212 1722 272 1782 mci
286 1724 325 1782 de
339 1730 391 1783 tua
406 1721 513 1782 virtute
528 1720 681 1795 iudicium,
700 1722 870 1798 uituperare
888 1716 961 1801 [non
978 1729 1137 1798 possumJ=

105 1822 167 1866 non
189 1808 271 1867 nulla
292 1804 419 1867 forsitan
434 1801 624 1866 conlo'rmare
643 1814 675 1867 et
694 1805 801 1867 leviter
815 1807 978 1866 emendare
995 1822 1138 1880 possum.

104 1891 171 1952 Non
184 1894 277 1951 malta
284 1905 403 1965 peccas,
429 1888 525 1965 inquit
539 1888 590 1949 ille
604 1886 769 1950 fortissimo
780 1887 846 1949 viro
864 1888 967 1949 sanior
979 1887 1139 1962 magister,

103 1980 145 2048 et,
158 1977 188 2034 si
194 1990 320 2049 peccas,
336 1979 362 2033 te
377 1988 481 2046 repere
491 1989 618 2047 possum.
656 1973 698 2032 At
711 1988 770 2046 ego
785 1980 815 2032 te
832 1969 989 2032 verissime
1005 1970 1138 2031 dixerim

105 2071 235 2129 peccare
257 2055 332 2114 nihil
351 2071 451 2130 neque
472 2057 534 2114 ulla
552 2053 584 2114 in
603 2071 636 2114 re
656 2063 685 2115 te
703 2071 774 2115 esse
794 2054 998 2127 huiusmodi,
1019 2062 1054 2114 ut
1070 2070 1137 2113 cor·

103 2137 250 2210 rigendus
265 2137 368 2214 potius
383 2153 474 2212 quarn
489 2136 594 2197 leviter
605 2135 807 2199 inflectendus
819 2153 891 2198 csse
903 2137 1036 2198 videare.
1066 2135 1137 2196 Fin-

104 2217 150 2278 xit
170 2219 248 2279 enim
268 2229 298 2281 te
318 2220 385 2294 ipsa
400 2229 506 2281 nattrra
520 2220 561 2279 ad
579 2220 784 2293 honestatem,
804 2220 997 2295 gravitatem,
1018 2227 1134 2294 tempe

103 2300 245 2373 cantiam,
268 2302 503 2376 magnitudinem
522 2302 627 2376 animi,
644 2302 803 2379 iustitiam,
824 2305 863 2364 ad
878 2320 984 2365 omncs
999 2302 1136 2378 denique

104 2381 231 2444 virtutes
246 2402 386 2459 magnum
406 2387 558 2446 hominem
579 2394 609 2446 et
628 2388 793 2447 excelsum.
820 2386 963 2448 ilccessit
982 2386 1063 2446 istuc
1081 2387 1135 2445 do-

104 2466 200 2528 ctrina
215 2483 276 2528 non
292 2470 447 2529 moderata
460 2484 517 2528 nec
532 2468 626 2541 mitis,
650 2471 721 2542 sed,
743 2476 775 2530 ut
789 2470 860 2529 mihi
875 2470 1008 2541 videtur,
1030 2470 1135 2544 paullo

103 2551 244 2625 asperior
264 2560 294 2612 et
315 2552 419 2611 durior
433 2569 524 2627 quarn
543 2560 595 2612 aut
609 2552 720 2612 veritas
740 2560 793 2613 aut
809 2559 916 2612 natura
931 2551 1053 2628 patitur.
1083 2550 1135 2612 61.

100 2634 140 2693 Et
154 2634 297 2708 quoniam
314 2642 436 2694 nonest
455 2634 545 2695 nobis
566 2635 641 2694 haec
657 2636 752 2696 oratio
768 2635 909 2696 habenda
923 2643 976 2696 out
992 2633 1022 2693 in
1038 2633 1134 2708 impe-

101 2717 160 2777 rita
175 2716 364 2777 multitudine
381 2727 432 2777 aut
447 2718 478 2777 in
493 2717 595 2792 aliquo
612 2726 764 2780 conventu
781 2717 959 2794 agrestium,
984 2715 1135 2777 audacius

102 2802 204 2874 paullo
221 2802 259 2860 dc
274 2799 383 2861 studiis
398 2799 606 2872 humanitatis,
630 2818 708 2875 quae
728 2810 759 2863 et
777 2801 849 2861 mihi
869 2809 900 2861 et
912 2799 1003 2860 vobis
1018 2809 1092 2867 nota
1106 2806 1135 2858 et

102 2881 235 2942 iucunda
250 2892 335 2956 siant,
351 2882 524 2958 disputabo.
552 2885 585 2942 In
599 2884 640 2943 ul.
656 2885 784 2957 Catone,
807 2884 939 2956 iudices,
959 2882 1038 2942 haec
1053 2882 1135 2942 bona

104 2980 183 3036 quae
198 2965 336 3026 videmus
358 2965 469 3026 divina
481 2975 511 3027 et
526 2966 648 3041 egregia
665 2965 763 3040 ipsius
781 2966 890 3027 scitote
907 2981 978 3026 esse
993 2962 1134 3039 propria:

104 3061 183 3118 quae
197 3063 433 3124 nonnumquam
448 3050 640 3124 requirimus,
656 3066 693 3109 ea
708 3057 778 3111 sunt
793 3048 893 3110 omnia
906 3064 967 3108 non
983 3064 1002 3107 a
1016 3055 1135 3118 natura,

103 3142 209 3186 verum
229 3146 248 3188 a
266 3132 420 3206 magistro.
453 3131 521 3193 Fuit
541 3133 619 3192 enim
642 3131 765 3207 quidam
789 3147 908 3193 summo
929 3130 1053 3205 ingenio
1080 3127 1134 3200 vir,

100 3208 202 3282 Zeno,
227 3214 312 3273 cuius
333 3214 526 3277 inventorum
546 3215 656 3274 aemuli
677 3214 772 3277 Stoici
794 3213 995 3275 nominantur.
1034 3211 1133 3272 Huius

102 3291 270 3355 sententiae
292 3305 363 3356 sunt
383 3308 414 3359 et
438 3306 601 3374 praecepta
627 3297 693 3358 eius
717 3296 814 3357 modi:
844 3295 1014 3371 sapientem
1038 3295 1133 3369 gratia

101 3392 267 3452 numquam
286 3380 417 3454 moveri,
440 3398 604 3456 numquam
625 3382 805 3455 cuiusquam
822 3379 933 3441 delicto
954 3377 1132 3452 ignoscere
