2340 3788
358 175 439 235 οιι).
462 182 591 269 ιι-ιι.
610 178 636 240 t.
658 132 789 235 o-o.
1044 170 1088 239 dt

60 327 195 399 Calidio,
223 327 309 387 cuius
331 323 425 384 lilium
447 323 563 385 sciebat
585 331 755 384 senatorem
779 322 884 398 populi
906 321 1034 383 Romani
1053 321 1085 384 'et

54 411 195 475 'iudicem
217 424 302 481 esse,
331 410 455 469 eculeos
479 413 640 482 argenteos
660 405 792 478 nobiles,
818 405 931 481 quique
961 405 1083 467 ιιιιιιιιιιι

63 497 198 565 lucrant,
225 492 330 551 aufert.
371 489 421 553 43.
447 490 625 563 Imprudens
646 488 706 548 huc
727 487 833 561 incidi,
854 489 985 548 iudices:
1012 487 1084 549 emit

65 577 156 649 enim,
174 591 236 634 non
247 572 385 633 abstulit=
407 574 519 634 nollem
530 570 661 631 dixisset
679 569 799 630 iactabit
810 587 845 630 se
855 573 926 630 etin
938 571 986 632 liis
997 569 1082 647 equi·

65 658 135 721 tabit
149 656 275 717 eculeis.
313 655 394 715 Emi·
422 653 583 730 pecuniam
603 652 691 714 solvi.
729 653 840 725 Credo,
861 651 949 712 etiam
963 654 1083 714 tabulae

10 768 15 795 ι
66 742 264 817 proferentur.
300 739 355 798 Est
375 738 456 799 tanti.
499 737 580 797 Cedo
603 737 730 796 tabulas
769 734 857 795 Dilue
877 751 951 799 sane
971 737 1083 797 crimen

66 824 122 885 lroc
136 821 338 892 Calidianum,
363 822 434 880 dum
447 836 505 894 ego
522 820 640 880 tabulas
654 818 793 894 aspicere
806 818 933 892 possim.
971 820 1084 879 Verum

67 914 162 967 tamen
185 903 260 979 quid
275 911 338 964 erat
356 905 439 977 quod
453 901 584 962 Calidius
597 888 713 962 Romae
728 908 904 976 quereretur
919 916 970 973 se,
992 918 1084 975 quum

68 997 107 1051 tot
125 1003 226 1048 annos
246 985 277 1045 in
298 985 401 1045 Sicilia
415 986 630 1059 negotiaretur,
652 993 714 1045 ate
729 986 795 1044 solo
810 982 852 1043 ita
866 999 937 1043 esse
952 992 1083 1059 contem·

11 1134 15 1141 ,
69 1080 162 1147 ptum,
183 1070 225 1130 ita
239 1069 430 1142 despectum,
449 1077 482 1128 ιιι
496 1068 584 1128 etiam
599 1084 744 1129 unacum
760 1067 888 1126 caeteris
906 1064 1016 1126 Siculis
1031 1054 1083 1125 de-

70 1154 269 1230 spoliareturt
300 1150 333 1210 Si
347 1168 479 1223 emeras,
504 1150 577 1225 quid
592 1159 656 1211 erat
670 1152 754 1225 quod
769 1149 965 1210 confirmabat
980 1165 1014 1210 se
1027 1148 1083 1208 abs

69 1243 95 1297 tc
110 1243 268 1310 argentum
291 1250 362 1293 esse
380 1234 589 1309 repetiturum,
611 1236 637 1293 si
657 1234 688 1292 id
704 1232 757 1293 tibi
773 1249 829 1292 sua
842 1234 997 1293 voluntate
1010 1248 1084 1291 ven·

14 1386 20 1393 ,
70 1318 197 1381 fiderat:
225 1325 258 1376 tu
272 1333 368 1392 porro
388 1333 501 1392 posses
532 1318 648 1397 lacere,
675 1324 709 1376 ιιι
728 1317 780 1376 Cn.
799 1314 913 1375 Calidio
934 1332 993 1376 non
1014 1315 1083 1374 red·

71 1400 176 1462 lerest
199 1399 376 1475 praesertim
392 1418 485 1474 quum
500 1399 528 1460 is
545 1399 578 1458 L.
590 1399 734 1470 Sisenna,
757 1399 918 1459 defensore
933 1406 1000 1472 tuo,
1021 1407 1083 1459 tarn

71 1482 247 1543 familiariter
264 1491 405 1555 uteretur,
428 1492 457 1544 et
475 1499 566 1558 quum
584 1481 711 1542 caeteris
726 1443 920 1541 familiaribus
935 1481 1083 1542 Sisennae

70 1565 275 1627 reddidisses?
295 1564 346 1625 44.
362 1565 501 1641 Denique
515 1581 576 1625 nou
588 1565 696 1660 opinor
711 1574 886 1639 negatmum
901 1581 971 1624 esse
986 1550 1015 1625 'te
1028 1565 1083 1625 ιιο-

10 1644 33 1721 ῑ,’
70 1646 136 1709 mini
154 1648 302 1720 honesto,
330 1648 385 1707 sed
404 1665 466 1708 non
489 1647 674 1722 gratiosiori,
697 1664 787 1721 quam
806 1648 857 1707 Cn.
874 1647 1007 1708 Calidius
1027 1656 1083 1719 est,

70 1728 239 1803 beuridio,
254 1739 284 1790 te
296 1737 452 1802 argentum
469 1745 525 1803 per
539 1728 742 1801 Potamonem,
759 1731 887 1808 amioum
901 1737 999 1802 tuum,
1014 1730 1083 1789 red-

10 1844 13 1853 ,
69 1810 191 1873 didisse.
226 1811 283 1883 Qui
303 1809 427 1883 quidem
447 1817 634 1869 caeterorum
654 1825 777 1869 causam
794 1812 877 1884 apud
890 1819 920 1870 te
934 1810 1085 1869 difficilio-

66 1906 122 1955 rm
142 1892 225 1952 fecit
258 1891 333 1950 Nam
348 1908 440 1965 quum
456 1898 486 1949 te
501 1890 715 1951 confirmasses
732 1891 937 1965 compluribus
951 1890 1084 1951 redditu-

139 2019 148 2048 ,
69 1982 276 2048 murpostea
291 1984 382 2049 quam
396 1973 535 2033 Curidius
548 1989 605 2048 pro
622 1971 791 2033 testimonio
807 1972 883 2032 dixit
896 1981 925 2033 te
942 1972 1001 2032 sibi
1014 1974 1085 2033 red·

10 2096 12 2100 -
67 2056 196 2127 fidisse,
220 2056 312 2116 finem
332 2056 480 2115 reddendi
503 2055 615 2129 feoIsti,
642 2050 913 2130 quodintellexisti
926 2055 1041 2130 praeda
1055 2064 1084 2116 te

10 2176 14 2184 ·
68 2128 262 2203 damonibus
284 2140 396 2198 emissa
421 2138 624 2199 testimonium
641 2147 740 2198 tamen
756 2138 889 2213 effugere
903 2156 964 2199 non
978 2155 1083 2214 posse.
1129 2180 1133 2187 -

69 2222 112 2285 fit
123 2222 258 2295 Calidio,
277 2220 371 2296 equiti
384 2223 536 2294 Romano,
554 2239 611 2296 per
621 2238 727 2283 omncs
742 2221 818 2282 alios
828 2229 986 2297 praetores
1000 2221 1084 2283 licuit

66 2302 174 2367 labere
194 2312 351 2378 argentum
371 2305 449 2364 bene
469 2306 597 2378 factum,
626 2305 712 2366 licuit
726 2321 822 2380 posse
842 2305 1016 2366 domesticis
1032 2322 1083 2366 co·
1158 2304 1161 2311 '

65 2386 136 2463 piis,
163 2405 257 2463 quum
275 2385 480 2461 magistratum
501 2396 553 2447 aut
566 2387 697 2463 aliquem
712 2386 901 2463 superiorem
914 2388 1083 2460 invitasset,

65 2468 170 2531 imme
192 2480 222 2530 et
240 2485 389 2545 apparare
409 2468 590 2529 convivium.
626 2471 710 2531 lttutti
732 2470 814 2531 domi
829 2472 880 2531 Cu.
893 2471 997 2531 cattoit
1015 2487 1084 2530 curn

10 2556 21 2571 ’
63 2560 213 2627 potestate
238 2562 331 2627 atque
344 2550 481 2625 imperio
509 2551 642 2613 fuerunt:
674 2571 762 2615 nemo
788 2554 928 2614 iuventus
954 2561 1001 2612 est
1023 2561 1084 2612 tam

10 2638 26 2717 J
62 2650 166 2697 amens
182 2634 235 2710 qui
249 2633 323 2694 illud
336 2641 493 2708 argentum
508 2641 567 2693 tarn
580 2638 768 2709 praeclarum
782 2652 818 2697 ac
833 2646 894 2697 tarn
910 2635 1012 2694 nobile
1026 2633 1083 2694 eri·

10 2714 24 2799 'J'
59 2726 152 2795 perot
168 2733 259 2777 nemo
271 2726 329 2777 tam
345 2717 448 2777 audax
460 2715 511 2790 qui
525 2726 674 2790 posceret,
685 2735 773 2781 nemo
784 2728 843 2780 tam
857 2717 1018 2792 impudens
1032 2718 1082 2792 qui

59 2801 276 2877 postularetur
290 2801 443 2859 venderet.
469 2796 520 2859 45
544 2799 714 2873 Superbum
729 2811 776 2862 est
792 2801 887 2872 enim,
903 2797 1034 2872 iudices,
1053 2807 1083 2861 et

10 2912 22 2929 ··
61 2900 118 2945 oon
135 2884 296 2945 ferendum
311 2881 412 2943 dicere
428 2889 598 2956 praetorem
611 2881 641 2941 in
653 2883 809 2956 provincia
819 2880 934 2941 homini
944 2882 1081 2957 lroncsto,

10 2977 16 2989 ·
10 2964 216 3042 locupleti,
233 2964 410 3040 splendido·
441 2967 539 3026 Vende
552 2967 625 3024 mibi
636 2982 708 3024 voro
722 2969 848 3026 coelata.
869 2965 1081 3028 Hocostenim

10 3010 21 3103 ι
59 3048 177 3110 dicere
206 3063 322 3107 nones
342 3047 452 3122 dignus
474 3057 506 3108 tu
528 3047 581 3122 qui
603 3048 717 3107 habeas
739 3064 817 3121 quae
833 3056 892 3108 tam
909 3048 987 3111 bene
1001 3052 1081 3112 facta

10 3138 19 3186 t
58 3141 139 3201 nint,
165 3145 253 3190 meae
274 3130 426 3226 dignitatis
447 3131 505 3191 ista
520 3139 598 3190 sunt.
633 3132 676 3190 Tu
691 3129 818 3205 dignior,
840 3132 966 3207 Verres,
989 3151 1080 3209 quarn

10 3216 18 3265 ι’
55 3212 215 3275 tutatust
236 3212 302 3288 qui,
325 3220 357 3273 ut
371 3229 431 3272 non
447 3215 600 3273 conferam
613 3213 704 3273 vitam
717 3230 816 3288 neque
822 3214 1080 3286 existimationem

54 3303 220 3357 tuamcum
232 3294 327 3356 illius·
348 3295 805 3370 nequeenimestconferenda
826 3297 995 3373 hocipsum
1008 3313 1079 3357 con-

10 3388 13 3427 t
55 3372 165 3453 leram,
192 3395 252 3454 quo
273 3386 306 3440 ιιι
325 3385 354 3440 ιι
375 3378 563 3453 superiorem
584 3378 689 3455 fingis:
713 3381 795 3456 quod
808 3381 858 3442 HS
874 3398 923 3440 ccc
938 3379 1022 3439 mitia
1035 3378 1086 3436 ‹li-
