2340 3788
275 688 279 693 ·
365 628 409 711 ll.
443 628 578 712 TULLII
611 622 825 707 CICERONIS

125 784 182 868 tl
212 784 411 869 llll’lllllll
442 783 506 866 Cll.
535 781 733 866 l'lllll'llll
762 780 818 863 lll
849 781 1075 875 titulata

508 920 688 1004 lllllllll.

518 1080 677 1091 ——a

396 1185 798 1249 ARGUMENTUM.

160 1303 240 1362 Quum
262 1303 297 1353 L.·
315 1302 447 1363 Lucullus,
473 1306 515 1367 qui
538 1304 632 1354 bellum
654 1304 775 1355 adversus
797 1301 966 1353 Mithridatem
989 1303 1109 1370 Magnum

91 1372 164 1423 Ponti
186 1386 272 1436 regem
296 1379 391 1434 septem
408 1387 485 1422 annos
502 1374 612 1438 primum
627 1372 766 1433 consulari,
781 1370 849 1421 ..dein
872 1370 1044 1435 proconsulari
1060 1375 1109 1435 inr-

91 1441 163 1505 perio
176 1439 413 1500 administraverat,
438 1455 462 1491 a.
485 1456 510 1489 u.
534 1457 555 1494 e.
579 1439 639 1493 687.
666 1446 787 1490 asenatu
803 1445 933 1489 revocatus
951 1447 1018 1489 asam
1034 1443 1109 1505 eique

91 1508 134 1557 Μ’.
152 1506 250 1558 Acilius
268 1505 369 1556 Glabrio
390 1508 465 1558 homo
487 1511 561 1558 tantia
578 1510 652 1559 rebus
670 1510 751 1572 impar
767 1507 944 1567 successisset,
966 1507 1110 1571 insequenti

92 1590 157 1626 anno
175 1576 208 1626 bl.
226 1575 332 1625 Aemilio
350 1575 446 1642 Lepido
460 1575 490 1628 L.
503 1577 618 1627 Volcatio
631 1575 703 1627 Tullo
721 1589 788 1627 coss.
805 1570 967 1629 armata
986 1574 1014 1625 C.
1027 1576 1108 1627 lieni·

91 1644 142 1694 lina
155 1643 362 1709 tribunusplebis
376 1644 457 1710 legem
476 1644 509 1695 ad
518 1644 640 1710 populum
651 1645 723 1708 tulit,
741 1644 779 1692 uti
794 1643 849 1692 eiua
857 1641 916 1691 belli
924 1643 1108 1695 administratio

92 1710 136 1762 Cn.
155 1713 287 1776 Pompeio,
311 1714 354 1776 qui
370 1712 531 1764 tumbellam
549 1714 702 1763 maritimum
719 1718 804 1762 contra
822 1708 923 1777 Ciliciae
939 1712 1034 1776 piratas
1050 1711 1107 1778 lage

92 1778 197 1830 Gabinia
213 1795 277 1829 anno
299 1783 429 1846 superiore
446 1782 622 1832 demandatum
640 1780 791 1838 confecerat,
815 1778 1028 1829 committeretur·
1053 1780 1109 1839 Qua

92 1847 148 1914 lega
171 1864 247 1913 quum
272 1863 322 1898 non
339 1849 421 1899 solum
445 1850 507 1899 Asia
528 1851 671 1914 provincia,
696 1848 737 1897 cui
759 1844 879 1896 Lucullus
901 1846 1059 1910 praefuerat,
1083 1854 1109 1899 et

92 1932 164 1967 omne
181 1919 236 1967 eins
252 1918 384 1982 imperium
398 1918 444 1971 Cn.
462 1919 582 1982 Pompeio
599 1917 803 1974 committeretur,
825 1929 912 1964 vernnr
930 1917 1006 1965 etiam
1022 1914 1109 1982 army·

91 1984 141 2044 nia,
156 1987 196 2033 ani
214 1983 313 2034 Glabrio
331 1994 451 2050 praeerat,
468 1985 557 2035 classis
574 1986 635 2034 item
646 1991 671 2033 et
681 1998 767 2033 ornnes
778 1983 867 2047 copiae
878 1982 1025 2044 maritimae,
1044 1998 1110 2046 ques

92 2053 196 2115 piratico
217 2051 281 2101 bello
304 2055 354 2102 lam
379 2055 532 2113 obtinuerat,
561 2052 701 2114 multaeque
722 2058 835 2115 praetera
860 2051 1018 2115 provinciae,
1042 2066 1110 2114 qnae

91 2119 147 2183 lage
157 2117 391 2184 Gabinial’ompeio
405 2122 477 2170 (latae
486 2134 536 2171 non
545 2121 697 2180 viderentur,
715 2119 834 2184 Phrygia,
849 2118 984 2183 Lycaonia,
999 2117 1108 2178 Calatia,

93 2184 264 2249 Cappadocia,
281 2185 378 2247 Cilicia,
398 2187 511 2249 Colchis,
536 2187 667 2246 Armenia,
693 2187 746 2236 eius
762 2188 881 2251 potestati
897 2189 1109 2250 permitterentur,

92 2254 237 2318 optimates,
255 2255 330 2302 nimis
339 2257 496 2321 augariopes
513 2263 537 2304 et
555 2256 691 2320 potentiam
706 2256 780 2303 unius
791 2253 835 2306 Cn.
846 2253 960 2318 Pompeii
975 2255 1036 2313 rati,
1052 2269 1109 2304 eam

91 2321 175 2386 legam
193 2323 372 2386 oppugnabant
385 2339 519 2386 eorumque
533 2323 633 2372 nomine
651 2322 680 2380 Q.
697 2320 797 2371 Catulus
815 2329 839 2370 et
856 2320 886 2379 ss.
905 2323 1051 2372 Hortensius
1067 2337 1108 2371 ro·

91 2390 215 2455 gationem
227 2388 252 2438 C.
264 2388 361 2438 Manilii
370 2391 549 2441 dissuaserant.
584 2391 743 2440 adiuvabant
759 2395 841 2437 tamen
857 2389 928 2439 multi
939 2389 967 2441 C.
980 2389 1109 2438 Manilium

91 2458 237 2508 auctoritate
254 2455 375 2507 etiam'C.
394 2459 506 2508 Caesaris
524 2458 697 2521 suasitqueffvl.
712 2456 806 2519 Cicero,
825 2458 868 2518 qui
883 2472 912 2506 eo
928 2472 992 2507 anno
1009 2465 1109 2520 praetor

91 2535 150 2586 erat,
168 2526 216 2575 bac
233 2528 289 2590 ipsa
307 2527 425 2591 oratione,
442 2542 491 2589 qua
507 2527 616 2590 primum
634 2526 706 2590 apud·
719 2522 840 2589 populum
857 2526 949 2584 oravit,
974 2525 1060 2591 legem
1077 2525 1109 2574 da

90 2596 196 2658 imperio
206 2593 249 2644 Cn.
259 2595 371 2660 Pompeii
388 2593 547 2659 prorogando
563 2601 635 2656 atque
650 2592 811 2658 adaugendo,
827 2608 890 2655 quae
907 2593 1001 2644 oannis
1017 2591 1109 2642 aullra·

91 2665 139 2728 giis
153 2663 248 2727 perlata
266 2671 312 2712 est.

173 2790 195 2847 I.
228 2788 256 2849 l.
301 2753 493 2862 Quamquam
517 2785 589 2846 mibi
615 2800 735 2861 semper
757 2785 899 2860 frequens
924 2794 1109 2860 conspectus

91 2878 193 2928 vester
212 2872 304 2931 multo
325 2870 575 2941 iucundissimus,
597 2869 646 2929 hic
669 2877 769 2928 autem
789 2869 874 2927 locus
896 2867 936 2926 ad
957 2868 1111 2942 agendum

92 2951 311 3025 amplissimus,
330 2954 369 3012 ad
386 2953 546 3013 dicendum
562 2950 769 3013 ornatissimus
788 2959 835 3011 est
848 2949 947 3022 visus,
969 2949 1110 3023 Quirites,

91 3041 192 3094 tamen
213 3032 271 3092 hoc
293 3035 374 3096 aditu
394 3035 508 3109 laudis,
530 3035 580 3110 qui
595 3049 715 3110 semper
728 3034 840 3109 optimo
856 3033 963 3107 cuique
979 3032 1113 3092 maxime

91 3116 195 3191 patuit,
212 3130 271 3173 non
286 3133 353 3177 mea
364 3134 412 3177 me
427 3119 566 3179 voluntas
581 3117 695 3191 adhuc,
712 3117 767 3176 sed
782 3117 860 3176 vitae
874 3130 959 3174 meae
974 3114 1111 3176 rationes

92 3201 130 3259 ab
145 3198 266 3259 ineunte
281 3206 376 3259 aetate
393 3208 553 3275 susceptae
570 3199 794 3274 prohibuerunt.
824 3199 898 3257 Naar
914 3214 1007 3270 quum
1021 3207 1114 3260 antea

92 3299 148 3357 per
168 3289 295 3342 aetatem
310 3282 440 3340 nondum
456 3283 545 3344 huius
563 3281 768 3344 auctoritatam
783 3280 842 3343 loci
857 3279 1003 3355 attingere
1017 3283 1112 3343 aude-
