2340 3788
331 201 561 263 onaan-to.
583 207 761 268 §.oo-ss.
1001 208 1064 277 331

36 355 161 424 ducem,
182 351 376 425 defensorem
390 351 495 411 salutis
511 367 652 411 meae-
675 368 744 411 nam
761 351 837 413 baec
853 354 992 429 privatim
1007 357 1067 418 lor·

36 445 123 498 tasse
143 433 313 494 officiorum
326 433 501 494 memoriam
516 442 546 493 et
559 434 685 508 gratiam
701 443 851 508 quaerunt
865 469 915 509 -,
936 439 993 498 sed
1008 439 1067 500 boe

37 518 124 590 dico,
146 517 230 592 quod
248 518 288 579 ad
308 518 437 577 salutem
459 516 658 590 reipublicae
680 515 823 592 pertineo
844 533 902 593 ego
919 536 989 581 eum
1005 539 1068 582 non

36 610 131 674 tuear,
146 616 237 675 quem
248 616 355 661 omnes
370 599 401 658 in
421 615 455 658 re
470 598 593 674 publica
608 600 776 674 prinoipem
791 614 862 660 esse
876 604 1068 666 conceduntl

35 685 102 758 Ego
124 683 153 743 C.
176 683 314 744 Caesaris
334 681 476 743 laudibus
497 681 608 756 desim,
634 699 713 757 quas
733 682 863 757 primum
883 684 989 759 populi
1008 688 1068 748 Ro·

36 768 125 839 mani,
138 783 218 827 nunc
232 766 322 827 etiam
337 773 470 837 senatus,
489 765 537 824 coi
554 780 601 825 me
616 781 738 840 semper
748 764 861 838 addixi,
877 766 1013 841 piurimis
1026 778 1068 830 at-

41 866 101 926 que
117 849 313 925 amplissimis
328 846 450 908 iudiciis
464 847 584 908 videam
598 865 669 911 esse
686 849 876 909 celebratas?
913 849 987 909 Tum
1002 850 1069 910 ber-

37 934 105 992 cule
120 948 168 992 me
184 931 330 992 confitear
350 945 412 988 non
426 928 569 991 iudicium
591 931 716 1005 aliquod
729 929 876 991 babuisse
892 932 930 990 de
944 932 1069 993 utilitate

35 1017 81 1075 rei
94 1014 246 1091 publicae,
260 1014 316 1073 sed
330 1012 502 1074 hominibus
517 1012 648 1073 amicum
660 1020 712 1073 aut
725 1013 878 1091 inimicum
891 1014 997 1074 luisse.
1017 1014 1069 1077 94.

37 1101 99 1168 An,
123 1114 216 1172 quum
238 1095 357 1155 videam
379 1111 486 1155 navem
503 1095 647 1157 secundis
670 1095 767 1156 ventis
784 1113 905 1157 cursum
920 1104 1081 1158 tenentem·

39 1198 145 1253 suum,
165 1180 192 1240 si
213 1195 274 1240 non
289 1195 357 1240 eum
372 1185 454 1254 petat
468 1186 606 1255 portum,
629 1195 718 1254 quem
740 1195 797 1254 ego
819 1178 984 1254 aliquando
999 1196 1070 1255 pro-

37 1263 118 1335 bavi,
136 1260 293 1323 sodalium
305 1278 366 1322 non
378 1261 476 1321 minus
488 1268 686 1335 tutumatque
697 1261 899 1335 uaoquillum,
916 1279 985 1323 cum
997 1270 1071 1323 tem-

40 1355 160 1421 pestate
174 1361 307 1420 pugnem
321 1343 496 1420 periculose
509 1345 612 1419 potius
624 1361 714 1420 quam
724 1344 768 1404 illi
783 1346 881 1406 salute
891 1347 1072 1419 praesertim

38 1429 197 1505 proposita
212 1429 418 1502 obtemperem
429 1435 461 1488 et
471 1434 615 1502 paream?
628 1427 693 1503 Ego
705 1443 778 1489 vero
793 1428 869 1488 haec
881 1427 983 1500 didici,
994 1428 1072 1489 baec

37 1511 109 1581 vidi
119 1511 194 1570 haee
203 1511 316 1586 scripta
324 1509 480 1586 legimaee
488 1508 1071 1587 desapientissimisetolarissimisviris

39 1595 104 1654 etin
112 1594 170 1654 hac
177 1610 210 1653 re
218 1594 341 1669 publice
355 1601 386 1655 et
397 1592 681 1654 inaliiscivitatibus
689 1602 885 1655 monumenta
898 1595 1070 1655 nobislille-

38 1693 91 1737 rae
105 1676 313 1752 prodiderunt,
332 1694 395 1737 non
415 1692 538 1751 semper
551 1677 676 1736 easdem
697 1676 863 1736 sententies
885 1676 924 1735 ab
942 1674 1069 1747 eisdem,

39 1761 96 1820 sed
117 1774 330 1832 quascumque
354 1755 559 1831 reipublicae
580 1765 693 1827 status,
715 1759 869 1817 inclinatio
891 1764 1071 1830 temporum,

38 1841 116 1901 ratio
132 1839 314 1900 concordiae
328 1841 505 1915 postularet,
521 1855 592 1901 esse
610 1840 765 1899 dolenses
805 1839 894 1915 Quod
908 1854 966 1912 ego
984 1847 1015 1898 et
1029 1840 1072 1896 la·

40 1925 104 1996 cio,
126 1921 316 1992 Laterensis,
339 1929 369 1983 et
384 1936 505 1996 semper
519 1922 643 1996 laciam,
657 1919 902 1999 libertatemque,
928 1936 1018 1994 quam
1039 1927 1071 1981 tu
1127 1944 1131 1953 ·

39 2008 71 2069 in
79 2022 126 2065 me
134 2004 274 2080 requiris,
283 2020 544 2079 quamegoneque
551 2003 650 2064 dimisi
658 2019 910 2079 umquamneque
917 2001 1072 2075 dimittam,

40 2108 101 2150 non
112 2089 144 2149 in
155 2086 335 2164 pertinacia,
347 2087 405 2147 sed
415 2086 447 2146 in
458 2088 803 2162 quadammodcratione
809 2085 941 2162 positam
950 2085 1071 2161 putabo.

91 2173 151 2231 XL.
165 2167 215 2231 ab.
228 2171 313 2232 Nunc
325 2169 415 2231 venio
426 2171 554 2231 ad'illud
569 2176 747 2245 extremum,
761 2171 791 2230 in
804 2186 865 2246 quo
879 2167 990 2242 dixisti,
1003 2171 1073 2229 dum

40 2258 160 2317 Prome
179 2259 211 2316 in
234 2271 280 2314 me
294 2257 430 2315 meatum
443 2255 538 2315 verbis
550 2257 741 2329 extollerem,
761 2271 808 2316 mc
822 2269 924 2315 urcem
935 2252 1042 2325 faeere
1056 2269 1073 2313 e

40 2342 143 2400 cloaca
162 2339 349 2414 lapidemque
373 2356 393 2398 e
414 2341 550 2413 sepulcro
567 2341 706 2399 oenerml
713 2354 772 2414 pro
786 2340 861 2401 cleo.-
889 2353 982 2412 nepae
995 2337 1073 2397 enim

40 2424 113 2482 milli
128 2423 306 2482 insidiarum
312 2424 482 2496 periculam
497 2424 591 2482 ullam
603 2438 697 2497 nepae
715 2425 815 2483 mortis
832 2421 937 2493 faisse.
981 2416 1072 2479 Cuius
1138 2434 1145 2441 ·

42 2520 101 2578 ego
116 2504 261 2579 temporis
275 2503 423 2565 rationem
439 2502 600 2578 explicabo
615 2502 700 2565 brevi
715 2519 816 2581 neque
828 2503 951 2563 invitus.
994 2499 1073 2559 Nihil

42 2587 122 2647 enim
138 2595 186 2648 est
199 2603 238 2647 ex
251 2585 328 2647 meis
343 2586 540 2663 temporibus,
555 2587 638 2661 quod
650 2587 749 2648 minus
763 2592 962 2662 pervagatum
977 2582 1073 2656 quod-

43 2687 104 2745 que
118 2671 216 2730 minus
233 2676 285 2729 aut
303 2685 370 2729 mea
388 2671 672 2731 commemoratione
693 2670 877 2730 celebratum
897 2668 936 2728 sit
955 2673 1007 2725 aut
1020 2664 1074 2724 ho·

42 2752 173 2815 minibus
188 2751 323 2813 auditum
339 2761 430 2828 atque
444 2760 557 2815 nolum.
584 2753 649 2827 ago
664 2751 752 2826 enim,
768 2751 952 2823 Laterensis,
965 2764 1006 2808 ex
1023 2746 1074 2807 illo

43 2836 185 2897 incendio
202 2837 320 2911 legum,
342 2835 434 2908 iuris,
453 2843 594 2909 senatus,
621 2836 772 2897 bonorum
793 2832 926 2895 omnium
949 2831 1074 2903 cedens,

46 2935 142 2992 quum
163 2933 231 2978 mea
250 2919 360 2980 domus
373 2919 486 2991 ardore
499 2935 556 2979 suo
571 2917 821 2995 deflagrationem
835 2915 901 2977 urbi
915 2922 1008 2989 atque
1018 2914 1075 2973 lta-

44 2999 162 3060 liaetoti
172 3002 344 3075 minaretur,
353 3000 413 3063 nisi
423 3000 759 3075 quievissem,Siciliam
773 2996 983 3077 petivianimo,
997 3011 1076 3071 quae

44 3093 76 3144 et
89 3086 158 3161 ipsa
172 3092 238 3145 erat
250 3084 323 3145 mihi
336 3085 415 3146 sicut
429 3086 539 3145 domus
554 3101 614 3145 una
629 3083 790 3145 coniuncta
810 3090 842 3143 et
855 3079 1045 3141 obtinebatur
1057 3095 1076 3138 a

43 3169 73 3227 C.
86 3167 237 3242 Vergilio,
253 3185 385 3243 quocum
400 3182 524 3228 menno
544 3169 594 3228 vel
607 3166 738 3227 maxime
753 3181 847 3241 quum
860 3170 997 3225 vemstas
1014 3170 1076 3223 tum

42 3251 186 3327 amicitia,
215 3269 308 3326 quum
337 3251 396 3313 mei
417 3251 516 3311 fratris
531 3251 660 3325 collegia
679 3258 742 3311 tum
761 3250 806 3309 rei
828 3245 968 3322 publicae
982 3259 1077 3304 eausa

43 3334 185 3395 sociarat.
205 3332 257 3395 96.
272 3334 352 3395 Vide
373 3350 453 3395 nuno
468 3332 626 3407 caliginem
640 3339 811 3407 temporum
822 3330 952 3393 illorum.
979 3326 1077 3420 Quum

42 3418 110 3492 ipsa
125 3417 337 3495 paeneinsula
348 3417 421 3477 mihi
435 3430 508 3477 sese
522 3415 644 3477 obviam
660 3415 740 3475 lerre
762 3417 860 3487 vellet
879 3419 1003 3487 praetor
1015 3408 1075 3481 ille,
