2340 3788
385 174 748 266 :amusan
1052 201 1113 267 m

83 350 260 414 custodiam
272 349 444 425 repudiata,
465 364 523 424 pro
540 347 689 408 clientelis
703 347 904 427 hospitiisque
921 352 1114 428 provinciali.-

82 438 161 508 bus,
184 440 383 509 quaestuum
407 431 531 492 urbanis
553 430 664 506 opibus
684 446 745 490 non
766 432 879 494 minore
900 436 1010 498 labora
1025 444 1114 500 tueor

84 534 179 595 quam
200 530 360 591 comparo,
380 512 500 590 probis
521 513 611 588 igitur
630 513 771 574 omnibus
784 516 891 589 rebus,
914 534 969 592 pro
984 521 1060 584 meis
1080 523 1112 583 in

83 592 142 662 vo's
161 598 366 675 'singularibus
387 597 496 660 studiis
517 613 637 671 proque
658 597 730 668 hac,
755 606 844 671 uuam
861 601 1047 678 perspicitis,
1071 605 1111 666 ad

84 683 403 752 conservandamrem
414 679 568 756 publicam
577 678 733 754 diligentia
743 677 844 739 nihila
856 679 943 739 vobis
954 682 1012 744 nisi
1020 686 1110 749 huius

83 762 232 845 temporis
247 763 403 840 totiusque
418 762 478 822 mei
493 765 669 824 consulatus
685 761 862 824 memoriam
875 764 1020 836 postulot,
1034 787 1111 843 quae

83 852 157 912 dum
173 848 231 910 erit
243 845 355 909 vestris
368 847 432 906 fixa
445 845 612 919 mentibuS,
633 845 784 908 tutissimo
804 861 854 905 me
874 859 961 903 muro
977 859 1111 924 saeptum

83 950 156 996 esse
171 931 349 993 arbitrabor.
379 929 468 1004 Quod
483 930 510 988 si
525 945 622 989 meam
642 946 729 1005 spem
745 931 791 990 vis
806 926 1014 1002 improborum
1030 932 1112 994 telel-

82 1017 151 1078 lerit
160 1024 255 1099 atque
267 1011 465 1088 superaverit,
479 1013 658 1074 commendo
668 1012 757 1074 vobis
767 1028 895 1087 parvum
902 1012 1111 1088 meumfillum,

84 1099 132 1161 eui
142 1096 286 1175 prolecto
299 1096 374 1157 satis
387 1094 443 1156 erit
453 1096 599 1171 praesidii
611 1113 671 1157 non
686 1096 785 1157 solum
800 1096 839 1154 ad
854 1094 991 1168 salutem,
1008 1098 1113 1158 verum

83 1181 230 1245 etiamad
246 1178 436 1256 dignitatem,
452 1178 479 1240 si
494 1178 577 1253 eius,
596 1179 648 1254 qui
662 1180 737 1240 haee
756 1177 857 1239 omnia
874 1194 930 1239 suo
946 1177 1043 1245 solius
1061 1196 1113 1255 pe·

82 1267 180 1329 riculo
195 1262 399 1337 conservarit,
417 1263 500 1323 illum
517 1262 610 1323 tilium
628 1280 699 1324 esse
714 1260 918 1323 memineritis.
960 1261 1012 1324 al.
1035 1262 1108 1336 Quu-

83 1357 212 1426 propter
223 1348 262 1408 de
273 1363 389 1408 summa
403 1350 501 1408 salute
512 1355 613 1408 vestra
624 1348 790 1422 populique
800 1343 938 1416 Romani,
951 1345 989 1407 de
1003 1346 1112 1409 vestris

84 1432 268 1507 coningibus
282 1447 319 1491 ac
330 1429 442 1504 liberis,
459 1431 498 1490 de
512 1429 621 1490 arisae
636 1429 723 1502 locis,
739 1431 777 1490 de
790 1431 867 1489 lanis
879 1436 970 1503 atque
982 1430 1113 1504 templis,

82 1517 126 1578 tie·
137 1514 233 1578 totius
248 1513 331 1574 urbis
348 1515 435 1575 tectis
450 1530 486 1574 ac
502 1508 642 1586 sedibus,
658 1514 696 1573 de
710 1512 835 1589 imperio
852 1529 888 1572 ac
904 1511 1056 1583 libertate,
1072 1514 1112 1575 'de

83 1601 184 1661 salute
199 1596 313 1671 ltaliae,
332 1599 370 1657 de
386 1597 530 1658 universa
545 1613 578 1656 re
592 1596 714 1672 publica
727 1596 881 1657 decernite
896 1595 1063 1672 diligenter,
1080 1604 1113 1658 ut

81 1680 274 1752 instituistis,
291 1696 329 1740 ac
346 1676 468 1740 lortiter.
498 1678 623 1739 Habetis
638 1696 706 1739 euru
722 1681 878 1740 consulem
893 1680 945 1752 qui
960 1687 990 1739 et
1003 1694 1111 1752 parere

82 1764 196 1827 vestris
212 1764 343 1823 decretis
357 1779 417 1823 non
432 1759 549 1821 dubitet
562 1770 592 1820 et
607 1777 652 1833 ea,
669 1776 747 1835 quae
762 1760 934 1835 statueritis,
951 1760 1054 1836 quoad
1067 1762 1106 1823 vi-

79 1858 150 1921 vet,
168 1844 335 1905 defendere
350 1852 379 1904 et
395 1842 612 1917 perseipsum
627 1852 782 1918 praestare
798 1842 905 1918 possit.

495 2082 712 2095 *na—nnn·-

377 2275 420 2358 Μ.
450 2275 586 2358 runnu
607 2274 821 2364 ‚tirannus
897 2271 900 2279 ·

197 2415 318 2564 rna
353 2418 398 2516 n
434 2416 697 2548 nonnul
732 2417 996 2515 nutrio.

511 2613 679 2622 ————

395 2684 839 2781 naeunnnron'

152 2827 264 2880 Comitiis
283 2830 469 2893 consularibus,
489 2846 554 2894 quae
571 2831 605 2885 M.
625 2829 710 2882 Cicero
728 2848 794 2883 anno
810 2847 837 2898 p.
857 2848 882 2880 u.
905 2844 928 2877 c.
947 2824 992 2878 eat
1013 2823 1109 2886 habuit,

80 2898 113 2952 D.
130 2898 215 2948 lunius
229 2896 330 2948 Silanus
348 2906 372 2948 et
388 2899 418 2953 L.
434 2899 549 2949 Licinius
562 2900 666 2949 Murena
685 2901 745 2951 laeti
762 2907 842 2958 erant,
861 2894 988 2960 repulsam
1004 2895 1109 2947 tulerant

79 2968 112 3020 L.
134 2966 239 3032 Sergius
263 2966 369 3017 Catilina
393 2976 418 3016 et
441 2967 545 3019 Servius
566 2967 705 3034 Sulpicius,
733 2982 839 3031 quorum
856 2964 964 3015 Catilina
986 2966 1012 3015 vi
1035 2962 1109 3028 aliua

80 3035 161 3085 caede
182 3035 318 3085 vindictam
342 3036 374 3086 de
395 3037 478 3101 patria
502 3052 601 3088 sumere
625 3038 725 3096 statuit,
753 3034 881 3099 Sulpicius
905 3033 959 3083 iure
981 3034 1109 3085 consultus

80 3107 136 3153 iure
150 3105 235 3168 potius
253 3118 283 3154 ae
300 3103 401 3170 legibus
420 3107 625 3169 competitorem,
652 3107 694 3167 qui
713 3106 817 3164 vicerat,
835 3100 922 3151 ulcisci
942 3101 1027 3154 voluit.
1062 3101 1109 3152 ille

79 3172 161 3237 igitur
179 3174 206 3222 in
223 3173 361 3236 perniciem
381 3187 454 3224 suam
474 3175 538 3232 ruit,
563 3173 690 3238 Sulpicius
707 3173 735 3223 L.
754 3172 885 3222 Murenam
907 3169 939 3222 de
957 3173 1051 3223 ambitu
1066 3186 1108 3220 ac·

79 3241 181 3290 eruerit
198 3241 410 3306 subscriptoribus
428 3241 463 3293 ll.
480 3241 582 3303 Catone,
601 3241 646 3292 Cn.
662 3243 799 3300 Postumio,
816 3237 902 3290 Servio
920 3238 964 3293 Sul
982 3243 1032 3290 icio
1048 3238 1109 3287 ado·

79 3310 201 3364 lescente.
236 3310 300 3359 Acta
324 3325 401 3361 cauea
424 3319 463 3361 eat
481 3326 568 3360 meuse
586 3310 721 3360 Novembri
745 3310 805 3359 anui
827 3322 854 3374 p.
872 3324 898 3361 u.
917 3325 938 3370 c.
957 3255 1024 3366 Cat,
1052 3319 1109 3353 1111111

81 3376 188 3426 Catilina
202 3376 296 3428 bellum
311 3379 362 3428 iam
376 3386 484 3444 gereret.
521 3379 640 3429 Defendit
652 3378 781 3428 Murenam
795 3390 917 3428 unacum
933 3378 961 3436 Q.
977 3372 1109 3424 Hortensio

78 3454 105 3494 et
121 3444 157 3496 tl.
178 3444 267 3496 Crasso
286 3446 318 3496 Μ.
339 3445 437 3506 Cicero,
460 3449 504 3509 qui
522 3446 663 3498 admirabili
682 3447 822 3496 urbanitate
840 3455 951 3495 extremo
970 3442 1027 3490 loco
1046 3438 1110 3489 dixit
