2340 3788
75 200 142 249 xxil
329 191 554 242 Mantuanorum
569 191 670 241 turin
689 189 855 242 CICERONIS
932 228 934 232 >

33 389 39 398 ·
85 376 131 411 Anni
173 379 218 412 nnis
963 384 966 391 ‘
1051 375 1097 414 Aul

86 415 136 454 ilc.
172 417 222 453 cit.
1055 415 1092 455 Cis.

86 491 134 545 711
180 494 215 547 43
248 496 334 546 Cicero
348 493 511 556 Plutppteoen
529 493 643 556 priimam,
662 494 688 541 iu
706 504 756 553 qua
773 491 925 557 legationem
942 493 1020 542 istam
1055 492 1090 550 64

248 571 275 613 ut
293 570 395 612 senatus
412 568 437 609 et
452 560 540 625 populi
555 560 661 609 Romani
676 559 807 611 maiestate
821 560 951 624 indignam
967 561 1020 610 dis-

248 633 327 680 suasit
350 636 388 692 et,
412 637 439 677 ut
460 629 539 677 hostis
563 629 716 678 iudicaretur
731 628 872 687 Antonius,
894 628 1017 677 incubuit.
1062 681 1064 683 ,

247 700 330 749 Pridie
353 706 436 746 tamen
458 695 528 745 Nou:
545 695 598 749 lan.
616 695 710 745 iactum
728 702 767 744 cst
785 693 891 755 SGtum,
914 704 942 745 nt
962 694 1017 745 Ser.

247 766 388 831 Sulpicius,
413 764 442 812 L.
461 764 534 822 Piso,
551 763 581 812 L.
602 763 733 829 Philippus
756 776 814 812 cum
837 764 963 813 mandatis
984 766 1019 814 ad

248 835 390 889 Antonium,
401 831 619 896 proficiscerentur
635 833 708 893 eique
727 831 917 891 denunciarent,
937 847 969 880 ne
985 831 1017 880 D.

246 902 349 951 Brutum
367 907 533 965 oppugnaret,
552 913 584 947 ne
600 899 711 949 delectus
726 899 842 956 haberem
864 907 889 947 ct
904 907 932 948 ut
950 909 1018 948 esset

246 972 272 1020 iu
290 968 317 1023 S.
328 970 356 1022 P.
368 967 397 1027 Q.
408 969 439 1018 R.
456 975 588 1032 potestate.
623 966 661 1016 De
679 983 708 1017 eo
722 966 785 1016 scta
802 965 897 1026 Cicero,
916 968 943 1016 iu
957 983 1017 1017 con-

246 1039 340 1087 tionem
361 1037 498 1100 productus
518 1035 548 1084 ab
566 1036 692 1099 Appuleio
709 1036 768 1085 trib.
786 1034 821 1098 pl.
843 1034 876 1084 ad
893 1034 1016 1099 populum

246 1106 340 1155 rettulit
352 1104 494 1167 Paurppicc
507 1110 591 1156 seam.
613 1102 699 1152 Paullo
714 1109 773 1167 post
788 1117 846 1151 curn
860 1103 944 1152 Pansa
958 1117 1017 1153 con-

246 1171 286 1221 sul
303 1178 418 1220 senatum
436 1174 468 1222 de
480 1172 564 1235 Appio
578 1172 620 1220 via
637 1181 662 1220 et
679 1172 711 1220 de
725 1171 834 1230 Moneta,
852 1184 918 1219 unus
931 1179 1016 1220 autem

246 1240 303 1288 trlb.
316 1240 352 1303 pl.
372 1240 404 1290 de·
417 1240 537 1303 Lupercis
555 1238 729 1297 consuluisset,
749 1237 834 1288 Cicero
852 1239 879 1287 in
893 1240 1014 1288 sententia

247 1307 353 1357 dicenda
368 1322 485 1373 egressus
499 1315 537 1356 est
545 1307 692 1356 relationem
702 1315 727 1354 et
735 1304 889 1370 (Pbriippr'm
897 1307 1015 1370 septima)

245 1389 333 1438 pacem
347 1390 404 1426 cum
419 1377 529 1426 Antonio
544 1375 673 1435 dissuasit,
691 1375 751 1437 quia
764 1374 846 1438 turpis
863 1382 938 1434 esset,
956 1376 1016 1436 quia

245 1443 394 1506 penuriosa,
413 1445 474 1506 quia
490 1454 547 1493 esse
564 1458 614 1492 non
628 1449 723 1507 posset.
751 1442 841 1506 Legati
856 1443 887 1491 ab
904 1444 1013 1492 Antonio

245 1509 358 1575 (praeter
382 1509 436 1561 Ser.
461 1510 615 1575 Sulpicium,
638 1512 681 1572 qui
703 1511 731 1559 in
753 1510 881 1574 legatione
904 1508 1013 1576 obierat)

245 1579 316 1627 initio
336 1579 406 1627 Febr.
425 1579 531 1628 Romam
550 1580 646 1629 reversi
662 1577 826 1628 intolerabilia
845 1579 958 1653 Antonii·
969 1594 1014 1643 po-

245 1646 336 1695 stulata
357 1647 514 1696 rettulerunt.
550 1645 657 1696 Senatus
678 1640 813 1696 sommium
830 1646 1014 1695 decernendum

217 1764 220 1768 ,
245 1715 356 1773 censuit,
380 1728 437 1763 curn
454 1713 514 1763 belli
531 1729 622 1764 nomeu
639 1712 851 1771 nonnullislraud
867 1714 1013 1777 placuisset,

245 1783 314 1844 quod
337 1780 422 1831 Cicero
442 1778 506 1832 idib.
524 1782 598 1836 Mart.
617 1781 758 1844 Philippica
774 1789 863 1841 cctam
879 1781 1013 1846 reprehen-

244 1851 280 1900 dit
302 1849 449 1913 Fuflumque
473 1849 592 1901 Calenum
615 1851 647 1900 de
670 1864 733 1914 pace
756 1856 873 1913 agentem
899 1850 1018 1910 aliosque

244 1918 353 1968 Antonio
378 1918 492 1982 inventes
515 1920 667 1984 obiurgavit.
701 1918 826 1968 Postridie
848 1931 906 1965 cum
922 1917 955 1966 de
974 1933 1014 1966 or-

243 1987 327 2036 nando
342 1983 395 2038 Ser.
406 1985 517 2052 Sulpicio
532 1988 559 2036 iu
573 1995 662 2037 senatu
671 1992 796 2051 ageretur,
808 1983 893 2034 Dicere
904 1992 1014 2035 statuam

243 2054 385 2118 pedestrem
406 2069 511 2104 aeneam
534 2056 561 2102 in
585 2054 683 2103 Rostris
706 2054 731 2102 ci
751 2053 894 2118 ponendam
916 2055 1014 2102 censuit
1060 2064 1064 2072 ·

242 2120 383 2182 Philippica
401 2136 476 2174 nonu.
510 2120 602 2170 Postea
624 2135 681 2169 cum
702 2122 784 2172 Pausa
807 2135 861 2175 cos.
884 2121 919 2174 bl.
942 2120 1013 2170 Bruti

243 2187 278 2250 (s.
304 2187 334 2246 Q.
359 2186 491 2253 Caepionis
513 2187 598 2252 Bruti)
621 2189 716 2238 litteras
744 2188 845 2255 publice
866 2189 957 2238 missas
982 2190 1014 2239 de

242 2255 316 2304 rebus
333 2256 360 2304 in
378 2257 523 2307 Macedonia
541 2255 645 2307 feliciter
662 2258 742 2323 gestis
758 2259 889 2307 recitasset
906 2271 1013 2319 eumque

243 2322 272 2382 Q.
289 2322 375 2374 Pullus
391 2323 497 2374 Galenus
516 2333 696 2391 oppugnasset,
713 2324 799 2375 Cicero
813 2323 955 2386 Philippica
970 2325 1013 2375 de-
1036 2336 1041 2345 ‘

242 2393 303 2438 cirria
321 2389 439 2441 Calenum
462 2393 580 2443 relirtarit
603 2403 627 2444 et
653 2394 682 2452 Q.
701 2393 833 2442 Hortensio
850 2391 1013 2443 Macedoniae

242 2472 357 2522 procos,
386 2461 431 2522 qui
452 2460 557 2510 Brutum
586 2463 612 2511 in
636 2461 805 2525 comparando
829 2461 940 2510 exercitu
967 2463 1012 2510 ad-

241 2527 352 2585 iuvaret,
382 2528 456 2578 huius
485 2530 629 2593 provinciae
658 2528 899 2579 administrationem
923 2528 1012 2578 confir-

182 2634 188 2644 .
227 2593 358 2643 mandam
376 2610 432 2645 esse
451 2600 554 2650 censuit.
590 2599 695 2648 Etcum
715 2605 773 2646 ante
790 2596 844 2645 lial.
863 2596 943 2660 April.
961 2598 1012 2646 Ro-

241 2677 307 2711 mam
331 2663 433 2712 allatum
457 2672 523 2714 esset
541 2666 573 2715 de
590 2674 670 2717 morta
688 2665 715 2716 G.
733 2664 864 2724 Trebonii,
888 2679 963 2726 quern
980 2667 1009 2714 P.

240 2730 370 2781 Dolabella
379 2730 499 2798 Smgmae
514 2733 686 2784 crudelissime
697 2734 851 2784 verberibus
858 2746 889 2780 ao
900 2740 1010 2781 tormen-

240 2802 272 2848 tis
285 2801 422 2849 cruciatum
435 2800 601 2862 interiecerat,
612 2804 684 2865 isque
696 2801 778 2852 hostis
793 2801 918 2851 iudicatus
934 2810 1009 2860 asset,

241 2867 327 2918 Cicero
344 2869 479 2933 postridie,
500 2885 557 2919 curu
577 2870 609 2920 de
625 2872 776 2935 imperatore
793 2869 914 2930 adversus
933 2868 1010 2918 Dola·
1043 2915 1048 2920 .

240 2936 331 2985 bellam
349 2945 476 3002 ageretur,
494 2937 658 3000 Philippicam
672 2938 759 2988 habuit
777 2937 941 2996 mrdsdmanm
961 2951 1010 2998 qua

216 3003 218 3014 ”
240 3002 266 3052 (i.
286 3003 400 3054 Gessium
420 3005 584 3071 deligendum
606 3021 675 3067 esse,
702 3009 745 3069 qui
765 3004 922 3056 Dolabellam
943 3011 1010 3065 terra

239 3074 351 3133 marique
367 3084 572 3137 persequeretur,
590 3075 779 3126 demonstrarit.
814 3073 927 3123 Eundem
945 3087 1008 3129 rem,

239 3139 375 3201 productus
389 3156 405 3191 a
419 3142 452 3191 M.
467 3139 574 3193 Servilio
585 3143 643 3191 tuis.
653 3141 689 3207 pl.
704 3145 730 3192 in
746 3143 1010 3205 contionem-magna

239 3208 398 3257 contentione
422 3224 571 3272 summoque
598 3210 706 3261 clamore
730 3218 754 3261 et
776 3224 902 3261 consensu
919 3209 1009 3273 populi
1060 3211 1063 3218 “

239 3274 299 3337 egit.
337 3275 434 3326 Deinde
458 3293 514 3328 cum
533 3278 616 3327 Pansa
637 3292 689 3328 cos.
709 3277 848 3344 delegatis
866 3276 1009 3327 iterumad

238 3342 376 3392 Antonium
397 3343 428 3392 de
449 3359 512 3408 paco
531 3346 661 3395 mittendis
677 3347 828 3405 rettulisset,
853 3348 937 3409 iique,
964 3345 1006 3405 qui

237 3410 313 3475 primi
329 3414 479 3462 sententiam
496 3414 618 3474 dixerant,
637 3412 703 3463 hanc
715 3414 869 3481 legationem
880 3413 909 3463 P.
922 3411 1007 3462 Servi-
