2340 3788
376 198 457 257 CAP.
474 204 603 259 ts—lo.
623 202 649 263 S·
666 204 798 258 att-ot.
1038 196 1102 262 255

69 348 157 426 quod
179 362 338 407 commune
358 347 519 409 consilium
538 348 622 423 quod
641 356 702 407 turn
719 365 779 408 non
794 348 1103 412 bonorificentissime

68 434 110 494 de
129 447 200 491 mea
221 430 319 491 salute
340 430 543 504 decrevisset,
570 446 662 506 quum
685 431 784 491 subito
807 433 930 493 edicunt
950 435 1011 495 duo
1028 450 1121 495 con·.

68 518 172 587 sules,
189 520 223 576 ul
233 512 273 572 ad
286 530 374 573 suum
386 515 526 575 vestitum
538 523 695 574 senatores
706 515 847 574 redirent.
874 515 947 588 Quis
961 534 1102 592 umquam

68 599 180 660 consul
194 605 333 659 senatum
348 597 446 671 ipsius
461 598 592 657 decretis
608 613 715 671 parare
728 597 902 672 prohibuitr
919 602 987 673 quis
998 609 1102 678 tyran·

67 699 131 743 nus
145 680 275 742 miseros
292 681 396 755 lugere
416 680 531 741 vetuit?
560 680 707 740 Parumne
723 689 784 753 est,
807 680 893 754 Piso,
915 691 948 742 ut
969 684 1102 757 omittam
1135 750 1154 761 ,-

71 764 246 837 Gabinium,
265 763 348 839 quod
363 772 477 825 tanturn
492 763 630 824 homines
646 763 793 838 lelellisti,
815 773 848 824 ut
862 765 1038 841 negligeres
1048 758 1106 827 au:
1136 776 1140 781 '

70 847 238 909 cleritatem
262 856 400 920 senatus,
427 847 532 922 optimi
554 847 704 921 cuiusque
728 847 859 908 consilia
879 856 1101 923 contemneres,

69 948 135 992 rem
147 926 298 1007 publicam
310 931 469 1007 proderes,
482 932 644 991 consulare
653 946 763 991 nomen
774 929 962 1008 adllig'erest
971 922 1102 993 etiamne

70 1013 194 1076 edicere
207 1006 337 1086 audeas,
352 1030 391 1072 ne
405 1022 574 1074 maererent
587 1013 726 1074 homines
739 1030 850 1087 meam,
869 1030 970 1088 suam,
985 1013 1029 1074 rei
1044 1033 1101 1090 pu·

69 1097 170 1160 blicae
189 1097 402 1168 calamitatem,
425 1112 464 1157 ne
485 1097 565 1157 hunc
587 1113 676 1158 suum
693 1098 829 1157 dolorem
846 1106 932 1158 veste
947 1098 1100 1173 significa·
1150 1112 1169 1151 ⁶·-

68 1188 160 1242 rentl
192 1179 265 1241 Sive
286 1181 337 1240 illa
358 1181 452 1242 vestis
474 1179 597 1241 mutatio
619 1183 659 1241 ad
683 1182 794 1241 luctum
815 1182 952 1257 ipsorum
974 1182 1039 1242 sive
1052 1182 1100 1241 'ad

69 1265 298 1339 deprecandum
319 1265 452 1340 valebat,
482 1265 552 1339 quis
570 1281 715 1341 umquam
737 1272 798 1325 tam
819 1265 951 1325 crudelis
972 1266 1027 1327 luit
1047 1265 1100 1343 qui
1169 1283 1170 1292 ¹

69 1347 245 1423 prohiberet
265 1364 449 1424 quemquam
468 1356 519 1409 aut
535 1349 593 1408 sibi
613 1364 749 1410 maerere
766 1358 817 1409 aut
837 1349 965 1410 caeteris
983 1366 1041 1429 sup
1065 1350 1153 1417 tt·„‚.‚.-.

68 1437 163 1492 carel
191 1430 241 1492 lli.
263 1431 363 1505 Quina
380 1450 437 1494 sua
451 1440 561 1509 sponte
575 1432 713 1494 homines
728 1432 757 1491 in
773 1433 938 1493 amicorum
954 1433 1100 1508 perionis

69 1514 210 1575 vestitum
225 1525 341 1577 mutare
357 1534 417 1577 nou
433 1518 553 1578 solenti
569 1533 625 1591 pro
640 1517 768 1591 teipso,
785 1510 1018 1591 Pis'o,'nemott'e
1032 1518 1099 1577 niu·

67 1596 163 1659 ntur
185 1614 224 1659 ne
237 1598 287 1658 isti
301 1599 439 1674 quidem,
463 1617 542 1676 quos
557 1601 674 1675 legatos
691 1614 751 1658 non
768 1600 860 1659 modo
875 1601 958 1659 nullo
973 1600 1098 1661 senalus

68 1682 223 1751 consulto,
256 1683 311 1741 sed
337 1684 426 1742 etiam
451 1678 640 1755 repugnante
666 1691 773 1741 senatu
799 1683 851 1742 tibi
879 1691 942 1743 tute
966 1685 1098 1757 legantis

65 1764 147 1839 Ergo
163 1762 293 1823 hominis
309 1765 463 1837 desperati
483 1771 513 1822 et
531 1764 697 1838 proditoris
716 1764 761 1823 rei
777 1764 917 1838 publicae
932 1780 1037 1825 casum
1053 1769 1097 1825 lu·

64 1848 181 1921 gebunt
201 1846 331 1904 tortasse
353 1848 405 1920 qui
423 1847 540 1905 volent:
564 1844 640 1904 civis
657 1844 865 1905 florentissimi
884 1846 1097 1908 benevolentia

63 1931 216 1990 bonorum
235 1935 264 1986 et
281 1927 394 2002 optime
409 1928 448 1986 de
466 1929 561 1987 salute
585 1928 699 2003 patriae
715 1928 811 1988 meriti
837 1929 1002 2002 periculum
1025 1946 1097 1990 con·

63 2015 202 2074 iunctum
223 2024 292 2070 curn
313 2010 449 2086 periculo
471 2010 599 2071 civitatis
619 2013 723 2086 lugere
748 2012 866 2072 senatui
891 2029 952 2072 non
976 2013 1098 2073 licebitl

64 2097 161 2156 lidem
177 2095 335 2169 consuleS,
356 2094 383 2156 si
397 2095 571 2170 appellandi
586 2103 657 2155 sunt
672 2098 830 2170 consuleS,
852 2113 931 2173 quos
945 2112 1034 2157 nemo
1050 2108 1098 2160 est

65 2179 140 2255 quin
156 2194 217 2237 non
233 2179 325 2240 modo
342 2195 382 2239 ex
399 2178 558 2250 memoria,
581 2180 637 2239 sed
658 2179 746 2239 eliam
762 2196 801 2239 ex
816 2180 902 2240 lastis
919 2180 1096 2253 evellendos

65 2269 172 2341 putet,
195 2271 283 2339 pacto
304 2262 364 2339 iarn
384 2263 508 2329 loedere
532 2262 771 2339 provinciarum,
800 2264 939 2339 producti
962 2264 993 2323 in¹
1013 2262 1095 2325 circo

64 2338 209 2406 Flaminio
224 2345 254 2405 in'
270 2342 443 2406 c'ontlonem
457 2346 495 2405 ab
510 2345 560 2406 illa
572 2347 650 2406 suria
664 2364 701 2407 ac
716 2354 803 2423 peste
818 2348 948 2423 patriae,
963 2348 1094 2409 maximo

66 2442 133 2489 curn
151 2428 264 2502 gemitu
285 2438 387 2490 vestro
404 2430 455 2489 illa
475 2431 591 2503 omnia,
615 2447 694 2505 quae
715 2441 776 2492 tum
791 2440 897 2492 contra
914 2448 962 2492 me
977 2442 1095 2493 contra-

67 2528 127 2587 que
143 2528 211 2577 reut
228 2513 380 2588 publicam
401 2554 533 2571 .......
550 2531 629 2574 voce
650 2531 687 2575 ac
708 2515 857 2576 sententia
877 2532 935 2576 sua
955 2531 1095 2590 compro—

64 2597 223 2656 baverunt.
264 2596 329 2656 XV.
349 2594 461 2657 Iisdem
485 2599 663 2657 consulibus
683 2599 860 2681 sedentibus
881 2608 972 2676 atque
992 2600 1101 2683 inspcy¹

66 2678 216 2740 ctantibus
231 2682 291 2741 lata
304 2682 355 2740 lex
376 2688 437 2753 est,
457 2696 496 2739 aa
509 2696 648 2768 insueta
663 2676 832 2758 vinuli,
852 2698 890 2741 nu
904 2698 971 2751 ouis
986 2642 1165 3011 blau>

66 2778 188 2834 crinea,
206 2780 245 2822 mc
259 2780 325 2832 ouis
340 2779 407 2823 incr
422 2778 654 2823 rnrnncaoaanr:
677 2782 714 2824 ur
729 2782 857 2827 onnreus
872 2778 975 2826 rrsrrs
990 2780 1095 2825 orrens

64 2860 161 2903 trouu
182 2862 268 2906 eruar
288 2863 426 2906 cronaca:
452 2863 558 2906 uranx
572 2838 694 2921 Aranni}¹
709 2832 774 2909 nnn
783 2840 879 2910 Furii·
892 2836 930 2910 'iric
944 2864 1094 2908 vnnnaurx

65 2946 126 3002 qua
141 2946 202 2989 una
215 2931 372 3006 rogatione
388 2930 457 3005 quis
475 2940 523 2991 est
539 2933 590 3006 qui
605 2949 665 2992 non
681 2933 827 3009 intelligat
844 2934 1015 2993 universam
1030 2949 1095 2993 rem

65 3012 216 3087 publicam
237 3031 308 3075 esse
329 3016 481 3095 deletam?
521 3014 571 3076 34.
594 3016 706 3075 Iisdem
728 3017 906 3077 consulibus
922 3012 1105 3092 inspectans

62 3095 144 3155 tibus
171 3114 330 3159 servorum
353 3099 490 3159 delectus
514 3099 703 3169 habebantur
726 3117 781 3183 pro
811 3100 950 3160 tribunali
968 3100 1094 3161 Aurelio

63 3176 187 3323 nor'Qine
199 3182 411 3269 collegiorum,
429 3199 521 3259 quum
532 3176 653 3242 vicatir'n
664 3182 804 3244 homines
819 3184 1092 3255 conscriberentur,

64 3263 121 3323 dec
144 3252 307 3336 biarenlur,
329 3266 368 3326 ed
384 3258 460 3337 vi'm,
479 3266 520 3327 ad
533 3283 656 3337 manus,
681 3268 720 3326 ad
734 3267 876 3339 caedem,
895 3269 934 3328 ad
949 3267 1092 3343 direptio-

63 3363 133 3407 nem
155 3348 359 3408 incitarentur.
399 3350 512 3410 lisdem
533 3350 710 3412 oonsulibus
731 3366 814 3410 arma
834 3351 864 3410 in
879 3355 1024 3427 templum
1039 3350 1093 3408 Ca-

62 3430 158 3491 storis
177 3431 277 3507 palam
292 3434 574 3511 comportabantur,
595 3435 708 3509 gradus
730 3433 867 3496 eiusdem
884 3435 986 3511 templi
1009 3434 1092 3494 tolle·
1162 3468 1165 3473 ·
