2340 3788
107 191 171 259 aas
312 238 314 247 Α
384 190 459 252 rao
474 190 508 264 o.
525 188 683 251 nrcnmo
700 155 852 250 oanrto.
966 182 970 191 '

109 338 172 410 lum
191 344 281 406 etiam
300 343 437 404 doctrina
456 341 610 402 excellens
631 354 728 414 genus
747 340 808 400 hoc
828 355 954 402 causae
971 343 1059 418 quod
1071 349 1128 403 essa

108 447 170 490 non
188 426 304 486 viderit.
353 425 428 484 Nam
460 424 487 483 si
507 421 653 496 vidisset,
674 423 783 497 quovis
806 424 956 498 profecto
981 442 1074 501 quum
1093 427 1152 486 ista·

108 511 201 572 modo
214 526 232 568 a
245 516 275 569 te
291 507 340 583 agi
355 506 520 568 maluisset.

169 592 281 666 ,arguis
297 592 448 651 latentem.
484 589 556 667 Non
566 595 613 647 est
627 587 712 648 satis.
753 588 897 649 Accusas
912 604 1002 666 eum,
1019 593 1072 666 qui
1085 607 1128 651 cau·

109 693 174 737 sam
189 675 280 735 habet
295 679 355 745 aut,
369 681 402 733 ut
416 687 474 746 ego
491 671 570 744 dico,
584 668 741 730 meliorem
757 686 848 744 quam
864 678 900 731 tu
916 681 988 748 aut,
1003 681 1039 734 ut
1052 683 1084 736 tu
1095 674 1128 742 vis,

106 773 222 835 parem.
267 754 315 817 11.
335 756 419 814 Haec
434 751 630 826 admirabilia,
646 753 703 812 sed
719 751 851 827 prodigii
872 753 982 816 simile
995 765 1060 830 est,
1071 757 1128 832 qual

108 842 217 903 dicam.
260 839 326 897 Non
346 837 438 897 habet
457 853 525 898 eam
542 834 602 894 vim
621 834 681 895 ista
701 833 874 907 accusatio,
894 843 932 896 ut
957 838 996 912 Q.
1014 838 1127 914 Ligario

108 923 339 993 condemnetur,
356 921 412 980 sed
426 928 459 980 ut
472 926 605 979 necetur.
648 917 715 977 Hoc
730 919 790 992 egit
806 917 884 978 civis
900 919 1072 982 Romanus
1084 930 1127 982 art

94 1013 138 1067 ,te
164 1021 272 1064 nemo:
300 1001 417 1062 externi
436 1003 486 1061 isti
507 1017 609 1061 mores
630 1001 791 1075 usque-ad
813 1003 1007 1074 sanguinem
1038 1003 1126 1066 laciori

107 1088 208 1149 solent
231 1085 302 1146 odio
324 1093 376 1146 aut
399 1085 510 1146 levium
533 1084 716 1144 Graecorum
738 1091 790 1143 aut
803 1082 993 1146 immanium
1007 1087 1125 1148 barbam

106 1186 182 1232 rum.
224 1168 299 1228 Nam
323 1167 395 1243 quid
412 1166 478 1242 agis
494 1167 596 1227 aliud?
618 1172 650 1226 ut
663 1167 778 1226 Romae
792 1183 832 1226 aa
845 1167 908 1227 sitt
932 1177 971 1230 ut
990 1170 1082 1232 domo
1098 1184 1125 1230 ta

106 1259 193 1312 reatt
208 1264 247 1311 ne
258 1266 327 1310 curn
339 1249 460 1324 optimis
472 1249 623 1321 iratribus,
634 1265 673 1308 ne
685 1264 753 1310 cum
764 1249 823 1309 hoc
834 1248 867 1308 Τ.
878 1250 1046 1328 Broccho,
1060 1268 1125 1314 avua·

108 1336 193 1407 culo,
209 1350 247 1393 ne
262 1349 330 1392 cum
348 1333 413 1391 eius
427 1333 505 1405 lilio,
522 1331 706 1393 consobrino
722 1348 790 1406 suo,
805 1348 844 1391 ne
862 1333 1040 1396 nobiseum
1054 1337 1126 1396 rimi

106 1434 146 1477 ne
165 1418 204 1476 sit
219 1416 250 1474 in
265 1413 383 1489 patriar
408 1414 485 1473 Num
500 1421 567 1474 estt
586 1430 657 1473 num
671 1422 773 1489 potest
783 1414 879 1488 magis
894 1412 1014 1478 carere
1029 1420 1075 1480 his
1086 1434 1125 1479 on

106 1497 197 1558 nibus
220 1513 311 1570 quam
334 1502 435 1556 carett
456 1496 541 1556 ltalia
556 1495 747 1570 prohibetur,
763 1498 892 1558 exsulat.
943 1501 1017 1562 Non
1033 1512 1065 1563 tu
1077 1513 1123 1574 ent

108 1596 177 1639 eum
192 1577 289 1654 patria
303 1579 439 1654 privare,
454 1595 515 1652 qua
531 1586 622 1652 caret,
636 1581 693 1639 sed
707 1579 768 1640 vita
782 1579 839 1639 vis.
884 1578 941 1642 12.
957 1587 1002 1645 At
1016 1585 1124 1646 istudne

107 1662 191 1738 apud
203 1678 272 1723 eum
284 1660 406 1736 quidem
418 1661 603 1737 dictatorem,
621 1663 672 1737 qui
685 1679 800 1738 omnes,
819 1679 899 1738 quos
914 1667 1043 1741 oderat,
1056 1672 1123 1728 mon

107 1745 284 1818 mulctabat,
310 1743 471 1819 quisquam
491 1745 551 1818 egit
572 1746 630 1804 isto
657 1746 759 1806 modo.
807 1746 879 1820 Ipse
892 1745 1032 1812 iubebat
1054 1744 1122 1812 occid

106 1829 189 1888 nullo
204 1828 392 1904 postulante,
408 1827 550 1902 praemiis
567 1829 657 1889 etiam
671 1827 838 1910 invitabata
851 1845 936 1904 quae
962 1841 1068 1894 tamen
1080 1848 1123 1892 cru

107 1911 214 1972 delites
229 1910 267 1970 ab
283 1911 342 1972 hoc
357 1911 465 1970 eodem
481 1911 596 1985 aliquot
609 1912 696 1970 annis
711 1919 796 1986 post,
820 1928 912 1985 quem
929 1921 968 1976 tu
985 1934 1068 1977 nunc
1080 1931 1123 1974 cra·

107 1995 206 2053 delam
220 2009 290 2052 esse
312 1991 373 2064 vis,
397 1992 549 2052 vindicata
569 2000 624 2052 est.
666 1994 705 2051 V.
728 1994 791 2068 Ego
812 2010 885 2054 vero
907 1995 1002 2059 istud
1019 2012 1122 2072 noupo

107 2079 196 2149 stulo,
211 2075 341 2149 inquies.
384 2075 428 2133 lta
442 2075 613 2135 mehercule
629 2075 777 2150 existimo,
791 2077 919 2138 Tubero.
972 2083 1056 2144 Novi
1070 2081 1122 2142 enin

105 2165 145 2230 te,
162 2157 232 2216 novi
248 2166 377 2231 patrem,
394 2159 464 2216 novi
480 2158 602 2217 domum
617 2175 788 2232 nomenque
803 2168 960 2221 vestrum:
979 2166 1122 2237 studIage

106 2238 189 2298 neris
209 2255 245 2296 ac
266 2239 395 2298 familiae
418 2248 538 2300 vestrae
568 2240 700 2312 virtutis,
728 2241 940 2315 humanitatiS‚
975 2249 1121 2311 doctrinan

106 2320 303 2396 plurimarum
323 2323 430 2382 artium
452 2330 544 2396 atque
569 2325 747 2398 optimarum
774 2332 845 2384 nota
864 2325 941 2384 mihi
968 2341 1055 2392 sunt
1092 2325 1122 2391 lb

104 2404 211 2478 ltaque
232 2411 313 2463 certo
336 2403 399 2464 scio
422 2421 552 2470 vosynon
575 2415 677 2480 petere
695 2407 881 2481 sanguinem,
897 2411 960 2470 sed
978 2430 1088 2488 parum
1097 2418 1122 2471 at·

105 2484 239 2545 tenditis
281 2487 342 2545 Res
368 2489 446 2546 enim
468 2505 504 2548 eo
527 2495 658 2562 spectat,
681 2498 714 2551 ut
728 2506 764 2548 ea
780 2506 894 2565 poena,
912 2492 947 2551 in
966 2514 1034 2571 qua
1048 2497 1123 2557 adbuc

106 2569 138 2643 Q.
153 2568 289 2642 Ligarlus
306 2577 361 2643 est,
376 2587 437 2630 non
450 2570 611 2630 videamini
633 2587 702 2630 esse
718 2573 857 2633 contenti.
889 2573 981 2644 Quae
994 2590 1046 2641 est
1059 2580 1124 2654 igitur

104 2651 164 2711 alia
180 2661 298 2724 praeter
315 2660 465 2711 mortem?
481 2653 513 2712 Si
528 2656 607 2712 enim
621 2656 711 2714 estin
727 2656 849 2727 exsilio,
867 2655 963 2719 sicuti
980 2671 1046 2736 est,
1073 2657 1124 2737 quil
1146 2702 1149 2707 -

104 2733 233 2807 amplius
247 2736 429 2809 postulatis?
442 2739 498 2806 An,
512 2754 550 2795 ne
565 2736 761 2810 ignoscatur?
773 2740 839 2798 Hoc
851 2755 925 2798 vero
946 2748 1048 2807 multo
1063 2759 1123 2806 acer·

103 2817 171 2876 bius
187 2819 341 2891 multoque
357 2819 470 2878 durius.
487 2818 574 2893 Quod
583 2836 640 2878 nos
656 2821 760 2898 [domi]
778 2823 907 2897 petimus
920 2828 1085 2902 precibus,
1098 2829 1124 2884 la·

104 2898 221 2971 crimiS,
252 2899 335 2959 strati
357 2902 395 2959 ad
416 2902 529 2976 pedes,
561 2911 699 2962 nontam
724 2912 846 2964 nostrae
867 2921 989 2970 causae
1012 2913 1124 2973 fidentes

104 2997 194 3054 quarn
205 2983 295 3043 huius
307 2983 490 3058 humanitati,
505 2986 536 3043 id
552 3002 589 3043 ne
607 2988 801 3061 impetremus
815 2990 984 3065 pugnabis,
1001 2996 1076 3056 etin
1088 3007 1124 3054 no

103 3070 199 3121 strum
211 3063 313 3125 ilatum
329 3066 492 3141 irrumpes,
514 3077 543 3127 et
562 3086 619 3129 nos
642 3069 776 3130 iacentes
790 3072 829 3130 ad
845 3073 945 3146 pedes
963 3080 1124 3154 supplicum

102 3160 180 3204 voce
198 3147 394 3218 prohibebis?
406 3149 454 3211 14.
472 3149 513 3223 Si,
532 3170 623 3225 quum
638 3152 696 3212 hoc
712 3154 793 3214 domi
806 3154 993 3234 laceremus,
1012 3163 1124 3238 quodel

103 3227 230 3287 lecimus
245 3237 288 3301 et,
305 3240 336 3291 ut
351 3250 458 3307 spero,
479 3250 540 3293 non
556 3237 666 3295 frustra
681 3238 821 3309 lecimus,
836 3245 869 3297 tu
885 3247 1023 3314 repente
1039 3244 1124 3323 irruis·

104 3325 155 3367 ses
171 3318 200 3369 et
215 3312 344 3372 clamare
360 3318 533 3391 coepisses:
556 3317 585 3376 C.
604 3318 727 3393 Caesar,
743 3336 817 3379 cave
831 3319 1001 3401 ignoscas,
1019 3334 1124 3390 cavata

102 3390 225 3452 fratrum
236 3411 292 3469 pro
312 3396 409 3456 fratris
423 3402 519 3460 salute
541 3401 762 3462 obsecrantium
773 3403 930 3480 misereat,
951 3426 1061 3474 nonne
1077 3427 1123 3473 ona
