2340 3788
125 207 167 273 28
282 204 355 266 PRO
377 201 812 265 sex.1t0sctonmuulit0
834 201 987 264 ORATIO.
1015 254 1020 261 .

128 358 177 418 itis
191 355 282 416 bonis
297 371 368 415 esse
385 352 517 414 sociumz
539 353 578 413 de
592 352 688 413 tribus
701 359 731 412 et
745 353 851 412 decern
865 352 970 413 lundis
983 362 1048 415 tres
1060 354 1131 419 nobb

126 442 260 503 lissimos
276 438 387 497 fundos
402 450 471 496 eum
486 435 574 495 video
590 435 759 509 possidere.
788 433 859 496 100.
894 435 997 497 Audio
1014 446 1132 513 praeter
1163 454 1168 483 ³

127 539 241 586 canon
262 521 339 579 banc
360 519 563 594 suspicionem
577 534 657 577 nunc
674 516 801 593 primurn
822 517 852 577 in
873 518 1052 594 Capitonem
1074 536 1133 581 oon·

126 606 215 667 lorriz
236 605 344 663 multas
362 619 432 662 esse
447 603 574 661 infames
589 600 655 660 eius
667 603 805 676 palmas:
826 601 904 660 hanc
926 603 1055 676 primam
1075 618 1133 663 esst

40 704 47 711 ·
125 700 226 751 tamen
247 686 466 756 lemniscatam,
490 699 568 757 quae
585 685 681 744 Roma
701 685 866 744 deleretur:
888 685 1006 743 nullum
1025 686 1133 746 modun

127 788 198 833 esse
218 770 347 830 hominis
368 765 528 829 occidendi
549 782 609 838 quo
624 766 674 826 ille
688 783 748 826 non
764 767 880 840 aliquot
893 766 1059 841 occiderit,
1072 768 1133 829 rnul-

36 838 43 857 “
125 865 174 916 tos
190 855 285 925 lerro,
300 853 409 913 multos
423 863 553 908 veneno.
584 849 688 909 Habeo
706 849 795 909 etiam
810 848 912 909 dicere
932 866 1026 923 quem
1044 860 1134 913 conta

126 953 241 997 morem
253 936 398 995 maiorum
408 931 553 989 minorem
567 931 653 990 annis
668 947 707 990 tx
718 933 757 991 de
770 939 864 1006 ponte
879 932 908 989 in
919 932 1052 993 Tiberim
1066 934 1133 993 deie-
1165 930 1168 958 ²

127 1020 209 1081 cerit.
243 1018 326 1091 Quae
346 1016 373 1075 si
388 1011 548 1088 prodierit,
565 1021 655 1087 atque
669 1016 747 1075 adeo
763 1030 854 1088 quum
870 1013 1071 1088 prodiertt-
1081 1014 1133 1095 seio
1165 1050 1168 1058 ·

127 1103 206 1163 enim
221 1100 406 1174 proditurum
416 1111 486 1154 esse
500 1127 555 1168 -,
571 1097 682 1155 audiet.
714 1095 784 1157 101.
808 1098 914 1157 Veniet
924 1099 1035 1159 modo=
1051 1094 1134 1173 expli·

67 1176 70 1183 ’
127 1193 175 1245 cet
192 1198 279 1241 suum
292 1181 434 1238 volumen
447 1177 534 1250 illud,
551 1180 633 1253 quod
650 1178 678 1238 ei
689 1182 811 1254 planum
822 1181 923 1240 lacere
933 1180 1134 1255 possuntne

127 1268 205 1325 cium
219 1261 456 1336 conscripsisse:
470 1262 552 1334 quod
563 1261 645 1323 aiunt
655 1261 736 1321 illum
745 1261 935 1323 Sex.Rosoio
947 1261 1135 1339 intemptatae

126 1354 156 1406 et
168 1345 334 1405 minitatum
348 1360 419 1404 esse
435 1361 468 1404 se
482 1344 582 1404 omnia
592 1346 643 1404 illa
654 1361 710 1419 pro
722 1345 892 1405 testimonio
903 1360 974 1406 esse
987 1346 1136 1419 dicturum»

130 1429 152 1488 0
167 1429 355 1502 praeclarum
369 1435 491 1498 testem,
506 1426 639 1488 iudices!
663 1444 681 1487 o
696 1427 873 1502 gravitatem
890 1427 1012 1503 dignam
1035 1442 1137 1505 exspe-

127 1510 273 1571 ctatione!
290 1527 308 1569 0
323 1511 412 1569 vitam
426 1510 584 1569 honestam
608 1518 700 1585 atque
720 1510 785 1570 eius
807 1510 904 1583 modi,
928 1520 962 1572 ut
982 1511 1138 1572 libentibus

127 1593 233 1653 animis
249 1592 367 1652 adeius
383 1592 584 1652 testimonium
596 1601 728 1652 vestrum
743 1593 790 1653 ius
805 1594 968 1675 iurandum
975 1608 1140 1655 accommo-

126 1675 220 1736 detisl
241 1674 379 1735 Pr0lecto
395 1691 455 1735 non
469 1682 529 1735 tarn
543 1674 705 1750 perspicue
721 1692 778 1736 nos
793 1676 919 1737 istorum
938 1677 1091 1737 maleficio
1101 1676 1141 1735 ui·

127 1760 282 1833 deremuS,
300 1757 358 1818 nisi
372 1758 458 1831 ipsos
471 1774 581 1818 caecos
595 1759 735 1818 redderet
752 1758 902 1833 cupiditas
925 1767 956 1820 et
972 1758 1103 1825 avoritia
1115 1766 1143 1819 et
1166 1817 1168 1823 ,

126 1843 262 1903 audacia.
296 1841 428 1901 XXXVI.
463 1839 533 1902 102.
557 1843 641 1902 Alter
657 1857 696 1900 ex
710 1841 1142 1916 ipseoaede.voluerem-nun·

21 1968 27 1985 .
126 1926 205 1986 cium
218 1927 370 1985 Ameriam
384 1925 423 1983 ad
440 1924 557 1986 socium
576 1934 667 1999 etque
684 1926 721 1984 ed
742 1923 916 1998 magistrum
937 1940 1027 1985 suum
1049 1924 1141 1997 misit,

126 2018 173 2082 ut,
189 2008 216 2068 si
230 2009 421 2068 dissimulare
435 2024 541 2067 omnes
557 2016 703 2081 cuperent
723 2022 758 2066 se
771 2007 850 2067 seire
864 2008 904 2067 ad
920 2022 1011 2082 quem
1031 2008 1142 2070 maleb-

126 2091 204 2149 eium
218 2091 396 2163 pertineret,
411 2098 510 2150 tamen
526 2089 594 2163 ipse
610 2099 746 2164 apertum
762 2105 850 2149 suum
865 2091 967 2150 scelus
989 2098 1061 2151 ante
1084 2106 1142 2153 om

124 2174 207 2230 nium
223 2172 329 2230 oeulos
345 2181 481 2245 poneret.
514 2173 611 2242 Alter,
629 2172 655 2231 si
672 2173 719 2231 dis
735 2171 953 2233 immortalibus
969 2174 1087 2249 placet,
1102 2182 1142 2235 te·

126 2253 266 2313 stimonia
278 2252 366 2311 etiam
381 2252 410 2311 in
424 2253 496 2313 Sex.
507 2253 650 2313 Roscium
666 2254 800 2315 dicturus
813 2264 868 2316 est.
892 2255 983 2329 Quasi
999 2272 1142 2323 veronen

125 2335 157 2393 id
178 2350 257 2393 nunc
278 2338 392 2408 agatur,
413 2345 511 2396 utrum
531 2334 558 2394 is
574 2336 655 2409 quod
670 2335 779 2398 dixerit
799 2338 982 2399 credendum
1005 2356 1045 2398 an
1062 2338 1144 2414 quod

126 2416 232 2479 lecerit
245 2417 459 2478 vindicandum
480 2420 528 2479 sit.
553 2419 657 2492 ltaque
671 2435 755 2479 more
775 2421 921 2481 maiorum
937 2430 1144 2498 comparatum

126 2509 188 2573 est,
202 2500 277 2561 utin
292 2498 422 2565 minimis
437 2502 529 2561 rebus
544 2501 681 2562 homines
698 2502 876 2577 amplissimi
886 2502 1094 2564 testimonium
1107 2505 1144 2564 de

126 2601 183 2645 sua
197 2600 230 2644 re
245 2599 305 2642 non
327 2582 470 2642 dicerent.
507 2582 577 2644 103.
614 2585 790 2656 Africanus,
813 2585 942 2660 quisue
964 2587 1144 2661 cognomine

125 2669 259 2728 declamt
273 2664 389 2727 tertiam
405 2674 520 2740 partem
534 2667 617 2727 orbis
632 2675 777 2728 terrarum
792 2683 827 2727 se
843 2667 1022 2744 subegisse,
1035 2678 1144 2743 tamen,

125 2751 151 2809 si
168 2768 224 2811 suo
237 2767 288 2811 res
302 2757 457 2824 ageretur,
473 2749 676 2810 testimonium
691 2766 752 2810 non
767 2750 890 2811 diceret.
923 2752 998 2811 Nam
1019 2752 1096 2813 illud
1114 2751 1144 2812 in

123 2834 212 2894 talem
231 2837 326 2893 virum
341 2847 401 2891 non
423 2833 522 2892 audeo
543 2832 660 2893 dicere:
682 2833 708 2893 si
729 2833 857 2907 diceret,
878 2850 939 2894 non
960 2836 1144 2897 crederetur.

124 2914 232 2975 Videte
256 2932 337 2976 nunc
358 2933 447 2989 quam
468 2931 559 2975 versa
580 2925 610 2977 et
629 2923 741 2976 mutata
754 2916 783 2974 in
805 2917 939 2992 peiorem
955 2926 1072 2991 partem
1086 2918 1145 2979 sint

126 2996 233 3054 omnia.
267 2999 363 3071 Quum
377 3000 416 3060 de
433 2998 521 3059 bonis
537 3007 567 3060 et
583 2999 622 3058 de
637 3000 731 3059 caede
745 3009 864 3074 agatur,
880 2999 1087 3061 testimonium
1101 3001 1144 3061 dr·

127 3082 229 3135 cturus
244 3081 346 3152 estis,
369 3081 421 3156 qui
440 3090 471 3142 et
484 3088 585 3141 sector
598 3088 646 3140 est
664 3090 694 3141 et
708 3081 851 3154 sicarius,
875 3083 936 3145 hoc
950 3092 1013 3154 est,
1037 3082 1092 3159 qui
1115 3092 1144 3143 et

124 3157 243 3217 illorum
256 3158 390 3233 ipsorum
405 3165 568 3236 bonorum,
591 3164 630 3223 de
651 3162 761 3237 quibus
779 3164 891 3238 agitur,
914 3173 1034 3240 emptor
1051 3176 1143 3242 atque

124 3256 290 3316 possessor
306 3252 353 3301 est
370 3254 400 3305 et
411 3262 480 3306 eum
491 3245 643 3306 bominem
655 3245 854 3307 occidendum
866 3249 991 3320 curavit,
1003 3248 1044 3309 de
1054 3248 1144 3311 euius

124 3331 221 3385 morte
236 3324 396 3398 quaeritur.
431 3326 500 3389 104.
536 3329 614 3401 Quid
629 3335 676 3400 tu,
692 3328 739 3386 vir
756 3330 891 3405 optime?
910 3330 1022 3405 ecquid
1046 3332 1142 3392 babes

123 3409 208 3481 quod
222 3406 329 3467 dicas?
348 3407 418 3467 mihi
433 3413 584 3471 ausculta:
609 3410 678 3470 vide
699 3427 738 3471 ne
757 3413 810 3473 tibi
825 3413 924 3484 desis;
946 3422 998 3474 tue
1015 3430 1142 3490 quoqne
