2340 3788
418 205 421 209 ·
445 160 730 284 audomarum·
1032 200 1094 284 alt

70 367 169 427 equites
196 361 424 414 condemnaveruril
450 363 521 422 XIII,
551 362 711 412 absolverunt
725 364 773 411 IV:
805 364 898 414 tribuni
919 369 1010 417 aerarii
1036 385 1096 419 con·

70 435 250 482 damnaverunt
263 431 334 490 XIII,
358 432 516 481 absolverunt
539 430 581 479 111.
614 431 770 480 Videbantur
784 445 834 480 non
852 433 981 495 ignorasse
1000 437 1096 487 indices

71 502 151 550 inscio
169 499 260 549 Milone
277 501 349 549 initio
367 498 525 549 vulneratum
543 512 598 547 esse
615 496 744 562 clodium,
761 499 806 548 sed
824 511 1009 562 compererant,
1026 514 1095 569 post.

70 584 145 632 quam
162 567 304 618 vnlneratus
322 575 403 625 esset,
421 568 493 616 iussn
510 564 611 615 Mnonis
627 567 747 615 occisum.
783 565 893 615 Fuerunt
910 569 954 630 qni
969 573 1096 623 crederent
1158 566 1160 570 ’

69 638 104 685 Μ.
121 636 221 686 Catonis
245 637 369 685 sententia
393 649 450 684 eum
468 649 524 683 esse
548 633 703 683 absolutum:
727 648 786 683 nam
807 643 831 682 et
850 635 913 684 bene
930 651 988 684 cnm
1004 653 1031 688 re
1048 655 1095 705 pu.

69 705 137 754 blira
160 711 242 753 actum
264 718 320 753 esse
344 710 424 752 morte
437 702 465 750 P.
482 700 565 751 Clodii
586 716 636 751 non
654 702 868 760 dissimulaverat,
890 709 913 750 et
934 704 1049 755 studebat
1069 709 1094 755 iu

68 774 188 837 petitione
207 773 353 822 consulatus
370 770 466 827 Miloni,
482 776 508 819 et
522 784 565 819 reo
578 769 702 820 adfuerat.
727 769 905 819 Nominaverat
922 784 1022 832 quoqne
1037 782 1094 823 enm

69 841 154 890 (licere
171 848 329 904 praesentem
345 846 369 888 et
383 844 488 887 testatus
502 843 554 886 erat
569 838 671 887 audisse
684 852 700 886 a
715 835 749 890 M.
765 837 885 899 Favonio,
902 839 1034 889 antediem
1046 849 1095 891 ter·

67 911 132 958 tium
156 922 233 971 quem
251 908 341 957 caedes
359 906 426 955 lacta
449 912 503 954 enat
517 903 631 954 Clodium
657 906 753 954 dixisse
770 906 909 969 periturum
927 920 983 955 essa
1005 910 1096 958 ectri.

69 978 119 1026 dno
142 976 271 1024 Milonem.
312 972 363 1023 Sed
386 972 486 1023 Mllonis
512 988 611 1036 qnoque
633 979 717 1021 notam
746 973 877 1021 andaciam
898 966 1048 1024 emoveri'a
1067 991 1095 1026 re

67 1042 168 1110 publica
183 1042 245 1092 ntile
262 1044 344 1091 ulsnm
363 1048 418 1089 est:
438 1042 503 1089 scire
516 1049 599 1089 tamen
611 1054 684 1089 nemo
701 1054 820 1102 nmquam
832 1041 922 1105 potnit,
938 1048 1020 1090 utram
1039 1057 1095 1093 seu-

67 1113 172 1161 tentiam
190 1111 302 1160 tulisset:
326 1109 470 1159 damnatum
492 1115 574 1157 autem
598 1123 675 1173 opera
692 1110 801 1158 maxime
815 1108 896 1172 Appii
917 1107 1017 1159 Claudii
1038 1125 1096 1175 pro-
1144 1166 1146 1171 ¹

68 1180 214 1229 nunciatum
235 1186 281 1227 est.
317 1177 378 1227 Mllo
402 1185 503 1241 postero
519 1176 560 1226 dic
578 1175 660 1226 iactas
677 1190 735 1225 rens
759 1177 868 1225 ambitus
889 1178 958 1240 apud
975 1177 1094 1228 Manlium

69 1249 222 1308 Torquatum
241 1247 331 1296 absens
349 1247 481 1296 damnatus
497 1251 544 1294 eat.
578 1245 626 1293 Illa
643 1259 741 1307 quoqne
755 1245 812 1309 l'ege
830 1252 959 1294 accusator
975 1245 1023 1296 luit
1040 1248 1096 1297 eius

68 1315 167 1378 Appius
185 1312 317 1375 Claudius,
341 1321 365 1363 et
388 1327 464 1376 qnnm
487 1313 509 1361 ei
527 1314 666 1375 praemium
690 1311 873 1376 lege'daretur,
896 1316 998 1378 negavit
1019 1310 1095 1366 se'eo

68 1386 114 1434 uti.
151 1380 353 1446 Subscripsertmt
378 1389 403 1431 et
424 1382 450 1429 in
468 1381 576 1429 ambitus
589 1381 682 1430 iudicio
698 1381 726 1430 P.
744 1379 861 1429 Valerius
873 1379 924 1430 Leo
940 1390 965 1430 et
982 1380 1027 1434 On.
1045 1380 1096 1432 Do·

69 1451 167 1509 mitius,
191 1450 235 1503 Cn.
253 1450 280 1504 P.
312 1451 371 1500 Post
387 1462 481 1514 pancos
504 1448 559 1499 dies
577 1447 751 1515 quoqneMilo
772 1448 839 1512 apnd
856 1449 995 1500 Favonium
1018 1463 1095 1512 qnae·

70 1528 161 1567 starem
185 1520 216 1568 de
240 1517 369 1570 sodaliciis
393 1517 526 1567 damnatus
549 1524 600 1581 est,
624 1523 756 1566 accusante
770 1516 798 1570 P.
818 1516 906 1568 Fulrio
924 1515 1028 1579 Nerato,
1054 1519 1095 1568 cui

69 1588 126 1651 lege
141 1588 281 1649 praemium
297 1588 382 1637 datnm
398 1593 446 1637 est.
467 1584 565 1635 Deinde
579 1585 646 1648 apud
662 1585 692 1638 L.
709 1584 812 1647 Fabium
829 1591 987 1646 quaestorem
1004 1589 1095 1636 lterum

69 1657 158 1704 absens
175 1655 308 1704 damnatus
327 1663 364 1703 est
382 1655 414 1703 de
429 1656 464 1701 vi.
498 1653 631 1702 Accusavit
648 1653 680 1704 L.
702 1651 848 1701 Cornificius
868 1652 937 1710 etQ.
955 1655 1093 1707 Patulcius.

69 1722 128 1772 Milo
147 1724 173 1771 in
189 1723 305 1772 exsilium
322 1723 388 1771 intra
402 1721 572 1784 paucissimos
589 1719 642 1768 dies
659 1719 788 1782 proiectus
805 1727 852 1773 est.
874 1718 945 1768 Boua
963 1722 1018 1771 elus
1035 1737 1094 1786 pro·

70 1798 127 1855 pter
142 1789 218 1839 alieni
236 1791 301 1838 aeris
314 1787 515 1852 magnitudinem
533 1787 670 1835 semiuncia
685 1787 824 1840 venierunt.

133 1857 192 1905 Post
208 1856 327 1905 Milonem
349 1855 436 1904 eodem
451 1854 508 1918 lege
524 1853 644 1916 Pompeia
664 1854 762 1917 primns
780 1863 818 1903 est
833 1859 964 1903 accusatus
979 1855 1012 1903 Μ.
1031 1853 1094 1905 Sau-

71 1926 149 1984 feius,
167 1924 201 1975 M.
219 1925 263 1981 F„
282 1924 325 1985 qui
342 1924 394 1972 dux
410 1921 493 1971 Inerat
508 1922 535 1970 in
550 1922 718 1985 expugnanda
730 1922 833 1970 taberna
849 1921 953 1972 Bovillis
968 1929 993 1971 et
1009 1920 1095 1972 Olodio

71 1992 215 2044 occidendo.
242 1992 429 2040 accusaverunt
444 2002 501 2038 enm
517 1989 548 2042 L.
566 1987 675 2048 Cassius,
693 1989 722 2041 L.
741 1988 887 2051 Fulcinius,
905 1988 933 2042 0.
950 1989 987 2048 P„
1004 1989 1031 2039 G.
1044 1991 1095 2040 Va-

70 2065 163 2112 lerius:
180 2059 345 2109 defenderunt
358 2059 393 2108 M.
411 2056 511 2117 Cicero,
529 2059 563 2111 M.
579 2055 687 2118 Caelina,
701 2058 911 2120 obtinueruntque
926 2066 954 2106 ut
972 2072 1022 2106 una
1040 2072 1095 2107 scn-

69 2131 148 2179 tentia
168 2127 347 2178 absolveretur.
381 2124 620 2179 condemnaverunt
634 2132 761 2175 senatores
781 2125 820 2188 X,
842 2123 1000 2176 absolverunt
1022 2125 1094 2175 VIII:

71 2198 298 2247 condemnaverunt
317 2195 414 2258 equites
429 2192 537 2244 Romani
554 2192 604 2254 IX,
622 2192 783 2245 absolverunt
799 2192 865 2243 VIII.
892 2190 943 2244 Sed
961 2208 994 2242 ex
1015 2193 1095 2243 tribn-

70 2267 111 2314 nis
125 2264 227 2314 aerariis
240 2263 265 2312 X
279 2262 448 2326 absolverunt,
466 2262 501 2311 Vl
517 2262 705 2322 damnaverunt,
722 2260 930 2323 manifestumque
944 2260 1029 2311 odium
1039 2259 1096 2312 clo-

71 2336 107 2384 dii
131 2332 206 2382 saluti
223 2329 326 2381 Senicio
348 2331 408 2390 luit,
434 2344 511 2392 quum
524 2331 578 2379 eius
589 2330 629 2380 rel
645 2331 716 2395 peior
734 2344 809 2379 causa
826 2344 901 2392 qnam
920 2329 1020 2381 Milonis
1032 2329 1096 2379 lule

71 2409 117 2461 set,
138 2401 207 2464 qnod
224 2407 310 2463 aperte
334 2399 387 2449 dux
404 2397 485 2447 inerat
504 2399 686 2464 expugnandae
707 2399 833 2448 tabernae.
857 2399 987 2462 Repetitns
1005 2397 1096 2448 deinde

71 2479 129 2535 post
152 2481 246 2534 paucos
269 2467 324 2516 dies
341 2465 410 2530 apud
426 2463 572 2516 Considium
586 2475 744 2529 quaestorem
763 2474 801 2515 est
824 2466 879 2532 lege
897 2465 996 2517 Plautia
1014 2467 1046 2514 de
1062 2466 1096 2523 vl,

71 2538 252 2602 subscriptione
270 2549 313 2598 ea,
338 2534 407 2596 qnod
425 2532 481 2583 loca
495 2537 627 2599 superiora
643 2541 791 2599 occupasset
806 2542 830 2583 et
848 2549 906 2584 cnm
923 2530 974 2582 telo
990 2531 1096 2581 inisset:

71 2620 129 2653 nam
145 2638 249 2657 ......
269 2616 400 2666 operarum
412 2600 521 2652 Milonis.
538 2602 725 2652 Accusarernnt
739 2599 766 2654 0.
785 2602 882 2666 Fidius,
899 2599 943 2650 Gn.
954 2598 1096 2665 Apponins,

72 2672 116 2722 Gn.
133 2672 170 2732 P„
189 2673 222 2720 M.
241 2668 323 2728 Seius,
338 2667 397 2720 Sex.
413 2669 454 2720 M:
473 2668 636 2720 defenderunt
652 2671 686 2723 M.
705 2669 799 2732 dicero,
814 2669 847 2718 M.
863 2668 995 2718 Tarentina
1015 2666 1096 2716 Varro

73 2739 160 2793 Gibbn.
194 2738 332 2788 Absolutus
356 2746 394 2787 est
416 2738 546 2787 sententiis
568 2737 668 2803 plenius
691 2752 766 2801 quam
785 2739 872 2802 prins:
895 2749 985 2801 graves
1008 2735 1097 2784 habuit

73 2806 148 2864 XIX,
167 2806 334 2858 absolutorias
351 2806 374 2855 11
394 2813 419 2855 et
434 2805 520 2864 XXX,
541 2807 587 2856 sed
610 2822 624 2855 a
646 2807 770 2856 contrario
793 2805 842 2855 hoc
857 2819 874 2853 a
896 2805 981 2868 prlore
1003 2803 1097 2853 iudicio

73 2875 177 2924 accidit:
199 2875 296 2938 equites
324 2874 390 2924 enim
411 2888 441 2923 ao
472 2882 601 2924 senatores
619 2890 676 2926 enm
699 2873 872 2932 absolverunt,
891 2871 986 2921 tribuni
1009 2871 1099 2921 aerarii

73 2944 260 2992 damnaverunt.

139 3009 202 3060 Sex.
222 3016 304 3060 autem
322 3007 433 3069 Clodius,
454 3023 504 3070 qno
523 2996 622 3058 anctore
640 3023 731 3073 corpus
749 3007 831 3058 clodii
845 3008 872 3056 ln
890 3006 983 3056 curiam
999 3002 1097 3054 llletnm

73 3078 127 3135 init,
137 3079 311 3129 accusantibus
321 3075 350 3127 0.
361 3076 499 3127 &ascanio
507 3075 621 3136 Philone,
631 3078 666 3129 M.
678 3076 787 3134 baddIo,
797 3074 947 3125 defendente
955 3073 1097 3130 Plaecoalo,

72 3160 165 3211 magno
184 3160 307 3197 consensu
322 3145 455 3195 damnatus
471 3152 518 3202 est,
536 3145 667 3195 sententiis
679 3145 714 3194 Vl
732 3151 757 3192 et
775 3142 834 3193 XL:
850 3141 1015 3193 absolutorias
1026 3141 1099 3202 qnin-

72 3230 121 3278 quc
139 3216 240 3265 omniuo
258 3213 355 3274 habuit,
371 3214 435 3263 dnae
450 3221 600 3277 senatorum,
617 3221 669 3262 tres
686 3213 807 3275 equitum.
841 3210 914 3261 Multi
928 3216 1061 3276 praeterea
1075 3215 1100 3256 et

70 3289 268 3348 praesentaret,
289 3295 366 3343 quum
380 3280 448 3331 citati
461 3275 512 3329 non
529 3281 732 3347 respondissent,
751 3278 862 3331 damnati
878 3287 945 3340 sunt,
963 3272 1101 3340 exquibus
1159 3285 1161 3289 ¹

72 3353 183 3402 maxima
198 3365 258 3416 pars
275 3348 323 3398 init
338 3347 523 3400 Clodianorum.
