2340 3788
402 205 483 266 cAP.
500 214 595 286 1-a
615 211 641 273 s.
657 214 752 270 ι-ε.
1026 203 1087 270 101

64 373 132 418 rem
146 362 371 433 statueremque
389 355 462 415 nihil
475 355 535 416 huc
551 353 610 415 nisi
626 357 792 431 perlectum
807 356 939 434 ingenio,
954 358 1090 420 elabora-

64 450 131 501 tum
148 439 297 499 industria
317 439 428 499 adferri
446 447 603 522 oportere,
625 455 715 499 omne
728 455 828 501 meum
841 450 961 517 tempus
978 441 1089 502 amico

62 540 133 583 rum
157 522 341 595 temporibus
364 521 624 582 transmittendum
642 520 761 595 putavi.
785 523 821 584 2.
849 524 893 584 lta
909 540 1016 599 ‚neque
1038 525 1087 585 bic

62 609 155 666 locus
176 619 290 664 vacuus
310 621 455 679 umquam
471 603 529 664 fuit
547 604 585 663 ab
604 603 657 676 iis,
674 599 730 678 qui
745 614 875 666 vestram
896 623 1020 667 causam
1036 607 1088 667 de-

62 690 238 760 fenderent,
261 695 291 747 et
310 703 397 748 meus
417 688 503 748 labor
524 688 555 745 in
572 687 759 760 privatorum
779 687 922 761 periculis
941 698 1024 750 casta
1043 689 1088 749 in·

61 782 212 846 tegreque
240 779 380 831 versatus
407 787 447 830 ex
472 778 575 829 vestro
601 769 714 829 iudicio
740 771 870 830 fructum
896 779 944 831 ast
963 771 1087 846 amplis·
1139 788 1146 801 ·

63 855 174 916 simum
191 861 384 914 consecutus.
412 854 595 928 Numquam
614 862 739 927 propter
760 851 934 913 dilationem
953 852 1087 914 comitio·

60 953 130 997 rum
150 945 196 996 ter
210 943 332 1010 praetor
353 935 469 1010 primns
490 933 631 996 centuriis
653 935 770 997 cunctis
794 933 989 995 renunciatus
1012 952 1088 1009 sum,

60 1019 153 1079 facile
174 1017 322 1090 intellexi,
347 1017 489 1092 Quirites,
510 1026 541 1078 et
561 1017 636 1093 quid
655 1019 694 1077 de
711 1034 759 1078 me
780 1016 955 1087 iudicaretis
969 1026 1000 1078 ct
1016 1018 1089 1092 quid

59 1102 131 1162 aliis
145 1101 403 1177 praescriberetis.
427 1103 513 1161 Nunc
528 1118 620 1176 quum
635 1109 665 1160 ct
679 1101 864 1162 auctoritatis
874 1099 906 1159 in
916 1116 965 1160 me
975 1108 1089 1161 tantum

62 1185 119 1256 sit,
134 1193 279 1259 quantum
294 1201 351 1244 vos
369 1183 535 1245 honoribus
553 1183 732 1244 mandandis
750 1200 821 1244 esse
835 1182 991 1256 voluistis,
1005 1183 1088 1250 etad

62 1269 214 1343 agendum
236 1266 385 1328 facultatis
400 1276 528 1340 tantum,
551 1275 696 1343 quantum
709 1267 823 1327 homini
838 1266 972 1341 vigilanti
988 1282 1029 1327 ex
1042 1268 1088 1326 lo·

59 1351 147 1410 rensi
166 1367 225 1410 usu
244 1366 343 1425 prope
357 1353 508 1412 cotidiana
521 1346 643 1411 dicendi
657 1349 830 1411 exercitatio
846 1350 944 1424 potuit
957 1350 1099 1421 adferre·

61 1442 145 1494 certe
165 1441 195 1493 et
214 1433 241 1493 si
262 1434 336 1508 quid
356 1433 541 1495 auctoritatis
561 1434 591 1493 in
613 1449 663 1493 me
683 1441 743 1506 est,
768 1433 851 1508 apud
865 1449 920 1495 eos
934 1441 1015 1505 utar,
1035 1433 1087 1507 qui

60 1532 131 1576 eam
150 1516 221 1575 mibi
237 1517 399 1591 dederunt,
420 1527 450 1578 et
464 1518 491 1577 si
506 1517 578 1592 quid
593 1517 624 1577 in
639 1517 768 1577 dicendo
785 1515 934 1591 consequi
949 1532 1087 1590 possum,

58 1599 99 1658 iis
115 1600 273 1659 ostendam
289 1600 498 1675 potissimum,
519 1599 571 1674 qui
586 1599 615 1658 ei
629 1606 753 1675 quoque
768 1598 813 1659 rei
828 1600 957 1661 fructum
972 1615 1028 1660 suo
1042 1600 1086 1658 iu·

59 1681 143 1742 dicio
164 1681 357 1743 tribuendum
378 1698 448 1742 esse
468 1683 626 1743 duxerunt.
653 1679 683 1741 3.
710 1685 812 1755 Atque
831 1681 905 1741 illud
927 1680 958 1741 in
980 1680 1086 1757 prhnis

57 1763 134 1823 mihi
155 1765 328 1823 laetandum
347 1765 413 1822 iure
433 1779 504 1822 esse
523 1763 629 1834 video,
653 1765 737 1836 quod
755 1763 786 1821 in
806 1763 864 1822 hac
879 1762 1087 1824 insolitamihi

57 1862 100 1906 ex
121 1846 182 1904 hoc
201 1847 270 1905 loco
290 1843 410 1904 ratione
428 1842 548 1902 dicendi
569 1859 663 1903 causa
682 1843 751 1904 talis
773 1845 874 1904 oblata
894 1852 956 1913 est,
979 1846 1010 1904 in
1027 1860 1087 1918 qua

56 1927 161 1990 oratio
176 1926 286 1985 deesse
300 1924 412 1985 nemini
426 1923 534 1999 possit.
555 1924 722 1985 Dicendum
738 1933 785 1984 ast
799 1924 879 1983 enim
888 1925 928 1983 de
939 1924 991 1983 cn.
1000 1925 1087 1986 Pom·

56 2007 125 2086 peii
142 2005 286 2082 singulari
301 2007 472 2083 eximiaque
485 2006 609 2068 virtute:
630 2006 720 2068 buius
734 2014 835 2066 autem
849 2005 994 2067 orationis
1009 2006 1086 2067 dilli-

10 2117 12 2121 ·
57 2092 151 2153 cilius
172 2098 220 2150 est
240 2089 354 2151 exitum
370 2107 461 2166 quam
481 2089 662 2165 principium
684 2089 830 2159 invenire,
867 2090 912 2149 lta
933 2089 1005 2150 mihi
1025 2104 1087 2150 nou

57 2184 122 2235 mm
138 2174 227 2248 copia
243 2191 334 2249 quam
349 2175 459 2234 modus
476 2172 507 2233 in
523 2172 652 2234 dicendo
669 2173 863 2249 quaerendus
880 2174 936 2234 cst'

143 2257 180 2315 ΙΙ.
198 2254 229 2316 4.
256 2261 358 2332 Atque
371 2265 405 2318 ut
414 2256 485 2316 inde
498 2256 593 2317 oratio
605 2272 673 2316 mea
682 2255 905 2332 proficiscatur,
918 2257 1000 2317 unde
1010 2256 1086 2319 hacc
1152 2313 1155 2320 .

59 2339 160 2400 omnis
183 2355 277 2400 causa
300 2340 434 2413 ducitur,
452 2340 563 2400 bellum
587 2356 680 2414 grave
700 2347 730 2400 et
751 2339 956 2414 periculosum
974 2340 1086 2401 vestris

59 2421 260 2497 vectigalibus
280 2438 317 2482 aa
340 2423 434 2484 sociis
453 2437 473 2480 a
490 2423 610 2484 duobus
625 2422 843 2497 potentissimis
856 2422 981 2498 regibus
995 2423 1086 2481 inier-

58 2513 122 2577 tur,
136 2505 308 2566 Mithridate
324 2514 356 2566 et
369 2504 506 2579 Tigrane,
522 2522 650 2581 quorum
664 2509 740 2567 alter
752 2505 885 2587 relictus,
901 2507 976 2565 alter
989 2507 1086 2563 laces·

60 2587 136 2648 situs
157 2587 352 2649 occasionem
373 2586 432 2648 sibi
451 2588 493 2648 ad
512 2588 722 2662 occupandam
735 2588 842 2650 Asiam
863 2588 994 2655 oblatam
1015 2600 1086 2650 esse

59 2669 250 2731 arbitrantur.
280 2670 442 2747 Equritibus
460 2672 619 2744 Romame,
644 2670 867 2734 honestissimis
890 2669 978 2740 viris,
1003 2667 1086 2729 adie-
1131 2666 1134 2673 '

57 2760 164 2814 rantur
185 2770 225 2813 ex
238 2753 315 2813 Asia
331 2753 443 2814 cotidie
455 2753 585 2827 litterae,
606 2771 735 2829 quorum
749 2767 878 2826 magnae
891 2767 942 2811 res
958 2758 1087 2825 aguntur

58 2834 92 2895 in
105 2836 217 2896 vestris
232 2835 431 2912 vectigalibus
446 2836 626 2896 exercendis
642 2845 825 2912 occupatae=
847 2833 899 2908 qui
914 2834 954 2893 ad
968 2849 1016 2895 me
1029 2849 1085 2909 pro

57 2918 303 2993 necessitudine,
325 2918 496 2994 quaemihi
517 2927 564 2979 est
586 2935 655 2979 cum
674 2920 727 2997 illo
748 2916 872 2988 ordine,
897 2932 1020 2978 causam
1040 2917 1086 2978 rei

57 3003 200 3078 publicae
225 3001 422 3077 periculaque
441 3019 543 3063 rerum
563 2998 892 3071 suarum'detulerunm
922 2999 952 3062 5.
980 3000 1085 3079 bithy-

56 3085 143 3159 niae,
165 3103 245 3161 quae
267 3102 347 3147 nunc
366 3094 469 3146 vestra
490 3083 648 3160 provincia
666 3093 728 3157 est,
753 3085 840 3143 vicos
864 3091 991 3145 exustos
1014 3100 1085 3145 esse

57 3169 248 3244 complures:
262 3185 388 3243 regnum
401 3167 625 3238 Ariobarzanis
642 3167 726 3242 quod
741 3164 898 3226 finitimum
913 3175 960 3228 est
974 3167 1084 3228 vestris

55 3252 273 3326 vectigalibus,
290 3260 386 3313 totum
398 3268 469 3312 esse
479 3251 510 3311 in
520 3250 653 3311 bostium
665 3257 831 3325 potestator
852 3249 1009 3310 Lucullum
1022 3265 1085 3307 ma-

54 3336 125 3411 gnis
140 3335 234 3395 rebus
249 3335 344 3410 gestis
358 3336 397 3395 ab
411 3351 449 3395 eo
463 3335 543 3394 bello
558 3333 734 3394 discedere:
748 3333 821 3393 huic
834 3332 887 3409 qui
902 3330 1086 3393 successerit

53 3435 117 3480 non
139 3417 214 3478 satis
236 3433 307 3479 esse
326 3426 465 3493 paratum
487 3417 527 3478 ad
540 3424 656 3478 tanturn
670 3417 782 3478 bellum
798 3413 1086 3482 administrandum·-
