2340 3788
335 185 564 250 canto-ra
585 191 759 256 aaa-ta
1003 192 1070 262 tls

33 341 135 403 Credo
153 337 233 403 enirn
246 354 320 410 voe,
333 336 454 399 nobiles
468 337 619 408 homines,
639 354 750 413 magna
766 341 915 414 quaedem
925 350 1065 417 spectan-

32 433 92 496 tes,
104 438 166 483 non
179 421 347 498 pecuniam,
354 429 393 486 ,ut
404 421 528 497 quidam
539 420 629 482 nimis
641 420 756 482 creduli
771 423 972 498 suspicantur,
986 443 1066 502 quac

32 523 159 581 semper
173 506 211 566 ab
226 503 412 580 amplissimo
429 520 555 580 quoque
578 503 812 580 clarissimoque
824 513 997 582 contempta
1013 518 1063 572 cst

33 606 98 650 non
114 606 190 665 opes
203 588 354 650 violentus
366 595 397 648 et
414 588 528 662 populo
544 589 683 649 Romano
697 587 820 648 minuas
839 589 997 651 terendam·
1007 610 1065 668 po·

32 674 176 746 tendam,
195 673 252 733 sed
269 671 426 732 cariutcm
446 669 559 731 ciuium
587 679 617 732 et
635 671 765 748 gloriam
785 671 980 747 concupisse
1019 676 1065 735 Ea
1094 742 1099 749 ,

32 765 84 817 est
101 764 199 817 autern
219 754 318 831 gloria
338 755 406 814 laus
425 762 509 815 recte
530 755 679 817 factortuu
698 769 939 830 magnorumque
953 754 985 814 in
1001 772 1065 819 rear

22 838 196 915 publicam·
203 836 389 911 meritorum,
404 852 485 912 quae
503 855 597 912 quum
610 837 717 914 optimi
730 837 882 912 cuiusque
893 844 957 898 tum
975 838 1065 899 etiam

29 921 231 982 multitudinis
244 920 415 980 testimonio
427 921 651 995 comprobatur.
671 921 723 985 tto.
737 921 885 992 Dicerem,
897 922 1065 996 Dolabella,

31 1005 85 1081 qui
97 1015 181 1066 recte
194 1005 341 1064 laetorum
352 1003 468 1064 tructus
480 1013 572 1078 esset,
584 1004 644 1065 nisi
654 1014 684 1064 te
696 1011 818 1080 praeter
828 1011 968 1064 caeteros
979 1005 1064 1078 paul·

28 1089 130 1163 lisper
144 1102 217 1147 esse
233 1093 391 1160 expertum
407 1087 550 1150 viderem.
582 1087 678 1160 Quem
689 1095 781 1162 potes
793 1086 948 1147 recordari
962 1086 992 1146 in
1004 1087 1066 1147 vitu

28 1169 174 1231 illuxisse
188 1167 241 1230 tibi
256 1168 336 1246 diem
351 1168 507 1231 laetiorem
523 1186 612 1244 quam
633 1186 727 1247 quum
744 1169 867 1246 expiato
883 1170 962 1244 loro,
975 1169 1073 1231 dissi.

27 1261 105 1330 pato
122 1267 274 1312 concursu
290 1251 460 1328 impiorum,
475 1252 664 1328 principibus
677 1251 803 1315 sceleris
816 1269 916 1329 poena
926 1252 1065 1325 adiectis,

27 1337 109 1398 urbe
129 1335 270 1397 incendio
288 1343 319 1396 et
338 1334 443 1396 caedis
463 1344 545 1398 motu
563 1337 691 1398 liberata
709 1345 740 1399 te
762 1337 885 1398 domum
899 1335 1065 1412 recepistis

30 1419 126 1481 cuius
142 1417 274 1493 ordinis,
296 1418 384 1480 cuius
399 1419 534 1496 generis,
552 1420 640 1483 cidus
656 1420 789 1498 denique
805 1421 946 1482 lortunae
960 1418 1062 1482 studia

28 1513 94 1565 tum
109 1501 193 1562 laudi
208 1511 238 1564 et
248 1501 440 1578 gratulationi
459 1511 531 1565 tuae
547 1520 582 1566 se
602 1521 664 1565 uon
686 1505 879 1566 obtuleruntt
896 1503 973 1579 Quin
988 1503 1061 1565 milri

29 1586 132 1660 etiarn,
147 1602 207 1663 quo
224 1595 350 1648 auctore
364 1595 394 1647 te
408 1587 439 1647 in
454 1586 492 1647 iis
505 1588 599 1648 rebus
610 1586 655 1647 uti
665 1587 893 1660 arbitrabantur,
906 1596 937 1648 et
950 1587 1063 1662 gratias

28 1669 105 1730 boni
122 1668 178 1727 viri
201 1671 333 1742 agebant
348 1678 380 1729 et
392 1678 445 1729 tuo
459 1671 581 1729 nornine
599 1671 836 1742 gratulabantur.
877 1670 1061 1741 Recordare,

30 1766 161 1829 quaeso,
174 1751 343 1823 Dolabella,
359 1766 545 1810 consensum
559 1750 643 1810 illurn
657 1751 774 1825 theatri,
789 1767 882 1825 quum
895 1766 1000 1812 omnes
1012 1769 1061 1811 ea-

27 1851 100 1897 rum
115 1848 216 1893 rerum
231 1832 324 1904 obliti,
341 1839 468 1907 propter
482 1848 559 1906 quas
574 1834 694 1892 lucrant
713 1831 767 1895 tibi
777 1832 896 1906 cilensi,
911 1833 1063 1908 uguiilca

28 1925 104 1979 runt
127 1930 162 1976 se
178 1914 329 1976 beneflcio
346 1929 428 1976 novo
442 1914 619 1977 memoriam
635 1916 748 1976 veteris
770 1913 886 1977 doloris
900 1914 1062 1977 abiecisse.

27 1999 84 2064 31.
102 1999 188 2059 Hanc
205 2006 251 2070 tu,
271 1997 302 2056 P.
317 1998 475 2060 Dolabella
495 2030 539 2045 -
557 2014 668 2074 magno
682 1999 794 2075 loquor
808 2015 877 2061 cunr
890 1998 997 2060 dolore
1011 2032 1063 2074 -,

26 2087 111 2146 hanc
126 2091 167 2156 tu,
183 2082 317 2157 inquam,
331 2080 457 2163 potuisti
471 2097 571 2159 aequo
582 2082 684 2143 animo
698 2091 811 2144 tantun
825 2081 999 2159 dignitatern
1011 2084 1064 2144 de·

26 2171 173 2246 poneret
192 2165 269 2225 Xlll.
293 2166 338 2226 Tu
351 2173 468 2239 autem,
484 2165 526 2227 Μ.
541 2165 671 2239 Antoni,
687 2199 728 2211 -
741 2167 900 2228 absentem
913 2166 993 2226 enim
1007 2183 1064 2241 ap·

25 2252 113 2329 pello
124 2281 167 2293 -
183 2265 277 2310 unum
291 2247 375 2311 illurn
389 2248 486 2326 diem,
503 2266 565 2327 quo
576 2249 608 2310 in
623 2250 701 2311 aedo
714 2250 841 2311 Telluris
855 2256 980 2331 senatus
997 2249 1062 2322 luit,

26 2350 93 2396 non
112 2332 253 2395 omnibus
267 2330 316 2393 his
331 2333 501 2421 mensibus,
524 2334 635 2410 quihus
655 2341 685 2395 tc
706 2334 827 2409 quidarn
845 2335 969 2397 multum
982 2350 1001 2393 a
1013 2349 1063 2394 mc
1135 2348 1138 2353 ’

27 2417 249 2478 dissentientes
261 2416 384 2478 beatum
399 2425 519 2492 putant,
541 2415 726 2492 antepontsr
744 2415 828 2490 Quae
841 2417 897 2479 luit
910 2416 1006 2478 oratio
1023 2418 1062 2478 de

28 2500 221 2579 concordia?
234 2508 348 2574 quanto
361 2508 443 2562 metu
458 2502 478 2569 †
492 2500 638 2574 veterani,
650 2508 763 2576 quanta
774 2499 977 2562 sollicitudine
989 2498 1062 2559 civi-

26 2595 78 2646 tas
90 2591 152 2644 turn
164 2598 183 2643 a
196 2592 227 2644 te
242 2582 368 2644 liberata
378 2590 448 2646 estt
467 2583 566 2656 Quum
579 2585 729 2658 collegam
747 2590 830 2645 tuum
842 2582 991 2658 depositis
1006 2581 1061 2642 ini-

27 2665 153 2727 micitiis
167 2666 457 2742 oblitusauspiciaa
477 2666 587 2743 teipso
601 2682 717 2743 augore
734 2665 841 2743 populi
851 2665 1061 2728 Romaninun·

27 2749 112 2812 ciata
124 2748 176 2810 illo
191 2750 320 2826 primurn
331 2749 381 2812 die
396 2751 543 2825 collegam
556 2750 611 2812 tibl
624 2766 697 2812 esse
713 2750 849 2812 voluisti:
866 2758 936 2811 tuus
949 2765 1062 2825 parvus

26 2831 113 2894 filius
128 2832 157 2892 in
172 2833 351 2908 capitottum
367 2850 386 2894 a
399 2841 431 2894 te
444 2833 557 2895 missus
571 2833 658 2910 pacis
674 2833 768 2895 obses
783 2833 853 2895 luite
866 2832 917 2896 32.
935 2847 996 2907 quo
1013 2847 1061 2893 se·

27 2924 122 2976 natus
143 2915 192 2977 die
209 2917 331 2991 laetior,
351 2934 413 2993 quo
428 2918 562 2993 populus
573 2920 753 2980 Romanus?
768 2917 822 2994 qui
844 2917 966 2992 quidem
980 2917 1062 2977 nulla

27 2999 61 3059 in
80 2999 223 3060 contione
238 3016 382 3077 umquam
402 2999 590 3074 trequentlor
603 3000 666 3062 luit.
708 3002 783 3062 Tum
798 3000 932 3077 denique
947 2999 1062 3061 liberati

27 3097 88 3160 per
101 3083 186 3144 viros
200 3083 384 3147 fortissimos
395 3084 583 3158 videbamur,
601 3083 681 3160 quia,
692 3092 725 3146 ut
734 3083 777 3144 illi
786 3086 956 3157 voluerunt,
972 3084 1060 3145 liber·

26 3174 122 3227 tatem
144 3182 206 3242 pax
225 3168 479 3245 consequebatur.
522 3166 674 3242 Proximo,
692 3169 797 3240 altero,
811 3166 914 3242 tortio,
929 3166 1062 3241 denique

27 3248 158 3324 reliquis
188 3252 361 3314 consecutis
384 3251 493 3312 diebus
515 3266 577 3310 non
598 3249 817 3312 intermittebas
837 3250 927 3333 quasi
947 3251 1062 3311 donum

28 3331 159 3408 aliquod
179 3332 291 3395 cotidie
311 3335 431 3396 adferre
444 3333 490 3411 rei
505 3333 659 3410 publicam
681 3332 843 3400 maximum
864 3343 964 3396 autern
978 3331 1061 3403 illud,

27 3414 299 3493 quoddictaturac
311 3433 422 3480 nomen
439 3417 597 3480 sustulisti.
634 3418 718 3479 llaec
730 3415 834 3561 inoffi
843 3427 893 3480 est
904 3432 924 3478 e
937 3424 976 3493 to,
990 3422 1059 3486 ate,
