2340 3788
296 206 302 211 ·
345 187 408 239 PER
424 189 534 241 ANNUS
550 190 698 243 mansan.

98 514 103 529 ι
182 487 239 536 llal.
261 486 330 538 Sext.
365 490 403 540 lbi
426 497 533 564 quatuor
555 489 689 553 triumphis
711 494 772 541 notis
795 509 847 544 rem
870 495 949 558 publ,

183 570 306 604 summam
324 565 472 622 potestatem
484 565 581 617 naotus,
601 559 736 613 constituit.
758 560 872 610 Extremo
885 576 949 611 anno

132 646 135 651 >
182 624 217 672 ad
233 624 326 690 bellum
342 625 508 690 Hispaniense
524 625 644 674 adversus
655 624 768 690 Pompeii
784 627 875 678 liberos
892 643 949 692 pro·

183 691 264 740 iectus
288 702 327 742 est
352 701 376 742 et
397 700 457 757 post
473 691 567 742 XXVII
590 694 644 742 dies
667 694 693 741 in
713 694 858 756 Hispaniam
872 697 947 745 venit.

183 759 278 808 Eodem
295 774 361 811 auno
374 759 466 809 Caesar
480 760 561 811 fastos
576 761 683 810 correxit
700 769 724 811 et
741 769 769 809 ut
785 762 950 826 inposterum
1021 816 1024 820 Α

184 840 216 876 ex
229 827 288 877 llal.
307 828 359 879 Ian.
377 828 517 891 temporum
533 830 597 878 ratio
612 829 695 892 magis
713 835 869 892 congrueret,
887 831 951 878 inter

182 894 316 961 Novembr.
334 904 359 944 et
375 891 622 949 Decembr.,menses
645 896 708 945 duos
731 896 795 946 alios
818 894 949 954 interiecit,

184 965 219 1011 ita
240 970 269 1011 ut
287 961 329 1012 hio
352 976 434 1011 annus
455 973 553 1014 servato
573 972 657 1014 vetere
677 978 762 1014 mense
784 963 949 1022 intercalario,

183 1029 238 1081 XV.
256 1031 381 1080 mensium
399 1039 472 1081 esset.

218 1093 305 1146 Gieer'o
323 1097 349 1148 h.
367 1112 390 1151 a.
411 1101 558 1162 partitiones
576 1101 718 1159 mammas,
742 1083 832 1149 deiude
854 1099 950 1148 laudem

184 1165 285 1216 sauna
313 1167 427 1230 scripsit,
456 1169 496 1216 ani
520 1167 613 1217 Caesar
632 1167 801 1217 Anticatonem
824 1167 948 1232 opposuit.

184 1234 280 1285 Deinde
303 1235 404 1298 scripsit
424 1233 553 1285 Oratorem
576 1235 610 1284 ad
630 1235 663 1284 Μ.
687 1235 804 1295 Brutum,
829 1236 873 1297 qni
897 1243 949 1284 tum

185 1301 280 1351 Galliae
307 1301 448 1367 Cisalpinae
472 1309 595 1367 praeerat.
640 1302 707 1354 Prid.
731 1302 786 1354 Kal.
809 1303 949 1351 intercalar.

182 1371 279 1434 priores
300 1371 369 1434 apud
385 1369 515 1420 Caesarem
532 1362 621 1420 habuit
637 1372 774 1420 orationem
794 1384 839 1434 pro
858 1370 888 1431 Q.
906 1369 951 1417 Li-

181 1440 264 1502 paris,
281 1453 355 1501 quem
373 1437 402 1495 Q.
420 1440 507 1488 Aelius
522 1438 620 1488 Tubero
636 1447 805 1488 accusaverat.
833 1438 950 1486 Extremo

20 1558 63 1612 os
109 1556 147 1611 a
184 1520 324 1627 ulfi-⁰⁰32·
336 1507 816 1638 libabitdilala:
831 1573 950 1622 ama
987 1561 1021 1617 o

286 1643 400 1706 Lepidus
416 1643 482 1708 Mag.
500 1645 629 1707 Equitum.
969 1669 977 1675 -

202 1710 315 1760 'Gaesar-
329 1712 400 1777 simul
416 1711 461 1760 1v.
480 1711 568 1760 eonsul
584 1713 638 1760 eine
655 1713 750 1776 eollepa
765 1713 824 1773 soit.

220 1775 325 1831 caman,
343 1778 415 1824 vietis
433 1777 459 1823 in
476 1778 597 1840 Hispania
613 1779 726 1840 Pompeii
742 1779 814 1837 filiis,
837 1777 912 1826 Sexto
930 1783 953 1824 et
983 1780 986 1786 '

187 1841 285 1901 Gnaeo,
303 1855 391 1890 mensa
409 1840 508 1890 Octobri
525 1843 631 1891 Romam
646 1857 761 1892 reversus
779 1842 909 1892 oonsulatu
926 1857 954 1889 se

188 1909 287 1958 abdicat
304 1915 329 1958 et
340 1908 369 1966 Q.
383 1907 487 1957 Fabium
504 1909 644 1959 Maximum
660 1917 684 1958 et
699 1909 728 1960 G.
740 1910 891 1959 Trebonium
906 1909 954 1956 sibi

187 1976 291 2026 suilloit.
331 1975 426 2027 Ultimo.
445 1983 528 2026 autem
551 1975 696 2026 Decembris
718 1977 758 2027 die
781 1987 839 2026 euni
863 1976 954 2025 Fabius
1052 1972 1059 1980 ’

138 2067 142 2072 v
186 2045 345 2103 decessisset,
364 2043 502 2094 Trebonius
520 2060 579 2095 vero
597 2046 705 2105 abesset,
725 2044 752 2096 G.
770 2044 887 2095 Caninius
905 2043 954 2093 Re-

186 2112 251 2163 bilus
270 2112 358 2162 eousul
380 2114 552 2173 renunciatur,
578 2115 634 2175 qni,
658 2121 686 2163 ut
707 2111 793 2163 Cicero
817 2113 952 2170 iocabatur,

186 2182 248 2231 adeo
265 2179 375 2245 vigilans
393 2181 481 2230 consul
498 2180 561 2241 luit,
578 2186 606 2230 nt
621 2188 674 2231 toto
684 2181 822 2240 *consulatu
835 2194 953 2231 somnum

185 2264 234 2299 uon
251 2249 352 2299 viderit.

214 2315 305 2366 ¹(licere
322 2317 392 2365 mitio
409 2315 436 2365 h.
449 2322 472 2365 'a.
492 2318 532 2366 vel
550 2319 680 2382 superiore
696 2324 804 2367 exeunte
818 2318 897 2369 ruisse
908 2316 953 2364 Te-

186 2385 266 2434 rentia
287 2383 429 2441 Publiliam
444 2399 547 2434 uxorem
565 2386 652 2444 duxit,
676 2387 748 2434 ouius
763 2386 831 2434 bona
847 2385 920 2433 heres
938 2398 953 2431 a

169 2458 256 2516 patre
276 2451 523 2502 lldeiaommissarlus
546 2452 647 2502 relictus
671 2452 845 2519 custodiebat.¹
871 2451 953 2500 Tullia

135 2542 140 2547 ·
188 2517 320 2578 similia,
338 2527 397 2584 post
414 2518 548 2568 divortium
566 2535 622 2569 eum
638 2519 766 2570 Dolabella
783 2520 885 2578 laetum,
904 2519 953 2567 Ro·
1011 2519 1013 2524 '
1047 2532 1050 2540 ·

187 2601 243 2637 mae
260 2586 364 2637 filiolum
381 2587 479 2651 peperit
497 2594 521 2635 et
536 2588 621 2651 paullo
639 2596 697 2650 post
713 2588 780 2638 diem
792 2588 854 2638 obiit
866 2599 953 2648 supre-
1061 2592 1064 2599 ⁴

189 2670 264 2704 mum.
293 2654 378 2705 Gioero
394 2653 554 2711 vehementer
571 2656 625 2704 eius
640 2663 719 2704 morte
736 2655 855 2711 afflictus,
871 2650 955 2700 Publi-

188 2723 223 2771 lia
239 2723 357 2781 dimissa,
375 2721 481 2770 Asturae
499 2736 527 2769 se
544 2722 613 2772 abdit
631 2722 792 2784 doloremque
808 2735 881 2769 suum
898 2731 955 2780 par-

189 2792 235 2840 tim
252 2790 305 2840 lani
321 2788 418 2838 Tulliae
435 2790 548 2854 erigendi
567 2789 679 2853 consilio,
698 2791 789 2853 partim
806 2787 877 2836 libris
895 2786 955 2833 sori-

188 2859 278 2908 beudis
296 2857 373 2906 lenire
388 2857 497 2909 studet.¹
535 2856 641 2920 Scripsit
658 2859 736 2922 igitur
750 2857 777 2904 h.
797 2869 820 2903 a.
840 2854 955 2903 consola

187 2927 274 2976 tionem
291 2940 316 2974 s.
328 2925 418 2974 librum
436 2926 468 2974 de
484 2925 554 2986 luctu
570 2925 713 2984 minuendo,
731 2923 808 2972 libros
825 2921 955 2984 detinebas

188 2993 303 3043 bonoram
319 2995 488 3051 etmalorum,
506 2991 672 3041 Academicos
697 2992 860 3055 pausationes.
895 2991 954 3038 ani-

188 3076 258 3111 mum
281 3062 356 3111 etiam
379 3061 469 3109 adiecit
492 3060 556 3109 libro
579 3061 612 3109 ad
634 3058 767 3108 Caesarem
785 3057 816 3106 de
840 3072 866 3106 re
884 3058 952 3122 publ.

187 3129 328 3179 ordinanda
344 3128 484 3177 scribendo.
519 3128 605 3176 Mense
620 3127 702 3190 Aprili
719 3125 797 3174 lilium
813 3140 886 3175 suum
903 3134 954 3174 stu-

188 3197 287 3246 diorum
305 3210 381 3245 eausa
397 3194 508 3244 Athenas
532 3196 622 3252 mittit;
647 3202 671 3244 et
688 3193 772 3258 paullo
789 3202 848 3258 post
864 3194 956 3242 Astura

188 3264 297 3313 discedit
328 3263 489 3326 reliquosque
515 3277 614 3311 menses
639 3264 731 3326 partim
755 3264 781 3311 in
804 3261 955 3318 Tusculano,

216 3410 237 3461 l)
251 3409 317 3453 Tuae.
333 3407 371 3453 w.
386 3407 420 3453 29.
439 3408 468 3450 sd
480 3412 528 3453 Att.
543 3408 593 3454 Xll.
609 3409 642 3453 15.
656 3412 677 3450 et
692 3407 726 3452 36.
825 3457 866 3515 b*
