2332 3772
342 174 752 241 CAP.s-11.S·1s-25.-
996 171 1061 239 420
1100 184 1109 195 ··

32 327 173 390 suasisse
192 342 231 386 ne
251 332 285 386 tu
305 324 427 399 quidem
446 321 533 385 diois.
575 324 617 382 At
640 321 747 384 Miloni
765 323 919 385 nefacere
935 326 1058 402 quidem

32 409 130 486 potui.
157 407 244 470 Prius
260 407 340 469 enirn
355 423 419 468 rem
436 404 583 481 transegit
597 421 688 480 quam
706 403 868 480 quisquam
880 422 949 469 eum
964 410 1059 471 tactu-

32 510 99 554 rum
113 491 145 552 id
159 490 376 566 suspicaretur.
408 493 448 549 At
467 505 524 564 ego
542 487 636 549 suasi.
671 485 795 548 Scilicet
814 486 843 548 is
863 489 981 552 animus
995 502 1060 554 erat

32 575 170 648 Milonis,
191 570 225 636 ut
240 572 392 650 prodesse
411 572 456 632 rei
477 571 615 647 publicae
634 569 700 631 siae
722 585 851 631 suasore
865 587 926 633 non
943 585 1058 647 posset.

32 661 74 720 At
83 661 218 720 ,laetatus
233 673 310 718 sum.
342 655 420 730 Quid
433 661 528 730 ergot
547 654 578 714 in
591 661 674 715 tanta
687 652 800 714 taetitia
815 661 942 715 cunctae
956 655 1059 717 civita-

32 741 71 803 tis
93 757 143 801 me
161 757 253 801 unum
278 741 395 800 tristem
421 754 493 798 esse
519 737 700 811 oportebat?
745 735 796 797 22.
813 737 1001 812 Quamquam
1022 740 1061 798 de

32 832 129 895 morte
153 823 249 885 clodii
268 823 325 882 iuit
346 820 484 896 quaestio
506 837 567 880 non
588 822 661 881 satis
681 819 847 894 prudenter
865 819 918 880 iiia
934 816 1061 896 quidem

32 908 203 968 constituta
230 904 308 979 Quid
322 904 401 964 enim
415 903 560 966 attinebat
574 918 656 964 nova
668 903 736 978 iege
760 900 865 977 quaeri
880 902 919 962 de
940 919 993 976 eo,
1010 903 1062 977 qui

32 990 184 1052 bominem
197 987 369 1059 occidisset,
389 1004 480 1062 quum
493 995 577 1047 esset
587 985 707 1060 iegibus
721 983 860 1060 quaestio
878 986 1062 1047 constitutae

32 1075 204 1150 quaesitum
219 1068 389 1133 esttamen.
411 1071 500 1143 Quod
515 1068 613 1143 igitur,
631 1085 723 1144 quum
738 1085 789 1128 res
803 1069 957 1144 agebatur,
971 1085 1059 1130 nemo

32 1157 63 1217 in
82 1173 131 1216 me
146 1154 237 1226 dixit,
251 1153 283 1213 id
295 1159 339 1214 tot
352 1154 441 1214 annis
457 1159 528 1228 post
541 1161 619 1213 tu-es
634 1151 775 1212 inventus
791 1151 843 1227 qui
860 1151 1000 1213 dicerest

94 1237 145 1299 23.
162 1237 251 1310 Quod
264 1251 337 1296 vero
352 1236 454 1297 dicere
465 1252 560 1296 ausus
575 1251 609 1296 es
621 1234 715 1310 idque
727 1235 829 1296 multis
843 1235 954 1308 verbis,
967 1251 1062 1311 opcra

32 1337 101 1382 mea
114 1319 291 1395 Pompeium
312 1318 486 1380 acaesaris
509 1317 639 1379 amicitia
653 1335 724 1379 esse
742 1318 906 1380 diiunctum
925 1319 964 1380 ob
979 1335 1061 1379 eam·

32 1420 92 1481 que
107 1418 232 1463 causam
249 1404 339 1477 cuipa
357 1418 425 1463 mea
446 1400 535 1463 civile
549 1403 661 1463 balium
676 1417 747 1462 esse
763 1401 920 1489 natumin
942 1418 979 1463 eo
998 1419 1060 1464 non

32 1495 65 1549 tu
79 1486 201 1561 quidem
215 1494 279 1547 tota
294 1503 343 1561 ra,
365 1487 435 1561 sed,
456 1487 539 1561 quod
553 1485 717 1547 maximum
734 1485 999 1562 est,temporibus
1013 1502 1060 1546 er-

32 1571 114 1630 rasti.
157 1570 192 1630 X.
208 1570 273 1645 Ego
287 1569 328 1629 Μ.
343 1569 467 1643 Bibulo,
491 1570 753 1644 praestantissimo
769 1569 852 1643 cive,
873 1572 999 1633 consule
1009 1571 1060 1630 ni·

32 1653 72 1713 bit
87 1652 291 1728 praetermisi,
313 1661 458 1727 quantum
479 1652 580 1710 iacere
601 1651 735 1726 enitique
756 1652 855 1725 potui,
879 1652 951 1726 quin
970 1653 1056 1714 Pom·

32 1735 133 1813 peium
154 1752 172 1795 a
192 1733 331 1795 caesaris
361 1731 575 1794 coniunctione
603 1748 774 1793 evocarem.
803 1734 836 1792 ln
866 1750 927 1808 quo
949 1734 1060 1794 Caesar

32 1820 149 1881 ielicior
163 1817 228 1880 iuit.
244 1818 316 1891 Ipse
327 1815 588 1895 enimPompeium
602 1830 700 1875 amea
711 1814 910 1875 iamiiiaritate
923 1815 1060 1876 diiunxit

32 1903 142 1963 Postea
156 1915 228 1959 vero
244 1914 335 1974 quam
349 1914 384 1958 se
397 1905 493 1958 toturn
507 1895 670 1973 Pompeius
688 1897 810 1957 Caesari
829 1897 965 1969 tradidit,
988 1898 1061 1973 quid

32 1984 194 2060 sgoiiium
218 1981 315 2042 abeo
343 1980 511 2043 distrahere
539 1986 688 2041 conarert
723 1979 810 2043 Stulti
836 1987 901 2040 erat
926 1996 1060 2056 sperare,

32 2068 163 2130 suadere
188 2061 384 2140 impudentis.
427 2061 478 2126 24.
500 2064 568 2125 Duo
594 2071 695 2124 tamen
724 2072 861 2140 tempora
881 2062 1060 2137 inciderunt,

32 2151 144 2228 quibus
166 2147 279 2224 aliquid
301 2157 408 2209 contra
423 2149 584 2209 caesarem
597 2147 741 2223 Pompeio
757 2144 916 2208 suaserim.
950 2147 995 2207 Ea
1008 2164 1060 2208 ve·

32 2236 82 2295 iim
97 2232 320 2308 reprehendas,
342 2229 369 2292 si
385 2240 490 2307 potes:
512 2247 619 2304 unum,
635 2247 675 2291 ne
690 2229 887 2307 quinquennii
901 2230 1061 2306 imperium

32 2316 156 2379 Caesari
170 2322 363 2391 prorogarem
384 2316 529 2387 aiterum,
552 2331 591 2375 ne
612 2323 765 2390 pateretur
784 2316 855 2376 ierri
876 2323 909 2377 ut
923 2315 1059 2381 absentis

32 2401 98 2462 eius
116 2398 191 2461 ratio
206 2400 377 2459 haberetur.
413 2397 595 2472 Quorumsi
610 2397 757 2460 utrumvis
772 2400 1009 2474 persuasissem,
1029 2401 1060 2458 in

32 2485 87 2545 bas
102 2482 242 2544 miserias
257 2497 420 2558 numquam
431 2480 655 2543 incidissemus.
675 2483 778 2558 Atque
788 2483 869 2543 idem
884 2498 952 2557 ego,
968 2498 1061 2563 quum

32 2570 89 2629 iam
106 2583 182 2642 opes
198 2582 304 2627 omnes
318 2574 349 2627 et
363 2581 436 2626 suas
451 2573 481 2626 ct
494 2565 601 2641 popuii
614 2565 743 2627 Romani
755 2565 918 2642 Pompeius
934 2566 972 2626 ad
988 2564 1057 2626 Gae-

32 2667 133 2713 sarem
148 2649 322 2723 detulissat,
343 2664 477 2723 seroque
498 2665 535 2710 ea
551 2650 664 2710 sentire
681 2650 850 2725 coepisset,
872 2664 951 2724 quae
966 2650 1059 2710 multo

32 2742 102 2794 ante
112 2733 314 2808 provideram,
330 2730 496 2808 inferrique
508 2732 624 2807 patriae
634 2731 744 2794 beilum
757 2732 905 2794 neiarium
916 2732 1059 2805 viderem,

32 2818 133 2894 pacis,
160 2815 357 2891 concordiae,
383 2815 613 2890 compositionis
635 2825 742 2879 auctor
767 2834 838 2879 esse
862 2832 923 2877 non
950 2815 1060 2888 destiti,

32 2916 161 2974 meaque
174 2900 225 2960 ilia
239 2915 302 2960 vox
321 2896 454 2960 est'nota
467 2897 586 2959 moitis:
615 2898 748 2975 Utinam,
773 2901 825 2962 On.
840 2896 973 2976 Pompei,
995 2916 1061 2960 oum

32 2985 62 3045 θ.
78 2983 206 3043 Caesare
219 2987 382 3045 summatem
405 2988 461 3043 out
475 2998 634 3057 numquam
649 2987 755 3046 comem
768 2993 821 3045 aut
834 2999 993 3060 numquam
1009 2984 1061 3044 m·-

32 3063 184 3127 remissas!
218 3068 291 3127 Fuit
308 3070 433 3128 alteram
449 3069 631 3141 prauitatis,
642 3070 769 3128 atterum
782 3069 964 3144 prudentiae
983 3078 1061 3128 tuoe.

32 3150 114 3210 Haec
129 3163 211 3220 mea,
231 3148 272 3209 Μ.
287 3149 414 3222 Antoni,
437 3165 558 3225 semper
578 3158 609 3210 et
629 3150 668 3209 de
681 3150 825 3226 Pompeio
846 3159 876 3211 et
896 3150 935 3212 de
955 3166 989 3212 re
1005 3167 1062 3227 pu-

32 3231 111 3294 blica
125 3229 252 3293 consilia
268 3232 403 3294 tuamne
418 3248 497 3307 quae
513 3231 538 3292 si
553 3232 737 3304 valuissent,
753 3250 803 3296 res
822 3233 945 3310 publica
959 3240 1062 3304 staret,

32 3324 60 3379 tu
79 3312 140 3375 tuis
156 3312 294 3390 flagitiis,
309 3323 459 3390 egestate,
474 3314 597 3375 infamia
612 3312 814 3378 concidisses.

91 3396 138 3457 xt
162 3393 213 3458 25.
229 3395 290 3459 Sed
301 3397 377 3460 haec
389 3406 500 3461 uetera
515 3398 589 3461 iiiud
600 3413 672 3460 vero
685 3414 803 3476 recens,
820 3401 982 3463 caesarem
990 3414 1064 3461 meo
