2340 3788
383 201 465 261 cnr.
481 209 613 266 14-17.
634 207 660 270 s.
673 177 805 268 er—'ata
1049 209 1111 277 179

69 352 165 418 novis
182 350 294 428 opibus
311 350 474 428 copiisque
491 350 655 413 renovarit
685 352 767 413 xvi.
784 355 831 414 Ac
847 353 874 415 si
890 354 962 416 milri
976 373 1057 419 nunc
1071 360 1110 420 de

68 436 168 501 rebus
183 434 281 510 gestis
293 443 377 496 esset
392 435 488 496 nostri
503 434 656 496 exereitus
670 436 924 513 imperatorisque
935 439 1109 517 dicendum,

68 519 205 599 plurima
221 526 253 579 et
264 517 398 578 maxima
411 517 529 592 proelia
544 516 783 580 commemorare
803 536 944 594 possem=
971 525 1029 584 sed
1047 542 1109 587 non

69 606 104 666 id
117 600 251 679 agimus.
279 599 331 662 34.
350 601 417 661 Hoc
433 600 518 661 dico:
534 601 561 662 si
574 602 688 662 bellum
701 602 771 676 hoc,
786 598 813 661 si
828 601 878 663 llic
894 603 1003 679 hostis,
1018 607 1045 667 si
1058 607 1110 670 ille

68 704 131 751 rex
146 686 393 747 contemnendus
408 683 531 757 luisset,
553 701 655 759 neque
671 692 754 745 tanta
773 700 846 745 cura
867 689 992 747 senatus
1010 697 1040 749 et
1053 707 1107 765 po·

70 772 166 848 pulus
179 769 338 829 Romanus
354 766 584 843 suscipiendum
599 775 739 843 putasset
753 784 854 844 neque
869 776 914 829 tot
927 785 1025 830 annos
1039 788 1108 846 ges-

69 854 167 917 sisset
185 867 287 926 neque
307 859 391 912 tanta
412 847 508 925 gloria
527 850 560 910 L.
575 851 708 912 Luculli:
736 869 838 927 neque
855 851 1019 913 veroeius
1038 854 1110 914 belli

70 935 299 1000 conficiendum
314 935 429 995 exitum
448 942 532 995 tanto
554 935 655 995 studio
677 936 811 1010 populus
824 937 982 996 Romanus
998 937 1038 994 ad
1057 937 1109 996 cn.

68 1017 252 1095 Pompeium
269 1017 443 1078 detulisset:
472 1017 560 1078 cuius
582 1034 622 1078 ex
639 1020 779 1079 omnibus
795 1019 923 1094 pugnis,
945 1031 1111 1093 quaesunt

69 1100 320 1175 innumerabiles,
341 1102 389 1160 vel
403 1101 552 1162 acerrima
566 1101 639 1161 milri
652 1101 775 1163 videtur
788 1102 848 1176 illa,
865 1119 946 1178 quae
957 1118 1025 1162 cum
1036 1117 1110 1177 rege

70 1184 240 1249 commissa
254 1192 303 1245 est
319 1193 349 1245 et
364 1200 482 1244 summa
496 1183 691 1245 contentione
704 1195 849 1263 pugnata.
878 1187 944 1260 Qua
955 1201 1110 1260 expugna

70 1284 168 1347 quum
181 1284 217 1329 se
231 1268 281 1327 ille
292 1266 456 1344 eripuisset
470 1275 500 1329 et
509 1268 704 1344 Bosphorum
719 1271 918 1345 confugisset,
943 1285 1005 1345 quo
1021 1285 1109 1332 exer·

69 1354 151 1415 citus
166 1349 254 1412 adire
270 1368 332 1412 non
347 1359 464 1428 posset,
483 1351 572 1412 etiam
587 1353 617 1411 in
636 1362 771 1415 extrema
786 1355 907 1415 fortuna
921 1361 952 1414 et
967 1353 1040 1428 luga
1053 1368 1108 1414 no·

68 1453 141 1498 rnen
155 1443 257 1499 lamen
268 1434 390 1497 retinuit
400 1435 526 1511 regium.
553 1435 659 1512 Itaque
671 1436 740 1512 ipso
752 1436 917 1513 Pompeius
927 1453 1022 1512 regno
1035 1453 1107 1512 pos·

69 1535 180 1592 sesso,
202 1535 241 1578 ex
256 1518 397 1580 omnibus
412 1519 475 1581 oris
491 1536 528 1580 ac
541 1519 622 1579 notis
639 1519 766 1581 sedibus
780 1522 870 1582 hoste
884 1521 992 1597 pulso,
1007 1528 1108 1582 tamen

68 1611 186 1664 tantum
200 1599 232 1662 in
246 1602 338 1676 unius
355 1602 456 1662 anima
472 1601 585 1678 posuit,
603 1610 648 1672 ut,
664 1620 756 1676 quum
773 1603 883 1675 omnia,
902 1619 982 1678 quae
999 1602 1050 1664 ille
1064 1611 1108 1664 te-

68 1692 188 1758 nuerat,
207 1684 331 1756 adierat,
350 1693 497 1759 sperarat,
516 1683 643 1743 victoria
655 1687 838 1758 possideret,
852 1694 953 1745 tamen
965 1702 1027 1746 non
1038 1692 1109 1746 ante

69 1784 164 1847 quam
185 1765 270 1827 illum
291 1765 352 1826 vita
368 1767 487 1839 expulit
504 1766 619 1824 bellum
636 1767 809 1826 conlectum
828 1766 977 1827 iudicarit.
1020 1769 1109 1827 Hunc

67 1862 100 1915 tu
112 1851 256 1921 hostem,
272 1849 361 1919 cato,
379 1845 558 1918 contemnis,
574 1860 706 1920 quocum
720 1864 776 1922 per
789 1854 834 1908 tot
848 1863 946 1907 annos
960 1855 1006 1909 tot
1019 1862 1109 1920 proe-

67 1934 114 1998 liis
138 1939 188 1993 tot
207 1929 408 2003 imperatores
425 1929 506 1988 bella
520 1935 704 2003 gesserunt?
729 1927 817 1989 cuius
838 1927 961 2004 expulsi
976 1936 1007 1988 et
1021 1928 1110 1988 eiecti

66 2018 131 2081 vita
148 2011 225 2074 tanti
239 2010 398 2073 aestimata
411 2019 469 2085 est,
495 2019 529 2072 ut
545 2018 643 2072 morte
659 2011 725 2072 aius
735 2013 883 2072 nunciata
897 2019 960 2072 tum
976 2011 1110 2086 denique

66 2102 185 2162 bellum
206 2097 379 2157 conlectum
399 2093 616 2157 arbitraretur
642 2095 710 2156 Hoc
733 2095 823 2171 igitur
843 2094 873 2155 in
894 2095 976 2156 bello
995 2096 1029 2156 L.
1043 2094 1109 2156 Mu·

67 2197 192 2253 renam,
209 2181 343 2255 legatum
358 2177 515 2240 tortissimi
532 2177 638 2253 animi,
654 2178 764 2240 summi
779 2177 913 2252 consilii,
928 2178 1051 2239 maximi
1065 2180 1108 2239 la·
1156 2195 1165 2206 ’

68 2265 157 2329 boris
177 2263 332 2339 cognitum
349 2278 421 2324 esse
435 2263 642 2336 defendimus,
666 2272 697 2324 et
716 2264 794 2323 hanc
815 2260 882 2324 eius
903 2278 1028 2338 operam
1045 2279 1107 2324 non

69 2347 237 2411 minusad
265 2347 458 2407 consulatum
482 2347 716 2422 adipiscendum
745 2362 837 2422 quam
863 2346 943 2406 hana
971 2355 1107 2408 nostram

69 2435 225 2494 larensem
238 2428 419 2490 industriam
434 2428 588 2503 dignitatis
603 2427 760 2491 habuisse.

154 2513 247 2576 XVII.
259 2511 311 2576 ³5.
326 2515 368 2572 At
377 2512 457 2571 enim
469 2511 500 2571 in
514 2521 676 2588 praeturae
688 2511 835 2588 petitione
844 2513 934 2590 prior
946 2508 1107 2573 renuncia-

69 2607 118 2661 tus
130 2604 181 2658 est
192 2595 328 2657 Servius.
356 2593 526 2669 Pergitisne
537 2612 594 2656 vos
607 2604 762 2671 tamquam
773 2612 813 2655 ex
827 2595 1006 2674 syngrapha
1016 2608 1108 2666 agere

71 2698 140 2744 cum
156 2681 288 2755 populo,
307 2686 342 2740 ut
357 2694 447 2754 quem
462 2679 563 2739 locum
581 2680 676 2740 semel
691 2678 818 2739 honoris
833 2679 965 2754 cuipiam
981 2673 1108 2747 dederit,

71 2763 214 2828 eumdem
237 2760 365 2838 reliquis
392 2761 560 2822 honoribus
590 2763 720 2822 debeat?
766 2762 854 2835 Quod
883 2759 964 2821 enim
988 2759 1106 2829 fretum,

73 2860 165 2925 quem
179 2845 326 2922 Euripum
341 2850 385 2906 tot
398 2854 515 2917 motus,
531 2853 645 2917 tantas,
669 2852 729 2905 tam
744 2844 846 2904 varias
862 2844 977 2902 habere
993 2838 1107 2915 putatis

71 2929 270 3008 agitationes,
287 2928 555 3001 commutationes,
573 2927 696 3000 lluctus,
714 2935 844 3001 quantas
863 2925 1106 3000 perturbationes

72 3024 101 3077 et
126 3016 261 3089 quantos
281 3019 385 3073 aestus
405 3011 498 3071 habet
519 3009 597 3072 ratio
621 3010 833 3072 comitiorumr
861 3007 935 3068 Dies
957 3005 1106 3081 intermis-

73 3115 127 3160 sus
153 3104 207 3157 aut
232 3110 295 3157 nox
320 3094 500 3171 interposita
527 3110 621 3169 saepe
647 3094 802 3169 perturbat
829 3090 932 3152 omnia
958 3098 1106 3153 ettotam

73 3180 249 3258 opinionem
276 3194 373 3255 parva
396 3195 459 3238 non
486 3194 650 3252 numquam
677 3184 841 3237 commutat
866 3190 941 3235 aura
963 3174 1105 3235 rumoris.

75 3264 175 3341 Saepe
196 3261 288 3324 etiam
307 3260 374 3322 sina
392 3262 455 3322 ulla
468 3269 575 3336 aperta
592 3276 686 3320 causa
700 3258 829 3320 lit-aliud
846 3265 938 3333 atque
952 3256 1105 3318 existima·

10 3364 13 3372 ’
74 3363 155 3421 mus,
177 3353 211 3408 ut
226 3363 289 3407 non
308 3358 474 3420 numquam
488 3343 530 3404 ita
545 3344 656 3404 lactum
671 3358 742 3403 esse
757 3340 847 3403 etiam
864 3341 999 3415 populus
1012 3332 1105 3396 admi-

10 3433 16 3465 ¹
73 3438 170 3507 retur,
192 3431 281 3506 quasi
301 3444 376 3490 vero
395 3445 456 3490 non
477 3425 546 3503 ipse
566 3424 680 3488 lecerit
722 3421 773 3486 36.
794 3420 945 3552 Nihilqest
961 3416 1115 3479 incertius
