2340 3788
212 166 215 173 ’
268 210 278 217 -
367 180 450 241 ctr.
465 188 560 241 1-a
577 185 602 246 s.
619 188 716 242 1-o.
994 179 1056 249 411

32 343 91 396 iat.
135 333 165 394 3.
189 335 267 395 Num
288 331 340 406 qui
354 332 478 392 exsules
494 328 644 392 restitutit
664 331 764 390 Unum
777 331 883 405 aiebat,
899 342 1057 407 praeterea

10 416 191 477 :neminem
241 415 317 475 Num
344 413 546 474 immunitates
567 413 677 473 datae?
700 413 819 485 Nullae,
841 416 1055 489 respondebat.

10 498 187 559 ssldsentiri
202 496 289 558 etiam
301 513 357 556 nos
374 497 439 557 Ser.
455 495 605 570 Sulpicio,
622 494 790 556 clarissimo
806 493 883 568 viro,
901 499 1003 577 voluit,
1017 517 1056 561 ne

10 579 94 658 {tua
108 581 209 642 tabula
224 587 294 655 post
307 580 380 640 ldus
392 579 515 639 llllartias
534 578 624 639 ullius
645 577 759 638 decreti
774 576 912 639 Caesaris
934 588 987 640 aut
1003 582 1056 642 be-

10 659 133 750 {ielicii
148 665 298 737 ligaretur.
340 662 433 722 Multa
449 669 608 736 praetereo
623 677 722 735 eaque
736 661 903 736 praeclara.
933 663 982 721 Ad
997 665 1057 723 sin-

10 749 135 821 ²gulare
153 746 231 805 enim
246 746 285 805 llll.
304 745 427 805 Antonii
447 745 558 804 lactum
580 743 822 814 festinatoratio.
865 744 1057 817 Dictaturam,

10 845 110 907 :luae
127 828 184 887 iam
203 831 262 890 vim
278 826 381 900 regiae
395 828 555 900 potestatis
567 827 738 900 obsederat,
756 824 891 901 lunditus
901 843 941 886 ex
958 844 992 887 re
1003 844 1058 902 pu-

10 911 108 973 L‘ilica
119 911 256 972 sustulit:
272 912 311 969 de
322 926 382 982 qua
392 925 431 968 ne
442 908 607 969 sententias
619 908 892 984 quidemdiximu's.
908 909 1059 985 Scriptum
1130 923 1134 927 ’

10 992 155 1067 &enatus
177 994 347 1054 consultum
369 992 452 1066 quod
472 991 539 1052 fieri
551 993 643 1052 vellet
654 991 765 1063 attulit,
790 1008 851 1066 quo
865 992 991 1053 recitato
1006 1008 1059 1053 au-

10 1070 199 1163 ptoritatem
220 1077 286 1135 eius
305 1090 422 1134 summo
445 1074 546 1134 studio
568 1073 666 1133 secuti
685 1091 791 1135 sumus
805 1074 895 1150 eique
908 1074 1059 1150 amplissi-

10 1161 86 1232 ,nis
102 1157 205 1218 verbis
224 1174 279 1231 per
293 1165 416 1218 senatus
432 1158 602 1217 consultum
617 1155 728 1231 gratias
744 1158 870 1231 egimus.
895 1158 935 1223 ll.
950 1157 979 1228 4.
993 1157 1060 1217 Lux

27 1242 183 1319 quaedam
197 1240 358 1300 videbatur
372 1238 472 1300 oblata
487 1255 548 1298 non
563 1240 656 1300 modo
669 1256 780 1314 regno,
796 1241 880 1314 quod
894 1243 1059 1315 pertulera-

26 1338 112 1395 nm,
132 1324 188 1382 sed
203 1323 292 1383 etiam
307 1323 392 1397 regni
407 1324 514 1383 timore
529 1323 881 1398 sublato,magnumque
896 1323 1005 1399 pignus
1020 1322 1059 1382 ab

10 1407 63 1470 ³20
80 1405 281 1479 reipublicae
296 1406 407 1476 datum,
423 1404 596 1466 seliberam
613 1404 762 1467 civitatem
780 1421 850 1466 esse
862 1406 947 1481 velle,
967 1423 1059 1482 quum
1151 1436 1159 1451 κ

10 1474 184 1576 {lictatoris
198 1505 325 1561 nomen,
341 1489 425 1564 quod
438 1505 532 1563 saepe
549 1488 661 1549 iustum
674 1489 796 1562 luisset,
811 1496 936 1564 propter
950 1506 1058 1564 perpe·

10 1589 98 1645 ²uae
120 1571 287 1633 dictaturae
305 1579 458 1632 recentem
479 1572 654 1632 memoriam
672 1571 808 1632 funditus
830 1588 870 1631 ex
887 1573 1059 1648 republica

10 1655 212 1719 sustulisset.
248 1653 278 1712 5.
294 1654 453 1713 Liberatus
470 1653 606 1727 periculo
622 1653 726 1712 caedis
740 1654 847 1727 paucis
862 1663 942 1727 post·
950 1656 1059 1715 diebus

29 1745 170 1801 tenatus=
183 1752 279 1794 uncus
293 1735 444 1808 impactus
457 1741 506 1794 est
520 1734 647 1806 lugitivo
661 1733 719 1806 illi,
742 1735 794 1808 qui
814 1736 844 1793 in
860 1735 891 1792 0.
905 1736 992 1795 Marii
1005 1753 1059 1796 no

29 1837 98 1882 ncn
112 1817 276 1876 invaserat.
305 1820 406 1891 Atque
423 1817 499 1874 haec
514 1814 615 1874 omnia
629 1817 825 1876 communiter
842 1831 909 1876 cum
928 1819 1058 1890 collega=

10 1903 90 1966 :ilia
113 1915 205 1973 porro
232 1895 356 1973 propria
375 1897 566 1958 Dolabellam
588 1913 681 1970 quae,
709 1897 768 1957 nisi
788 1899 905 1972 collega
924 1899 1059 1970 aluisset,
1089 1918 1092 1929 ’

10 1984 125 2048 :eredo
145 1980 183 2041 iis
206 1983 305 2041 lutura
331 1979 427 2040 luisse
448 1975 626 2041 communia.
646 2015 648 2019 -
669 1980 744 2043 Nam
772 1997 864 2055 quum
879 1989 1016 2055 serperet
1029 1979 1061 2040 in

10 2068 137 2145 {arbem
151 2063 299 2124 inlinitum
316 2065 425 2125 malum
443 2063 536 2140 idque
551 2071 686 2123 manaret
701 2062 732 2122 in
748 2063 815 2124 dies
829 2063 933 2136 latius,
956 2063 1061 2124 iidem-

10 2165 92 2227 sque
104 2148 225 2207 bustum
234 2146 264 2206 in
281 2149 346 2208 loro
359 2148 502 2220 lacerent,
517 2147 569 2221 qui
580 2146 661 2206 illarn
676 2144 859 2221 insepultam
875 2147 1062 2222 sepuituram

10 2233 203 2305 aeffecerant,
216 2238 247 2291 et
259 2229 368 2290 cotidie
382 2230 479 2306 magis
490 2230 649 2305 magisque
661 2228 770 2304 perditi
783 2230 921 2290 homines
934 2247 1002 2291 cum
1013 2228 1061 2291 sui

10 2315 180 2380 isimilibus
202 2315 301 2373 servis
330 2313 417 2375 tectis
447 2330 483 2373 ac
513 2313 633 2387 templis
657 2312 742 2373 urbis
769 2312 968 2387 minarentur,
992 2312 1061 2375 talis

10 2395 257 2465 :animadversio
273 2395 328 2456 luit
341 2397 516 2458 Dolabellae
525 2413 617 2471 quum
632 2395 664 2456 in
678 2397 813 2458 audaces
831 2398 1061 2471 sceleratosque

10 2497 141 2564 [servos
161 2488 224 2541 turn
243 2478 275 2538 in
294 2478 431 2553 impuros
452 2487 482 2540 et
503 2480 636 2540 nelarios
649 2478 777 2550 liberos,
799 2477 1060 2555 talisqueeversio

10 2563 112 2633 dllius
124 2569 302 2622 exsecratae
314 2563 482 2635 columnae,
497 2570 529 2624 ut
540 2561 610 2622 milri
626 2562 731 2622 mirum
748 2559 884 2622 videntur
899 2571 959 2622 tam
971 2559 1061 2621 valde

10 2647 182 2718 Jreliquum
197 2653 318 2718 tempus
336 2645 375 2705 ab
391 2643 443 2706 illo
459 2662 518 2705 uno
535 2644 585 2705 die
599 2645 799 2705 dissensisse
839 2645 870 2708 6.
884 2645 966 2705 Ecce
981 2640 1062 2703 enim

10 2762 14 2796 -‚
21 2727 177 2795 Kalendis
192 2727 299 2802 luniis,
319 2728 429 2803 quibus
449 2735 483 2789 ut
497 2728 675 2789 adessemus
690 2726 842 2802 edixerat,
864 2734 976 2787 mumta
997 2741 1060 2784 orn-

10 2811 98 2885 „nim
119 2808 192 2870 nihil
214 2827 269 2886 per
284 2818 436 2886 senatum,
455 2811 548 2872 multa
563 2819 593 2871 et
608 2827 717 2886 magna
733 2827 787 2885 per
800 2811 950 2887 populum
961 2817 996 2868 et
1009 2806 1060 2867 ab·

10 2892 120 2969 {sente
140 2893 254 2969 populo
272 2901 302 2954 et
314 2893 419 2954 invito.
463 2895 612 2956 Consules
629 2893 779 2970 designati
793 2893 945 2968 negabant
959 2907 993 2952 se
1008 2906 1061 2950 au-

10 2980 106 3049 edere
126 2974 156 3035 in
178 2985 317 3040 senatum
339 2977 456 3038 venire=
481 2975 597 3051 patriae
619 2978 798 3037 liberatores
819 2977 895 3037 urbe
919 2973 1063 3034 carebant

10 3076 77 3136 pea,
91 3058 177 3119 ouius
192 3076 211 3118 a
229 3060 400 3122 cervicibus
416 3060 518 3136 iugum
534 3058 647 3121 servile
660 3060 850 3120 deiecerant:
867 3073 946 3132 quos
960 3065 1061 3118 tamem

10 3183 13 3209 ;
26 3141 92 3218 ipsi
108 3144 332 3204 consulesetin
346 3142 578 3210 contionibuset
592 3141 716 3203 inomni
731 3157 873 3202 sermone
888 3141 1062 3202 laudabant.

10 3224 175 3305 {Veterani
200 3225 253 3301 qui
265 3226 511 3302 appellabantur,
534 3225 645 3301 quibus
667 3223 717 3284 hic
738 3224 816 3285 ordo
831 3221 1063 3298 diligentissime

10 3316 162 3387 ,caverat
175 3325 236 3371 non
247 3309 288 3368 ad
302 3308 565 3371 conservationem
577 3324 680 3369 earum
690 3323 801 3381 rerum,
815 3305 1061 3383 quasbabebant,

10 3424 14 3472 t
26 3390 88 3452 sed
94 3390 134 3451 ad
141 3407 227 3467 spem
240 3406 386 3453 novarum
393 3394 573 3468 praedarum
584 3390 793 3452 incitabantur.
808 3389 892 3464 Quae
904 3403 997 3466 quum
1009 3402 1062 3446 au-
