2340 3788
106 184 171 251 eso
406 162 481 244 rao
494 183 526 242 r.
541 182 672 245 snsno
688 183 839 297 enarro,
936 268 939 273 Ι
974 254 977 259 ,
1074 256 1103 285 ἢ,
1137 244 1141 251 .

90 335 496 423 ,Romanos„‚minitabatur
514 334 842 415 senatui,·.venditabat
862 353 897 397 se
918 335 1022 411 operis
1042 345 1133 414 atque

106 421 148 479 ab
162 418 200 477 iis
221 433 256 477 sa
276 414 427 492 tr'aptum,
449 418 490 479 ne
504 419 544 479 de
559 416 809 487 ambitu'eausam
825 419 954 492 diceret,
975 420 1132 493 praedica-

108 504 173 573 bat,
190 502 228 560 ab
243 500 413 576 iisdemque
428 517 464 561 se
478 501 568 561 etiam
580 500 674 563 invito
685 509 793 589 senatu
806 501 997 585 prouinciam
1007 519 1133 576 sperare

109 584 243 646 dicebat:
258 599 387 660 eamque
398 583 456 645 nisi
468 578 747 661 adeptusessettse
757 584 1028 657 incolumemnullo
1041 588 1131 647 modo

108 669 174 728 lore
189 666 397 727 arbitrabatur.
441 665 492 728 19.
513 670 617 740 Alter,
634 686 653 729 o
671 669 702 727 di
716 668 804 728 bonit
831 686 921 744 quam
941 660 1037 728 taeter
1052 669 1132 729 inee-

11 818 14 823 ,
106 750 214 811 debat!
239 766 330 825 quam
343 751 546 811 truculentus!
568 767 657 825 quam
671 751 812 812 terribilis
827 760 968 825 aspectat
984 784 1027 795 —
1040 769 1133 812 unum

7 846 19 873 -·
105 832 238 909 aliquem
256 841 286 893 te
300 850 340 894 ex
353 834 487 893 barbatis
501 833 575 905 illis,
597 836 770 908 exemplum
784 832 900 908 imperii
913 834 1042 907 veteris,
1059 835 1132 894 ima-

105 915 207 989 ginem
227 915 429 990 antiquitatis,
451 918 588 976 columen
605 916 650 976 rei
664 916 938 993 publioaediceres
953 916 1065 991 intueri
1076 940 1132 973 -ι

36 1000 39 1005 “
108 998 236 1059 vestitus
253 1013 364 1073 aspere
383 1008 489 1059 nostra
502 999 559 1060 hac
579 1000 715 1074 purpura
732 996 850 1074 plebeia
863 1016 899 1060 ac
915 1016 1013 1074 paene
1029 1000 1132 1060 susce:

108 1082 217 1155 capillo
230 1080 270 1141 ita
281 1081 420 1151 horrido,
434 1090 467 1142 ut
478 1082 596 1157 Capua,
606 1082 637 1141 in
650 1099 710 1156 qua
722 1082 789 1156 ipse
800 1090 860 1142 tum
872 1082 1011 1163 imaginis
1023 1099 1132 1143 ornan-

106 1166 166 1225 dae
180 1179 274 1224 eausa
286 1164 508 1227 duumviratum
522 1164 659 1240 gerebat,
676 1164 845 1239 Seplasiam
860 1162 1033 1227 sublaturus
1047 1165 1132 1224 vida-

59 1238 68 1255 *
106 1256 198 1307 retur.
238 1247 312 1307 Nam
329 1248 403 1322 quid
421 1264 479 1323 ego
495 1248 535 1307 de
549 1246 711 1323 supercilIo
726 1248 839 1321 dicam,
861 1248 944 1322 quod
960 1255 1022 1308 tum
1035 1248 1131 1309 bomi-

107 1329 197 1389 nibus
218 1347 278 1391 non
301 1329 508 1405 supercilium,
532 1332 588 1392 sed
606 1332 717 1406 pignus
737 1331 935 1406 reipublicae
951 1330 1132 1392 videbatura

104 1415 200 1475 Tanta
215 1421 279 1474 erat
293 1413 425 1488 gravitas
439 1414 470 1474 in
486 1417 590 1487 oculo,
612 1422 693 1475 tanta
708 1414 873 1475 contractio
889 1413 1011 1484 frontis,
1031 1422 1064 1473 ut
1077 1414 1130 1473 illo

106 1495 270 1571 supercilio
286 1511 384 1557 annus
398 1497 448 1556 ille
462 1496 515 1557 niti
529 1505 681 1571 tamquam
696 1497 773 1556 vade
787 1498 948 1557 videretur.
986 1494 1037 1556 20.
1057 1495 1132 1556 Erat

106 1579 156 1639 hic
171 1578 303 1639 omnium
318 1596 433 1641 sermo:
454 1580 509 1641 Est
520 1589 619 1640 tamen
633 1578 677 1639 rei
693 1580 831 1661 publicae
842 1595 983 1654 magnum
993 1577 1129 1669 Quum·

108 1678 168 1736 que
184 1661 377 1739 subsidium:¹
393 1663 492 1741 babeo
507 1678 598 1738 quem
612 1656 839 1738 opponam-labi
853 1660 896 1721 illi
909 1648 1128 1736 atqno‘eo'bnot

106 1746 205 1817 vultu,
232 1745 352 1806 medius
374 1744 482 1819 lidius,
510 1747 645 1820 collegae
669 1746 718 1806 sui
740 1745 894 1805 libidinem
916 1744 1130 1818 levitatemque

107 1829 239 1903 mangelt
253 1829 376 1890 habebit
390 1839 514 1890 senatus
528 1828 559 1888 in
573 1829 653 1890 hunc
664 1846 774 1889 annum
791 1845 878 1904 quem
893 1835 1052 1902 sequatur:
1067 1843 1130 1886 non

106 1912 204 1973 deerit
218 1920 323 1975 auctor
337 1920 366 1972 et
379 1913 441 1972 dux
455 1911 554 1974 bonis.
582 1911 655 1971 Milli
668 1911 801 1986 denique
814 1910 953 1972 homines
966 1909 1130 1985 praecipue

107 1996 347 2070 gratulabantur,
365 1996 448 2069 qnod
462 1995 620 2056 habiturus
635 2002 737 2054 essem
751 2003 854 2054 eontra
870 1993 1021 2054 tribunum
1032 1990 1130 2068 plebis

108 2077 256 2138 luriosum
278 2088 309 2139 et
328 2081 474 2139 audacem
495 2096 587 2153 quum
605 2079 734 2137 amicum
753 2084 784 2137 et
802 2076 933 2137 adfinem
954 2084 1019 2137 tum
1041 2075 1130 2135 etiam

108 2162 215 2220 fortem
231 2169 260 2221 et
276 2178 399 2235 gravem
415 2163 580 2221 consulem.

191 2244 240 2301 IX.
262 2245 363 2317 Atque
377 2262 483 2305 eorum
496 2246 570 2305 alter
583 2242 687 2304 lelellit
702 2243 860 2304 neminem.
889 2241 962 2315 Quis
974 2241 1055 2301 enim
1069 2241 1128 2299 ela-

108 2342 180 2384 vum
194 2325 268 2385 tanti
281 2325 400 2401 imperii
414 2337 517 2389 tenere
529 2335 558 2386 et
573 2326 776 2401 gubernacula
789 2325 835 2385 rei
849 2325 988 2399 publicae
1002 2331 1129 2384 tractare

108 2409 138 2467 in
158 2407 289 2469 maximo
312 2426 402 2471 cursu
426 2427 462 2471 ac
484 2409 626 2470 fluetibus
650 2425 745 2484 posse
766 2408 959 2470 arbitraretur
979 2406 1130 2467 hominem

106 2506 259 2553 emersum
280 2493 379 2553 subito
400 2511 439 2554 ex
460 2493 608 2553 diuturnis
627 2494 757 2553 tenebris
774 2493 937 2552 lustrorum
955 2506 993 2549 ae
1010 2497 1129 2564 stupro-

107 2592 189 2650 rum,
200 2575 287 2646 vino,
300 2576 421 2650 ganeis,
431 2575 589 2637 lenociniis
601 2572 818 2649 adulteriisque
829 2575 1021 2641 conlectum?
1038 2588 1130 2647 quum

107 2659 134 2719 is
154 2669 274 2734 praeter
299 2675 385 2734 spem
409 2659 440 2719 in
464 2658 610 2721 altissimo
635 2660 732 2733 gradu
751 2657 859 2718 alienis
876 2657 987 2730 opibus
1009 2654 1129 2729 positus

105 2751 204 2816 esset,
227 2741 278 2818 qui
298 2759 358 2802 non
378 2743 470 2802 modo
490 2750 698 2816 tempestatem
717 2738 940 2815 impendentem
959 2735 1068 2819 intueri
1087 2744 1130 2795 te-

107 2828 272 2897 mulentus,
295 2827 352 2886 sed
373 2841 410 2884 na
430 2827 528 2885 lucem
545 2825 667 2899 quidem
684 2824 834 2885 insolitam
849 2816 1132 2897 aspicere‘posseta

106 2908 157 2967 21.
179 2911 262 2970 Alter
283 2910 393 2969 multos
414 2910 504 2982 plane
518 2906 549 2967 in
572 2924 677 2967 omnes
692 2916 795 2993 partes
810 2905 923 2971 lelellit
944 2980 947 2985 Ι
966 2901 1132 2981 Epatenim

107 2990 260 3052 hominum
289 2991 424 3066 opinioni
454 2991 607 3052 nobilitate
635 2991 717 3064 ipsa,
747 2976 861 3049 blanda
887 2982 1132 3054 conciliatricula,

107 3074 345 3135 commendatus.
392 3073 503 3134 Omnes
525 3074 596 3136 boni
619 3089 740 3147 semper
759 3069 906 3132 nobilitati
925 3071 1080 3139 lavemus,
1103 3075 1134 3125 et

108 3153 180 3228 quia
194 3155 264 3215 utile
279 3167 326 3218 est
339 3159 383 3219 rei
399 3157 537 3232 publicae
552 3157 670 3217 nobiles
683 3154 822 3215 homines
834 3170 906 3214 asse
917 3152 1028 3227 dignos
1039 3149 1132 3209 maio·

106 3237 191 3297 ribus
207 3239 271 3297 suis
286 3249 315 3299 et
329 3241 400 3315 quia
414 3244 494 3302 valet
508 3239 591 3315 apud
605 3255 662 3299 nos
677 3239 826 3298 clarorum
841 3237 996 3297 hominum
1010 3242 1041 3293 et
1054 3234 1133 3292 bene

106 3321 146 3381 de
167 3337 201 3380 re
220 3320 537 3395 publica-meritorum
551 3320 696 3382 memoria
713 3321 802 3381 etiam
816 3327 1013 3379 mortuorum.
1058 3312 1134 3388 Quia

107 3403 222 3465 tristem
244 3420 379 3478 semper,
406 3406 478 3482 quia
497 3404 692 3478 taciturnum,
716 3402 789 3478 quia
808 3401 1022 3465 subhorridum
1040 3405 1135 3471 atque
