2340 3788
376 152 451 213 cAP
463 160 595 215 12-14.
616 157 642 219 S·
657 161 790 223 at-ct.
932 211 936 219 .
1038 157 1104 224 177

60 309 192 369 decreta
212 312 243 365 et
256 309 432 365 avertuntur
448 316 544 376 saepe
561 301 692 362 dicendo
708 310 739 364 et
754 302 821 365 sine
835 302 1015 368 defensione
1031 325 1097 371 era—

60 388 143 452 toris
163 387 251 447 firma
267 402 339 447 esse
355 403 416 447 non
439 393 586 460 possunt:
610 384 640 444 in
663 401 724 459 qua
744 383 771 446 si
790 385 865 448 satis
887 390 1100 467 profecissem,

22 514 25 522 ,
61 469 191 549 parcius
207 469 328 531 deeius
346 470 437 531 laude
451 467 599 529 dicerem=
621 484 703 528 nunc
723 467 796 527 nihil
813 470 852 531 de
867 487 916 533 me
933 472 1020 550 dico,
1042 477 1101 536 sed

62 557 103 619 de
117 554 173 626 iis,
194 552 292 628 quiin
307 553 438 614 dicendo
458 553 559 626 magni
574 559 644 611 sunt
658 559 712 611 aut
725 551 855 612 luerunt

149 636 230 697 xlv.
245 633 296 696 30.
318 637 403 696 Duae
414 642 486 695 sunt
496 644 588 708 artes,
606 651 685 710 qnae
701 641 831 709 possunt
844 637 946 697 locare
959 637 1098 703 homines

61 720 96 783 in
113 717 306 794 amplissimo
320 719 418 792 gradu
435 716 603 792 dignitatis:
622 733 683 776 una
697 717 904 792 imperatorie,
921 721 1016 782 altera
1032 741 1098 785 ora-

62 802 143 867 toris
157 802 240 862 boni.
270 802 317 862 Ab
335 802 395 861 hoc
410 801 491 861 enirn
506 800 593 875 pacis
608 808 786 861 ornamenta
801 800 976 876 retinentur,
992 804 1031 864 ab
1046 806 1109 871 illo-

62 885 138 949 belli
151 885 288 960 pericula
301 886 497 959 repelluntur.
531 884 673 944 Caeterae
688 890 786 944 tamen
801 883 927 945 virtutes
942 884 1030 960 ipsae
1044 904 1101 963 per

64 986 101 1032 se
115 969 243 1033 multum
257 969 369 1040 valent,
384 966 506 1038 iustitia,
522 967 611 1041 fideS,
629 968 736 1043 pudor,
754 967 968 1043 temperantia:
987 968 1098 1043 quibus

64 1063 110 1126 te,
134 1051 237 1125 Servi,
263 1051 414 1111 excellere
436 1066 542 1110 omnes
558 1050 742 1125 intelligunt:
766 1051 826 1111 sed.
839 1066 919 1112 nunc
935 1051 974 1112 de
990 1053 1099 1113 studiis

64 1136 104 1197 ad
115 1135 264 1197 honorem
277 1132 447 1208 dispositis
459 1151 520 1212 non
533 1134 572 1193 de
584 1131 675 1194 insita
686 1132 835 1209 cuiusque
846 1134 956 1195 virtute
964 1132 1098 1209 disputo.

65 1216 175 1281 Omnia
195 1217 254 1279 ista
269 1217 359 1277 nobis
377 1217 478 1279 studia
498 1217 536 1277 de
558 1216 696 1277 manibus
717 1218 924 1290 excutiuntur,
945 1215 1035 1281 simul
1052 1226 1098 1280 at-

65 1319 127 1377 que
143 1300 238 1376 aliqui
254 1309 355 1362 motus
370 1317 470 1363 novus
484 1300 626 1361 bellicum
640 1316 750 1361 canere
767 1301 880 1376 eoepit
906 1300 1041 1374 Etenim,
1066 1310 1099 1362 ut

64 1384 108 1447 ait
121 1383 301 1458 ingeniosus
315 1388 406 1460 potita
420 1394 451 1446 et
464 1392 570 1445 auctor
584 1384 673 1444 valde
687 1383 802 1455 bonus,
824 1382 950 1459 proeliis
965 1385 1099 1459 promul-

64 1466 145 1542 gatis
162 1471 315 1542 pellitare
334 1471 429 1529 medio
449 1485 512 1528 non
534 1467 633 1528 solnm
650 1468 708 1528 ista
728 1474 831 1528 vestra
853 1465 985 1528 verbosa
1006 1467 1097 1529 simu-

66 1551 138 1611 latio
153 1551 342 1626 prudentiae,
361 1551 518 1612 sedetiam
532 1551 601 1624 ipsa
614 1549 665 1608 illa
676 1550 798 1610 domina
811 1567 922 1625 rerum,
935 1555 1099 1627 replendo.-

65 1636 220 1709 προήκω
230 1652 296 1695 res:
318 1638 468 1709 spernitur
478 1642 586 1706 orator,
598 1648 659 1693 nou
672 1635 770 1692 solum
782 1634 912 1694 odiosus
922 1632 953 1692 in
965 1633 1098 1695 dicendo

64 1732 103 1797 ac
124 1716 257 1792 loquax,
277 1715 488 1785 verumetiam
508 1717 615 1775 bonus:
635 1717 776 1775 horridas
791 1720 873 1778 miles
889 1723 1097 1777 amotum-ae-

65 1808 163 1861 strum
179 1814 253 1858 vero
270 1797 403 1857 studium
423 1805 518 1856 totum
537 1795 625 1854 iacet.
654 1798 721 1856 Non
732 1815 773 1857 ex
787 1802 852 1857 iure
870 1814 962 1857 manu
975 1814 1100 1860 muser-

64 1889 143 1955 tum,
158 1882 212 1940 sed
222 1880 324 1952 ferro,
341 1877 454 1951 inquit,
468 1894 531 1938 rem
544 1883 687 1952 repetant.
718 1879 806 1951 Quod
821 1878 848 1939 si
862 1878 904 1939 ita
919 1886 982 1953 est,
1000 1881 1098 1952 cedat,

64 1964 195 2041 opinor,
211 1960 342 2036 Sulpici,
359 1960 457 2020 lorum
472 1959 596 2032 eastris,
613 1958 712 2020 ocium
727 1959 864 2033 laoditiae,
883 1959 971 2021 stilus
988 1961 1100 2035 gladio,

65 2048 177 2109 umbra
198 2046 272 2106 soli:
301 2043 341 2106 sit
360 2045 493 2119 denique
513 2043 542 2104 in
564 2042 687 2104 civitate
709 2059 746 2104 ea
766 2043 864 2118 prima
879 2060 945 2116 res,
973 2053 1100 2120 propter

66 2146 159 2208 quam
181 2126 251 2202 ipsa
271 2134 318 2187 est
338 2126 445 2189 civitas
466 2127 599 2190 omnium
617 2127 771 2203 princeps
816 2125 868 2189 31.
888 2129 1002 2188 Varum
1022 2127 1099 2189 haec

67 2214 140 2275 cato
167 2210 292 2272 niarium
308 2228 365 2272 nos
380 2210 494 2272 nostris
510 2210 612 2272 uerbis
626 2227 737 2286 magna
752 2211 853 2271 lacera
867 2212 1055 2273 demonstrat
1069 2220 1101 2272 et

66 2295 180 2359 oblitos
201 2311 273 2356 esse
296 2295 408 2356 bellum
428 2295 503 2355 illud
526 2311 615 2355 omne
635 2294 868 2355 Mithridaticum
890 2310 959 2356 cum
979 2296 1097 2356 nralier-

66 2378 145 2441 culis
161 2394 233 2439 csse
246 2385 374 2452 gestum.
404 2379 492 2451 Quod
509 2394 566 2453 ego
584 2380 675 2453 longe
690 2395 782 2439 secus
798 2377 948 2452 existimo,
964 2377 1099 2439 iudicent

67 2463 170 2541 deque
190 2478 228 2523 eo
248 2477 349 2536 pauca
369 2460 528 2521 disseram.
562 2462 668 2537 Neque
689 2461 769 2522 enim
785 2478 879 2524 causa
897 2461 927 2523 in
945 2462 1005 2522 hoc
1026 2476 1098 2520 eon-

66 2545 188 2607 tinetnr.

151 2629 227 2688 Nam
241 2627 268 2688 si
283 2627 385 2688 omnia
398 2627 492 2699 bella,
514 2643 593 2700 quae
608 2643 676 2687 cum
693 2627 818 2689 Graecis
835 2627 1003 2704 gessimus,
1026 2639 1100 2683 eon·

67 2713 230 2773 temnenda
256 2720 341 2783 sunt,
369 2709 542 2770 derideatur
563 2711 601 2770 de
622 2727 695 2785 rege
713 2710 830 2789 Pyrrho
854 2707 1025 2783 triumphus
1046 2706 1098 2769 Μ’.

67 2795 158 2866 Curii,
174 2795 213 2855 de
226 2794 365 2869 Philippo
378 2793 411 2852 T.
425 2791 591 2863 Flaminini,
607 2794 646 2852 de
660 2795 777 2855 Aetolis
792 2794 833 2853 Μ.
847 2791 956 2864 Fulvii,
974 2790 1013 2851 de
1025 2805 1099 2866 rege

65 2877 162 2941 Perse
176 2878 210 2937 L.
224 2877 334 2951 Paulli,
356 2877 395 2937 de
408 2876 667 2952 Pseudophilippo
686 2876 720 2950 Q.
733 2876 862 2949 Metelli,
883 2875 922 2935 de
938 2872 1099 2934 Corinthiis

64 2962 99 3023 t.
115 2960 268 3023 Mummii=
294 2960 340 3020 sin
362 2960 438 3020 haec
459 2961 539 3020 bella
559 2959 740 3035 gravissima
764 2958 973 3032 victoriaeque
993 2972 1099 3018 eorum

65 3045 217 3106 bellorum
240 3042 428 3105 clarissimae
450 3043 585 3118 luerunt,
606 3060 661 3104 cur
673 3042 830 3104 Asiaticae
847 3041 986 3102 nationes
1007 3049 1100 3116 atque

64 3128 117 3190 ille
136 3143 159 3188 a
179 3136 211 3189 te
230 3125 328 3190 hostis
349 3126 570 3188 eontenrnlturt
595 3125 689 3202 Atqui
709 3143 750 3186 ex
764 3133 900 3185 veterum
919 3140 1020 3185 reram
1033 3140 1100 3184 mo·

63 3211 219 3273 numeratis
237 3211 287 3270 vel
303 3209 466 3271 maximum
483 3211 593 3271 bellurn
608 3211 756 3285 populum
769 3209 939 3271 Romanum
952 3223 1021 3268 cum
1036 3208 1100 3266 An·

63 3294 170 3357 tiocho
186 3294 326 3370 gessisse
345 3293 453 3354 videm
475 3293 562 3353 cuius
580 3292 651 3357 belli
671 3291 770 3352 victor
784 3292 819 3351 L.
835 3289 938 3368 Scipio
953 3287 1101 3365 aequipe-

63 3386 134 3441 rata
156 3392 226 3439 cum
244 3376 277 3436 P.
293 3377 383 3439 fratre
395 3377 500 3452 gloria,
523 3392 613 3451 quam
627 3374 750 3436 laudem
762 3374 813 3436 ille
827 3373 934 3516 egica
947 3383 1103 3448 oppressa

138 3468 196 3511 cro.
216 3469 305 3513 nam.
