2340 3788
400 113 595 207 cant-a
614 152 753 213 §.r-o.
1034 149 1097 216 ιιι

57 295 163 365 dices,
188 292 299 368 quibus
319 292 450 355 maxime
470 295 586 368 debeo,
606 294 822 356 verumetiam
847 304 879 358 nt
898 294 958 373 ipsi
974 297 1091 372 Catoni,

57 374 243 455 gavissimo
263 384 356 452 atque
375 376 568 452 integerrimo
589 376 673 448 viro,
693 377 841 440 rationem
860 381 930 441 facti
944 380 1004 441 mci
1019 397 1091 457 pro·

58 462 141 522 bem.
167 459 197 519 Α
211 475 272 535 quo
287 460 420 534 undem,
433 460 473 519 Μ.
489 460 572 534 Cato,
591 468 640 521 est
653 461 782 535 aequius
796 464 951 524 consulem
967 464 1091 527 defendi

58 559 154 620 quam
173 559 193 604 a
212 543 360 604 consulet
388 542 460 617 Quis
475 541 546 602 milti
566 543 597 603 in
615 559 649 603 re
669 542 791 617 publica
809 553 979 618 potestant
999 546 1091 609 debet

55 643 134 688 esse
149 623 352 700 coniunctior,
368 641 460 699 quam
473 625 515 697 is,
531 625 580 687 cui
593 642 644 686 res
658 625 782 699 publica
795 642 814 685 a
827 643 876 686 me
889 627 949 689 iam
962 628 1090 691 traditur

57 708 254 781 sustinenda,
280 708 397 783 magnis
418 707 493 768 meis
512 708 667 784 laboribus
689 716 720 769 et
741 708 885 783 periculis
902 719 1092 773 sustentata?

57 792 152 867 Quod
163 790 192 853 si
205 791 235 850 in
249 790 288 852 iis
300 793 393 852 rebus
405 791 595 866 repetendis,
619 806 698 865 quae
711 791 844 867 mancipi
858 800 943 871 sunt,
967 792 994 852 is
1010 797 1089 868 pori-

58 876 162 937 culum
175 873 280 936 iudicii
294 883 451 949 praestare
465 874 564 948 debet,
580 874 632 949 qui
643 890 678 935 se
689 890 772 934 nexu
783 873 937 949 obligavit,
952 877 1090 949 profecto

59 958 151 1020 edam
164 957 276 1019 rectius
291 957 322 1018 in
337 957 451 1019 iudicio
464 957 600 1018 consulis
611 957 782 1033 designati
774 975 802 1018 rs
814 957 1007 1033 potissimum
1018 973 1090 1019 con·

61 1043 119 1112 nul,
138 1041 190 1115 qui
203 1042 363 1101 consulem
377 1041 551 1114 declaravit,
569 1049 676 1101 auctor
688 1040 829 1102 beneficii
845 1040 951 1117 populi
961 1042 1090 1102 Romani

60 1125 266 1198 defensorque
281 1125 409 1200 periculi
429 1112 647 1185 asserebant
689 1123 720 1184 4.
744 1127 790 1184 Ac
811 1124 853 1198 si,
878 1133 911 1185 ut
925 1141 986 1185 non
1000 1124 1089 1184 nullis

58 1206 90 1268 in
103 1205 276 1268 ciuitatibus
296 1207 363 1268 fieri
383 1209 476 1281 solet,
500 1215 652 1283 patronus
667 1207 738 1268 huic
753 1224 866 1269 causae
880 1206 1003 1282 publice
1018 1223 1089 1266 con·

60 1291 248 1362 stitueretur,
268 1291 295 1351 is
315 1290 508 1366 potissimum
527 1308 647 1353 summo
664 1291 781 1353 honore
802 1293 923 1352 adfecto
945 1289 1092 1351 defensor

58 1374 196 1445 daretur,
217 1373 269 1449 qui
283 1375 392 1437 eodem
407 1375 524 1436 honora
538 1372 693 1450 praeditus
710 1392 772 1436 non
786 1374 887 1435 miuus
902 1375 1034 1435 adferret
1050 1373 1090 1432 ad

59 1456 223 1517 direntium
242 1458 429 1520 auctoritatis
449 1475 540 1535 quam
560 1459 722 1519 facultatis.
766 1458 895 1533 Quodsi
916 1462 1006 1533 portu
1028 1457 1089 1519 sol·

58 1539 201 1601 vantibus
212 1538 244 1613 ii,
253 1541 314 1617 uui
327 1542 388 1603 iam
402 1542 433 1601 in
445 1551 566 1618 portum
575 1558 616 1602 ex
628 1543 689 1602 alto
701 1541 891 1614 invehuntur,
910 1538 1090 1617 praecipere

41 1639 179 1699 ‚summo
195 1624 297 1685 studio
312 1627 413 1687 solent
424 1632 454 1686 et
464 1632 678 1699 tempestatum
691 1624 839 1686 rationem
854 1633 884 1685 et
900 1624 1089 1699 praedonum

59 1713 91 1767 et
107 1705 257 1777 locorum,
278 1707 361 1781 quod
376 1715 483 1767 natura
497 1707 596 1766 adfert
609 1715 642 1766 ut
657 1706 702 1767 eis
720 1709 893 1778 faveamus,
908 1705 962 1780 qui
980 1705 1089 1766 eadem

57 1789 205 1865 pericula,
222 1787 333 1862 quibus
348 1804 406 1849 nos
421 1788 573 1862 perfuncti
589 1805 704 1860 sumus,
719 1788 934 1862 ingrediantur,
951 1803 1012 1861 quo
1024 1795 1089 1848 tan·

56 1872 132 1933 dem
145 1885 194 1929 me
208 1868 308 1931 animo
330 1885 401 1931 esse
417 1876 538 1943 oportet
553 1885 650 1942 prope
669 1869 729 1929 iam
743 1886 783 1929 ex
799 1886 909 1945 magna
929 1868 1089 1928 iactatione

55 1963 172 2017 terram
191 1950 372 2013 videntem
363 1968 394 2012 ιιι
414 1952 511 2023 hunc,
536 1949 585 2010 cui
606 1952 694 2010 video
716 1952 864 2012 maximas
885 1948 1090 2025 reipublicae

56 2041 258 2109 tempestates
278 2051 349 2097 esse
369 2034 569 2096 subeundast
597 2033 716 2108 Quare
737 2033 765 2094 si
785 2041 833 2095 est
852 2031 926 2094 boni
954 2031 1090 2092 consulis

57 2136 122 2181 non
141 2120 242 2215 solum
254 2118 359 2181 videre
376 2117 451 2195 quid
460 2126 588 2193 agatur,
609 2133 715 2178 verum
730 2116 820 2179 etiam
834 2108 997 2193 providere
1016 2106 1091 2191 quit

56 2206 191 2265 futurum
207 2201 261 2274 sit,
289 2204 449 2264 ostendam
465 2202 524 2263 alio
542 2203 612 2263 loco
631 2210 777 2277 quantum
795 2200 901 2264 salutis
919 2197 1090 2261 communis

56 2285 178 2347 intersit
192 2287 272 2348 duos
287 2284 456 2348 consules
447 2302 478 2347 ιιι
493 2302 527 2346 ιι
543 2285 666 2360 publica
680 2284 828 2346 Kalendis
843 2282 990 2345 Ianuariis
1007 2299 1090 2345 esse.

57 2369 91 2432 5.
114 2368 374 2444 Quorundam,
395 2382 457 2431 non
478 2377 539 2430 ιιιιι
557 2385 607 2430 me
622 2368 757 2430 officium
777 2368 881 2429 debuit
902 2368 944 2428 ad
958 2365 1089 2429 hominis

56 2451 149 2513 amici
161 2454 297 2514 fortunas
310 2470 401 2527 quam
412 2468 462 2512 res
475 2451 596 2527 publica
608 2453 763 2514 consulem
775 2451 816 2512 ad
837 2467 1028 2514 communem
1041 2466 1090 2510 sa·

57 2538 153 2596 lutem
166 2536 391 2597 defendendam
407 2551 527 2597 vocare.
555 2535 605 2595 lll.
626 2536 702 2595 llum
717 2536 799 2616 quod
811 2536 910 2633 legem
922 2535 962 2594 de
976 2532 1091 2592 ambitu

56 2617 122 2690 tuli,
138 2627 220 2681 certe
235 2621 276 2681 ita
289 2619 351 2691 tuli,
366 2627 400 2680 ut
414 2634 489 2691 eam,
506 2634 597 2692 quam
612 2617 770 2679 mihimet
762 2620 822 2694 rpsi
836 2618 896 2678 iam
911 2615 1090 2692 pridemtu·

57 2699 145 2761 leritn
160 2703 199 2762 de
213 2702 324 2762 civium
341 2694 485 2778 periculis
505 2700 723 2773 defendendis,
746 2716 808 2762 nou
822 2701 1011 2773 abrogarem.
1039 2696 1090 2757 Et-

56 2784 139 2844 enim
151 2784 178 2846 si
189 2785 378 2861 largitionem
389 2786 498 2845 factam
513 2799 584 2844 esse
595 2785 757 2845 confiterer
770 2783 864 2858 idque
878 2789 962 2842 recte
978 2781 1089 2840 factum

56 2883 131 2929 esse
144 2869 356 2941 defenderem,
374 2870 506 2929 facerem
521 2866 673 2962 improbe,
690 2867 780 2928 etiarn
796 2869 822 2927 si
838 2864 916 2926 alius
932 2865 1030 2937 legem
1044 2872 1089 2924 tu-

56 2949 160 3012 lisset:
178 2969 271 3026 quum
284 2968 359 3012 vero
378 2951 451 3011 nillil
463 2949 659 3011 commissum
673 2959 779 3009 contra
791 2951 890 3023 legem
902 2961 974 3006 esse
984 2947 1087 3006 defen
1152 2984 1154 2989 ν

55 3034 138 3105 dam,
158 3034 293 3108 quidest
308 3035 391 3112 quod
405 3050 503 3094 meam
518 3033 729 3093 defensionem
746 3030 817 3091 latio
834 3028 910 3104 legis
925 3028 1091 3126 impediat?

55 3117 88 3179 6.
110 3118 206 3193 Negat
220 3134 292 3180 esse
310 3118 448 3179 eiusdem
469 3115 641 3179 severitatis
656 3115 812 3176 Catilinam
829 3111 953 3173 exitium
972 3112 1016 3174 rei
1033 3131 1088 3188 pu

56 3201 157 3264 blicae
176 3201 255 3265 intra
269 3200 390 3263 moenia
409 3200 581 3263 molientem
596 3198 699 3260 verbis
713 3207 744 3259 et
759 3212 858 3272 paene
872 3195 997 3271 imperio
1013 3196 1089 3256 urbe

57 3285 219 3361 expulisse
231 3293 262 3346 et
276 3300 356 3347 nunc
371 3286 472 3359 proL.
483 3283 610 3343 Murena
625 3281 737 3342 dicere.
765 3281 830 3355 Ego
840 3288 940 3341 autem
951 3280 1008 3339 has
1021 3293 1089 3352 par

56 3375 115 3429 tes
126 3367 258 3429 leuitatis
277 3377 309 3429 et
326 3366 569 3438 misericordiae,
594 3380 672 3441 quas
695 3372 867 3427 manatura
887 3361 959 3438 ipsa
976 3358 1090 3429 docuit.
