2340 3788
2 155 8 170 “
104 164 167 231 sao
299 159 401 222 rao
418 160 451 221 r.
465 156 585 251 armo
600 110 746 221 rodoan
763 155 916 219 carno,

102 328 164 367 nos·
178 319 232 364 erat
246 312 294 363 iter
308 310 468 392 radentibus,
485 309 581 377 gladiis
595 309 672 359 ducti
685 309 861 372 aquabantur.
884 308 967 375 Erant
979 322 1045 361 mur
1059 306 1145 392 (bodio

101 387 302 508 mma
521 440 1008 562 uc,
1019 374 1144 502 aaa

103 517 164 569 llio
182 516 261 566 rheda
276 514 416 566 vebabatur
433 528 492 564 oum
507 527 589 564 uxore
601 514 708 572 demta,
729 510 781 562 iilia
797 511 829 562 1..
915 527 930 562 e
949 512 1143 576 dictatoria,ct

48 590 54 597 “
102 586 144 637 li·
157 583 231 635 anno
251 583 453 645 audimus.
488 581 647 647 &ruebam
668 594 714 635 aas
732 594 857 649 mum
877 594 1019 647 servorum
1045 595 1142 649 agnou,

103 656 169 705 luter
184 648 420 717 quos'gledlatores
437 654 540 714 quoque
555 654 642 710 aaut,
661 660 695 698 ex
711 648 804 711 cotom
821 647 872 698 duo
889 648 955 708 uoti,
968 646 1143 702 Eudamum
1169 659 1170 674 ³

103 721 195 774 Birria.
228 720 291 769 liiu
307 717 623 785 nldmoapmiuatardins
639 722 727 767 euntes
744 715 941 767 oumservisl’.
958 713 1051 769 modii
1068 721 1170 792 rixata¹

103 788 294 839 commiserunt.
334 786 377 837 Ad
393 800 470 850 quem
491 784 627 836 tumultum
649 798 727 847 quum
748 783 901 849 respexisset
918 782 1030 835 Clodius
1050 789 1142 839 miuia·
1168 807 1170 828 t

104 856 213 916 baudus,
230 854 363 905 humerum
378 854 432 905 elus
449 852 530 906 Birria
542 850 696 917 rhomphaea
706 851 814 906 ualaait.
830 850 891 902 lude
907 865 991 917 quum
1009 860 1071 906 orta
1084 862 1142 907 esset

84 938 204 991 pugna,
225 921 314 989 pluras
328 918 460 975 liilsuisul
476 926 646 973 occurremur.
679 916 783 970 Clodius
805 918 950 970 vulneratus
968 920 1002 971 iu
1017 923 1141 974 aum

103 992 248 1059 proximam
263 989 396 1043 Bovillmo
409 991 508 1042 delatus
522 997 571 1040 est.
584 986 646 1039 biiio
661 994 689 1038 ut
702 989 822 1054 cognovit
837 987 1003 1041 vulneratum
1021 989 1141 1051 clodium,

104 1062 184 1125 mou
200 1058 251 1111 sibl
266 1056 435 1125 periculosius
451 1058 518 1111 iliud
533 1058 610 1109 etiam
624 1056 729 1110 vlmoo
746 1054 1048 1123 lutarnmiutelllgorer,
1066 1060 1141 1111 mo

103 1134 189 1179 auteur
211 1140 335 1194 magum
357 1124 482 1178 solacium
504 1130 573 1176 uest
593 1123 740 1184 babituros,
768 1123 845 1177 etlam
871 1124 894 1173 si
915 1124 1061 1178 amanda
1081 1132 1141 1179 auat

107 1186 110 1191 ’
192 1194 346 1255 ,exturbari
360 1195 465 1245 taberna
480 1190 565 1248 iussit.
601 1192 659 1242 l'ult
675 1192 855 1259 mteslpuauua
872 1204 1014 1245 servom
1037 1197 1095 1247 eiua
1109 1194 1140 1246 Ι

131 1258 134 1263 ’
166 1262 232 1313 aius.
266 1261 351 1324 Atque
364 1261 401 1312 ita
415 1260 616 1313 (iiodiorlataus
633 1266 759 1311 metas
775 1267 816 1311 est
831 1259 970 1325 multisque
997 1262 1140 1317 volueribus

103 1328 244 1384 ocrem
280 1326 394 1379 &darer
417 1331 472 1380 eiua
486 1331 514 1379 in
529 1328 572 1379 ria
588 1326 716 1389 redctuu,
737 1328 798 1391 qula
814 1328 882 1381 sarai
899 1325 989 1380 clodii
1007 1338 1056 1385 aut
1069 1331 1140 1383 oealri

103 1402 175 1449 aaut
195 1404 239 1448 aut
260 1397 372 1463 gravltm
388 1397 468 1465 saucii
483 1396 608 1456 latebant,
632 1393 691 1449 Sex.
708 1395 804 1447 'fedius
817 1404 932 1458 serator,
957 1399 1011 1463 qui
1035 1399 1103 1451 rosta
1115 1412 1140 1451 ex

103 1478 162 1515 rure
178 1465 206 1513 iu
222 1464 312 1514 urbem
328 1464 507 1525 revertebatur,
522 1461 624 1514 sustulit
635 1468 661 1513 at
676 1462 768 1515 lentim
784 1478 833 1515 sua
848 1462 956 1517 Romam
972 1462 1045 1537 {euri
1059 1469 1138 1519 iuuitr

145 1545 261 1583 cruram
276 1531 375 1593 eodem,
387 1532 457 1583 unde
474 1538 528 1583 aret
544 1544 671 1599 egressos,
684 1544 714 1581 se
730 1533 835 1598 recapit.
854 1531 985 1585 Parlatum
996 1542 1041 1587 est
1083 1590 1090 1603 ,

201 1604 260 1651 aute
272 1600 383 1667 primam
394 1600 477 1652 noctis
490 1599 580 1651 boram
594 1598 746 1663 mimasque
758 1598 841 1666 plebia
849 1606 875 1660 at
883 1610 1022 1654 ursorum
1083 1658 1086 1663 ,

104 1660 240 1725 multitudo
261 1680 353 1733 magno
379 1666 449 1719 lactu
470 1682 564 1735 corpus
584 1668 612 1719 in
635 1666 700 1721 atrio
723 1667 815 1719 domus
834 1666 945 1735 positum
963 1670 1135 1725 circumstetit

104 1728 223 1803 Augebat
240 1741 324 1787 autem
338 1734 400 1787 iacti
416 1734 537 1788 iuvidiam
552 1750 618 1789 uxor
636 1734 719 1803 (llbdli
735 1734 833 1797 aulea,
848 1750 914 1801 quae
927 1750 992 1789 curu
1011 1738 1096 1792 amsa
1108 1739 1135 1790 ia

103 1802 257 1855 mationa
273 1801 380 1855 vduara
395 1804 452 1855 eius
466 1804 623 1860 ostendebat.
641 1802 723 1859 italos
733 1811 837 1871 postera
853 1804 895 1857 die
906 1803 968 1865 luca
985 1808 1077 1874 prima
1084 1804 1134 1865 rcri-

103 1870 184 1933 amco
202 1870 316 1923 ciusdem
333 1872 433 1938 gennis
451 1869 573 1925 codduxit
586 1871 778 1940 compluresque
795 1873 849 1924 uoti
864 1870 986 1929 homiues
1000 1875 1064 1928 'elisi
1080 1881 1132 1935 suat

53 1998 56 2003 ⁴
102 1936 169 1989 iuter
185 1952 250 2002 quos
265 1936 292 1989 (l.
311 1938 434 1991 Vibienus
451 1948 561 1995 sanator.
589 1940 650 1991 Erat
666 1940 756 1992 domus
775 1938 865 2003 iilodll,
882 1948 940 1992 ante
953 1956 1061 2011 paucos
1077 1956 1133 1995 ruas·

103 2018 146 2057 sea
170 2014 255 2072 empta
278 2007 310 2057 da
330 2006 365 2058 bi.
383 2004 494 2072 Scauro,
517 2010 544 2059 iu
557 2007 664 2060 Palatio.
706 2008 802 2061 liobam
816 2010 847 2060 Τ.
870 2007 1004 2062 Munatius
1027 2010 1133 2070 Plausus,

103 2072 180 2124 irater
194 2074 224 2124 L.
242 2075 330 2127 Planci
344 2076 465 2138 oratoris,
488 2084 513 2127 et
529 2075 558 2135 0„
577 2076 713 2145 Pompeius
731 2076 824 2137 Rufus,
844 2075 930 2139 Sullae
955 2079 1093 2132 dictatoria
1111 2074 1134 2129 αι’

102 2138 156 2191 clu
171 2155 260 2206 uepos,
278 2142 373 2193 tribuni
388 2142 424 2206 pl.
439 2151 646 2205 accucurrerunt,
668 2145 754 2208 cisque
768 2144 927 2196 hortantibus
944 2145 1134 2217 vulgumimpc·

103 2208 181 2261 titum
196 2223 290 2274 corpus
308 2211 404 2261 nudum
421 2225 451 2261 ac
468 2212 590 2274 lotatum,
609 2213 647 2262 sic
662 2218 691 2264 ut
705 2213 732 2264 iu
748 2212 812 2265 lecto
828 2218 881 2264 erat
897 2214 1025 2278 positum,
1044 2223 1075 2267 ul
1089 2214 1133 2266 vul·

102 2289 164 2325 uara
181 2277 262 2327 videri
273 2288 386 2344 possent,
405 2282 435 2329 lu·
446 2279 530 2330 lorum
545 2279 633 2330 detulit
647 2288 671 2330 et
688 2281 714 2331 in
731 2282 818 2331 rostris
833 2282 927 2398 posuit.
959 2280 1003 2335 lbi
1019 2299 1071 2350 pro
1085 2297 1133 2335 cor

103 2341 172 2392 tione
189 2343 296 2395 Plancus
313 2353 338 2396 et
353 2346 497 2412 Pompeius,
513 2348 781 2414 qui-competitoribus
797 2348 832 2399 Mi
843 2350 897 2399 onis
912 2351 1067 2419 studebant,
1080 2350 1133 2404 lati·

104 2410 173 2467 diam
188 2411 277 2463 Miloni
291 2412 411 2464 lecerunt.
435 2414 546 2480 Populus
564 2415 628 2466 duca
645 2413 703 2474 Sex.
720 2415 806 2468 (lindio
825 2417 908 2467 scriba
926 2432 1026 2485 corpus
1045 2419 1075 2473 P.
1087 2418 1133 2472 alc

103 2478 141 2529 dii
163 2478 301 2530 incuriam
323 2480 407 2533 intulit
420 2484 592 2546 cremavltqua
615 2484 742 2535 subselliis
762 2493 786 2536 et
809 2483 981 2538 tribunalibus
1007 2496 1034 2540 et
1050 2488 1132 2540 mauolt

104 2553 129 2596 et
146 2546 278 2598 codicibus
298 2548 466 2606 librariorum.
504 2550 558 2611 Quo
580 2552 639 2617 igne
662 2559 687 2601 et
705 2553 761 2618 ipsa
773 2546 876 2616 'quoquc
892 2555 964 2604 ouria
980 2554 1132 2624 flagravitst

102 2614 163 2665 item
181 2616 270 2666 Porcia
286 2616 404 2684 besilius,
420 2634 485 2681 quae
503 2627 555 2670 arat
573 2620 597 2669 cl
616 2620 719 2686 iuncto,
735 2622 851 2671 ambusta
864 2626 911 2675 est.
946 2621 1067 2677 Donum
1083 2638 1131 2689 qur-

102 2696 152 2747 qus
169 2682 203 2733 M.
220 2684 312 2749 Lepidi
326 2685 502 2751 interregis-
512 2687 535 2738 is
553 2687 620 2737 euim
636 2688 798 2754 magistratus
813 2687 909 2738 curulia
927 2699 984 2741 erat
1003 2701 1130 2747 ercams-

83 2755 128 2799 -et
151 2751 263 2802 abssmm
280 2751 380 2803 Milonis
399 2754 487 2804 cadem
505 2754 549 2805 llis
565 2754 684 2806 Clodiana
699 2756 843 2807 multitudo
851 2761 1030 2823 oppugnavit,
1052 2760 1130 2815 deiadt

101 2819 203 2884 sagittis
225 2835 252 2870 re
270 2818 327 2870 ulsa
351 2828 398 2872 est.
430 2822 495 2872 l'um
518 2821 600 2873 fuscos
618 2838 650 2874 ex
667 2823 731 2875 lecto
750 2824 875 2876 Libitinae
892 2832 984 2890 raptos
1000 2829 1091 2881 attulit
1108 2826 1130 2879 ai

102 2884 239 2936 domums
264 2888 347 2953 pionis
363 2895 388 2938 st
400 2888 521 2955 Hypsaei,
544 2890 636 2942 deiude
650 2891 684 2942 ad
696 2891 782 2943 hortos
801 2890 846 2949 On.
864 2893 991 2959 Pompeii,
1009 2896 1129 2951 clamitari

102 2967 161 3004 eum
176 2956 251 3006 modo
267 2954 404 3018 consulem,
423 2958 498 3009 inodo
516 2959 672 3010 dictatorem.

165 3020 312 3076 Incendium
332 3026 415 3076 curiae
440 3027 561 3077 malorem
587 3027 713 3090 aliquanto
731 3029 931 3095 indignationem
954 3034 1077 3088 civitatis
1090 3049 1129 3087 ue

102 3095 174 3136 verat
195 3105 269 3152 quam
287 3092 428 3144 interiectio
453 3093 543 3147 (iiodii.
570 3096 656 3159 ituque
672 3095 741 3158 Milo,
758 3113 832 3160 quem
848 3099 933 3163 opinio
958 3100 1051 3156 iuerat
1068 3104 1131 3157 tris·

102 3153 131 3202 iu
148 3154 316 3210 voluntarium
333 3161 459 3226 exsilium,
478 3162 573 3213 invidia
590 3163 791 3219 adversariorum
807 3173 933 3216 recreatas
944 3179 1024 3223 nocte
1039 3188 1074 3225 aa
1088 3168 1130 3223 red

103 3228 157 3272 erat
175 3224 295 3288 Romam,
312 3243 363 3292 qna
386 3226 488 3281 incensa
505 3239 558 3281 erat
576 3231 654 3292 curia,
672 3234 822 3298 petebatque
845 3233 923 3285 nihilo
949 3236 1072 3293 deterius
1080 3236 1131 3291 'ooa-

103 3289 233 3341 sulatumis
255 3304 340 3359 aperte
368 3313 468 3362 quoqne
485 3298 596 3349 tributim
623 3300 649 3349 iu
671 3301 784 3367 singulos
807 3302 877 3352 milia
899 3303 999 3355 assium
1027 3306 1130 3361 decimat

104 3354 252 3412 Contionem
276 3362 300 3412 ai
323 3372 383 3429 post
397 3366 493 3430 aliquot
512 3366 566 3418 dies
594 3366 664 3418 dedit
686 3367 720 3418 bi.
739 3367 837 3421 Oaciius
861 3370 980 3424 tribunus
1002 3375 1044 3443 pl.
1069 3385 1131 3443 ate!
