2340 3788
82 126 174 237 'tot
357 157 395 216 m
409 157 443 215 n.
457 153 667 215 caraman
681 152 821 215 orario
835 153 887 213 rv.

112 308 263 375 concitata
278 322 386 367 manus
399 303 458 365 ista
472 306 542 378 plus
558 304 684 370 valuerit
702 319 793 378 quam
807 310 910 363 vestra
928 318 965 363 ae
978 303 1024 363 rei
1038 304 1136 378 publi-

112 410 169 457 cae
182 389 328 464 dignitas,
342 405 391 448 me
405 396 504 448 mmen
519 403 654 447 meorum
670 386 817 447 lectorum
831 393 924 460 atque
939 385 1137 449 consiliorum

112 489 284 548 numquam
299 480 403 546 patres
417 469 589 545 conscripti,
603 468 778 545 poenitebit.
805 467 922 529 Etenim
934 485 1028 541 mors,
1045 488 1138 545 quam

111 558 154 619 illi
169 559 299 618 tortasse
313 553 492 627 minitantur,
507 552 646 614 omnibus
658 560 706 613 est
715 560 836 627 parata:
852 549 932 611 vitae
942 559 1056 614 tantam
1073 553 1138 616 lau·

112 642 196 710 dem,
220 646 334 713 quanta
353 654 409 697 vos
425 652 473 697 me
489 635 599 697 vestris
619 634 750 696 decretis
766 633 966 708 honestastis,
983 651 1074 697 nemo
1090 647 1139 700 est

105 725 286 785 adsecutus.
322 719 456 781 caeteris
470 719 550 778 enim
566 734 687 794 semper
700 719 779 778 bene
790 725 893 793 gesta,
908 717 980 779 mihi
993 719 1047 779 uni
1063 737 1138 782 con·

112 813 280 867 servatore
298 804 419 879 publica
432 802 661 877 gratulationem
676 801 865 863 decrevistis.
898 800 949 863 21.
969 801 1019 864 Sit
1031 801 1138 879 Scipio

112 891 212 951 clarus
232 885 296 958 ille,
333 885 420 959 ¹cuius
444 885 572 945 consilio
598 893 690 959 atque
713 885 822 945 virtute
840 883 992 945 Hannibal
1012 885 1043 945 in
1056 887 1137 946 Alri-

112 969 287 1033 camredire
302 979 394 1045 atque
408 967 493 1029 ltalia
513 969 664 1030 decedere
678 975 803 1029 coactus
826 975 889 1040 est,
916 977 1040 1029 ornetur
1060 971 1138 1031 alter

34 1116 38 1123 ,
111 1053 222 1115 eximia
241 1053 331 1113 laude
347 1052 525 1124 Africanus,
549 1049 601 1126 qui
621 1052 698 1111 duas
717 1051 811 1111 urbes
831 1049 901 1111 huic
918 1050 1046 1126 imperio
1060 1051 1137 1113 inle-

113 1137 273 1206 stissimas,
289 1135 503 1210 Karthaginem
519 1134 778 1209 Numantiamque,
794 1133 915 1207 delevit,
929 1134 1076 1197 habeatur
1090 1136 1138 1195 vir

111 1217 422 1294 egregiusPaullusil
458 1264 466 1292 ,
490 1217 577 1279 cuius
592 1234 711 1279 currum
726 1233 781 1276 rex
796 1216 1025 1292 potentissimus
1040 1235 1137 1293 quon-

12 1370 17 1379 ,
111 1305 182 1362 dam
202 1309 232 1360 et
252 1300 419 1361 nobilissim
477 1301 586 1363 Perses
615 1299 803 1373 honestavit,
828 1300 867 1361 sit
891 1308 1015 1362 aeterna
1040 1301 1139 1377 gloria

110 1384 234 1455 Marius,
253 1381 367 1457 quibis
381 1384 494 1445 ltaliam
508 1384 668 1445 obsidione
679 1393 709 1445 et
725 1393 807 1446 metu
820 1383 974 1445 servitutis
986 1383 1136 1455 liberavit,

112 1475 313 1541 anteponatur
330 1465 468 1529 omnibus
481 1467 658 1542 Pompeius,
682 1466 770 1527 cuius
785 1483 835 1527 res
850 1475 956 1542 gestae
969 1474 1060 1541 atque
1073 1467 1135 1526 vir·

113 1559 192 1612 tutes
207 1548 316 1609 iisdem
331 1546 441 1621 quibus
455 1550 529 1612 solis
545 1567 653 1611 cursus
668 1549 844 1626 regionibus
862 1567 899 1611 ac
913 1549 1044 1613 torminis
1059 1566 1136 1610 con·

113 1634 258 1695 linantur:
276 1630 332 1690 erit
342 1629 479 1704 proiecto
490 1633 566 1695 inter
577 1634 684 1696 borum
695 1634 803 1695 laudes
814 1633 929 1709 aliquid
940 1632 1136 1695 locinoslrae

113 1716 243 1791 gloriae,
270 1713 330 1775 nisi
351 1713 429 1773 iorte
453 1713 549 1775 maius
575 1727 622 1779 est
645 1719 817 1793 patefacere
842 1716 932 1778 nobis
961 1714 1136 1793 provincias

114 1816 175 1874 quo
193 1797 277 1860 exire
292 1794 466 1871 possimus,
488 1812 578 1869 quam
593 1817 700 1862 curare
720 1809 752 1861 ut
765 1799 855 1861 etiam
869 1800 926 1872 illi,
950 1799 1003 1875 qui
1013 1800 1136 1873 absunt,

2 1936 4 1940 .
112 1882 244 1945 habeant
263 1897 325 1955 quo
344 1878 478 1939 victores
497 1890 692 1945 revertantur.
733 1883 784 1945 22.
807 1883 994 1958 Quamquam
1009 1892 1056 1945 est
1071 1899 1136 1944 uno

113 1969 182 2026 loco
205 1964 346 2027 condicio
369 1961 475 2022 melior
495 1970 637 2024 externae
658 1966 801 2028 victoriae
823 1984 914 2042 quam
938 1967 1136 2036 domesticae,

114 2048 198 2123 quod
220 2049 326 2108 hostes
347 2045 535 2120 alienigenae
555 2053 608 2106 aut
627 2050 771 2123 oppressi
789 2051 924 2111 serviunt
945 2059 998 2112 aut
1020 2050 1137 2125 recepti

113 2130 263 2191 beneficio
278 2146 313 2189 se
327 2127 477 2203 obligatos
491 2136 611 2203 putant,
635 2131 686 2202 qni
705 2139 803 2192 autam
820 2151 859 2194 ex
873 2146 999 2196 numero
1015 2133 1136 2206 civimn,

114 2213 265 2273 dementia
286 2211 388 2286 aliqua
409 2209 581 2286 depravati,
604 2210 709 2271 hostes
728 2218 842 2287 patriae
859 2219 953 2278 semel
974 2234 1045 2279 esse
1066 2233 1136 2278 coe-

113 2301 238 2370 perunt,
256 2310 312 2355 eos
329 2310 421 2369 quum
435 2310 454 2353 a
471 2292 605 2369 pernicie
618 2292 662 2354 rei
678 2293 815 2368 publicae
828 2300 1017 2376 reppuleris,
1033 2317 1090 2361 nec
1105 2299 1136 2358 vi

9 2414 12 2419 -
115 2381 258 2438 coercere
277 2393 334 2437 nec
356 2377 506 2439 beneflcio
528 2377 650 2451 placare
671 2375 785 2451 possis.
826 2381 946 2454 Quare
970 2382 1041 2444 mibi
1066 2399 1137 2443 cum

113 2459 240 2537 perditis
256 2460 374 2520 civibus
388 2467 542 2521 aeternum
558 2460 670 2520 bellum
691 2470 865 2537 susceptum
882 2481 951 2528 esse
970 2467 1072 2528 video.
1101 2467 1137 2525 ld

112 2562 171 2620 ego
198 2554 301 2605 vestro
327 2544 539 2621 bonorumque
564 2543 698 2605 omniurn
718 2544 831 2606 auxilio
851 2549 1053 2625 memoriaque
1072 2560 1136 2612 tan-

112 2637 211 2690 torum
225 2627 444 2702 periculorum,
462 2643 540 2704 quae
553 2643 614 2688 non
628 2629 720 2688 modo
736 2627 765 2687 in
783 2627 842 2689 hoc
857 2633 985 2705 populo,
1005 2633 1059 2708 qui
1073 2650 1136 2695 ser-

112 2722 202 2773 vatus
218 2720 280 2785 est,
302 2709 404 2773 sedin
425 2710 556 2773 omnium
576 2710 709 2785 gentium
727 2712 918 2773 sermonibus
937 2717 1135 2778 sementibus

112 2811 235 2870 semper
249 2793 400 2867 haerebit,
421 2810 440 2853 a
453 2810 501 2854 me
515 2802 607 2869 atque
622 2810 640 2853 a
656 2786 732 2854 me‘is
747 2795 836 2856 lacile
853 2798 1026 2870 propulsari
1042 2816 1135 2874 posse

112 2880 245 2938 conlido.
275 2879 381 2953 Neque
394 2877 456 2936 ulla
469 2877 607 2951 proiecto
622 2878 703 2938 tanta
723 2876 769 2938 vis
789 2878 957 2954 reperietur
974 2896 1051 2955 quae
1066 2900 1138 2943 con-

112 2958 295 3023 iunctionem
315 2970 448 3023 vestram
463 2961 659 3036 equitumque
674 2962 880 3023 Romanorum
894 2971 925 3024 et
940 2971 1053 3023 tantam
1065 2981 1137 3026 con·

112 3039 309 3113 spirationem
337 3045 488 3105 bonorum
517 3044 649 3104 omnium
676 3045 867 3120 contangere
897 3054 927 3106 et
956 3046 1137 3108 labefactare

116 3122 224 3197 possit.
620 3181 625 3189 .

194 3205 245 3263 XI.
261 3206 310 3268 23.
333 3209 416 3282 Quae
431 3227 524 3286 quum
538 3209 580 3270 ita
594 3209 669 3283 sint,
686 3227 744 3285 pro
757 3202 901 3285 imperio,
918 3229 974 3287 pro
992 3211 1137 3286 exercitu,

112 3287 345 3365 proprovincia,
359 3310 449 3365 quam
460 3292 590 3368 neglexi,
605 3309 661 3367 pro
672 3293 822 3367 triumpho
836 3295 1032 3370 eaeterisque·
1038 3296 1139 3356 laudis

113 3371 298 3449 insignibus,
321 3390 399 3446 quae
415 3385 517 3438 sunta
534 3393 582 3438 me
597 3383 722 3451 propter
733 3376 817 3438 urbis
832 3385 1016 3456 vestraeque
1031 3380 1139 3441 salutis
