2340 3788
113 207 175 273 180
389 205 464 279 PRO
479 206 512 265 t.
528 204 692 267 MURENA
705 200 857 262 ORATIO.

102 363 216 440 -virlgo,
243 357 317 419 nihil
339 354 501 418 obscurius
524 355 679 414 voluntate
700 351 874 424 hominum,
901 347 976 409 nihil
1002 350 1141 413 fallacius

107 445 226 508 ratione
246 450 310 503 tota
324 439 522 501 comitiorum.
550 435 624 510 Quis
638 437 671 498 L.
686 434 856 510 Philippum
872 448 992 495 summo
1006 432 1141 510 ingenio,

110 543 215 604 opera,
225 523 336 601 gratia,
358 521 522 593 nobilitate,
538 519 610 578 ahl.
626 516 779 578 Herennio
798 515 937 592 superari
951 533 1051 591 posse
1065 519 1140 580 arbi·

108 618 205 671 tranas
216 615 284 670 estt
299 605 368 682 quis
381 605 414 678 Q.
427 605 572 675 Catulum,
584 601 777 672 humanitate,
794 599 954 674 sapientia,
969 599 1141 677 integritate

108 692 349 763 antecellentem,
363 687 446 748 aCn.
457 685 581 746 Mallio?
600 683 668 758 quis
679 685 719 744 Μ.
732 682 889 755 Scaurum,
905 681 1063 745 hominem
1077 702 1140 762 gra·

107 774 283 848 vissimum,
311 771 409 833 civem
434 769 602 846 egregium,
625 765 823 828 fortissimum
849 774 1040 842 senatorem,
1069 769 1140 842 aQ.

107 859 265 919 Maximo?
291 855 358 915 Non
378 854 470 914 modo
491 852 599 912 horum
618 849 693 910 nihil
706 849 748 910 ita
765 851 831 910 lore
846 857 982 925 putatum
997 859 1062 925 est,
1087 853 1140 912 sed

109 957 149 1001 ne
164 957 258 1014 quum
271 946 357 999 esset
369 938 481 997 lactum
492 933 615 1009 quidem
628 949 728 1008 quare
742 932 903 993 italactum
918 939 1004 993 esset
1016 933 1141 1008 intelligi

109 1022 216 1100 potuit.
249 1022 324 1080 Nam
341 1026 374 1081 ut
393 1010 589 1093 tempestates
611 1033 707 1091 saepe
726 1024 809 1076 certo
830 1017 932 1091 aliquo
953 1015 1033 1076 caeli
1054 1018 1140 1092 signo

111 1111 356 1178 commoventur,
376 1118 471 1177 saepe
490 1099 657 1175 improviso
674 1100 757 1160 nulla
776 1115 817 1158 ex
833 1098 1064 1173 coronatione,
1088 1101 1140 1159 ob·

15 1245 18 1252 .
110 1203 201 1249 scura
214 1185 317 1259 alque
331 1203 369 1245 ex
384 1201 479 1247 causa
492 1183 669 1254 excitantur,
687 1180 732 1242 sic
745 1181 776 1240 in
790 1181 847 1241 hac
863 1179 1056 1242 comitiorum
1067 1190 1140 1242 tem-

110 1276 229 1345 pestate
254 1266 395 1342 populari
423 1283 516 1341 saepe
540 1265 690 1340 intelligas
714 1281 776 1340 quo
802 1263 890 1339 signo
917 1273 1070 1326 commota
1093 1265 1139 1337 sit,

110 1367 206 1426 saepe
221 1349 263 1410 ita
278 1350 410 1410 obscura
424 1355 480 1421 est,
497 1357 530 1408 ut
544 1364 618 1408 casu
632 1346 763 1410 excitata
773 1363 844 1408 esse
855 1345 1003 1408 videatur.
1032 1349 1138 1410 xvllt.

18 1459 23 1475 =
109 1430 162 1496 at.
182 1431 245 1492 Sed
259 1440 374 1505 tamen,
397 1429 424 1491 si
439 1438 487 1490 est
499 1430 657 1491 reddenda
671 1430 763 1506 ratio,
781 1431 861 1491 duae
878 1447 929 1491 ras
944 1430 1140 1493 vehementer

109 1515 141 1575 in
158 1523 300 1591 praetura
316 1512 506 1574 desideratae
522 1522 606 1589 sunt,
627 1531 707 1589 quae
725 1515 832 1575 ambae
848 1513 880 1575 in
902 1515 1065 1576 consulatu
1076 1515 1139 1575 blu-

110 1613 203 1658 renae
216 1599 410 1672 prosueruntz
427 1614 497 1671 una,
514 1596 703 1672 exspectatio
718 1597 862 1670 muneris,
880 1613 959 1672 quae
972 1607 1003 1658 et
1018 1614 1139 1660 rumore

111 1698 171 1741 non
194 1682 277 1741 nullo
293 1689 323 1741 et
344 1679 452 1742 studiis
471 1679 724 1756 sermonibusque
745 1678 975 1756 competitorum
990 1689 1138 1752 creverat,

110 1765 220 1836 altera,
244 1764 326 1839 quod
348 1762 384 1835 ii,
407 1779 485 1839 quos
505 1764 536 1823 in
553 1764 710 1838 provincia
731 1781 767 1824 ac
784 1763 934 1840 legatione
947 1763 1048 1824 omnis
1064 1764 1139 1826 etli-

79 1858 85 1876 '
110 1845 275 1909 beralitatis
297 1854 328 1906 et
347 1845 466 1907 virtutis
484 1863 559 1908 suae
579 1857 674 1908 testes
694 1847 855 1921 habuerat,
878 1848 1013 1908 nondum
1033 1849 1139 1909 deces-

110 1938 223 1990 serant.
248 1931 364 1992 Horum
374 1938 536 2005 utrumque
547 1930 576 1990 ei
591 1932 710 1992 fortuna
723 1931 764 1991 ad
776 1931 953 1992 consulatus
964 1929 1139 2006 petitionem

109 2014 286 2073 reservavit.
315 2013 390 2072 Nam
411 2021 441 2073 et
454 2013 487 2073 L.
501 2012 618 2073 Luculli
640 2014 807 2088 exercitiis,
830 2014 881 2089 qui
896 2013 935 2074 ad
955 2012 1138 2089 triumphum

110 2104 305 2167 convenerat,
321 2094 402 2156 idem
417 2095 547 2156 comitiis
560 2097 593 2154 L.
606 2096 751 2156 Murenae
765 2106 889 2172 praesto
905 2094 969 2170 luit,
984 2104 1015 2158 et
1029 2114 1138 2158 munus

110 2176 346 2252 amplissimum,
369 2180 453 2252 quod
473 2180 576 2252 petitio
593 2187 752 2253 praeturae
767 2178 975 2253 desiderabat,
996 2190 1138 2255 praetura

110 2258 248 2321 restituit.
290 2258 341 2321 38.
364 2262 441 2321 Num
463 2261 514 2322 tibi
534 2262 610 2321 haec
634 2279 730 2338 parva
751 2263 892 2323 videntur
915 2263 1088 2325 adiumenta
1111 2273 1138 2324 et

111 2340 250 2402 subsidia
265 2345 465 2404 consulatus?
499 2345 648 2406 Voluntas
665 2343 811 2408 militamt
830 2362 909 2420 quae
924 2363 1016 2419 quum
1031 2362 1088 2421 per
1105 2363 1136 2406 se

110 2425 192 2484 valet
207 2426 411 2498 multitudine,
430 2443 521 2501 quum
536 2429 619 2502 apud
633 2446 707 2490 suos
725 2428 833 2505 gratia,
851 2438 913 2489 tum
928 2445 1002 2489 vero
1020 2427 1051 2488 in
1067 2446 1136 2491 con-

111 2508 177 2568 sule
192 2508 375 2570 declarando
390 2511 513 2570 multum
530 2512 617 2571 etiam
632 2513 715 2588 apud
729 2514 904 2573 universum
919 2512 1067 2588 populum
1079 2513 1134 2572 Ro·

109 2606 231 2651 manum
251 2591 437 2654 auctoritatis
459 2593 550 2655 habet
571 2594 747 2670 suffragatio
764 2594 915 2655 militaris:
939 2596 1135 2669 imperatores

109 2671 190 2734 enim
213 2673 589 2748 comitiisconsularibus,
615 2695 677 2739 non
701 2679 864 2739 verborum
883 2677 1065 2752 interpretes
1087 2680 1133 2739 de·

110 2756 248 2830 liguntur.
277 2757 341 2831 Qua
353 2773 387 2817 re
398 2758 500 2832 gravis
512 2769 559 2820 est
569 2759 621 2820 illa
632 2759 743 2823 oratio:
763 2762 814 2822 Me
826 2760 1133 2823 sauciumrecraavit=

111 2855 158 2898 me
173 2841 288 2913 praeda
302 2840 441 2901 donavit=
459 2841 518 2901 hoc
535 2844 612 2904 duce
629 2852 729 2905 castra
746 2844 892 2921 cepimus,
910 2843 998 2920 signa
1012 2845 1134 2906 contuli-

111 2937 193 2980 mus:
217 2940 381 2999 numquam
401 2923 461 2985 iste
479 2926 549 2999 plus
570 2925 654 2987 militi
674 2926 788 2988 laboris
808 2925 954 3002 imposuit
969 2944 1061 3003 quam
1082 2928 1134 2989 sibi

7 3072 10 3080 Ι
112 3004 240 3076 sumpsit
254 3008 321 3080 ipse
337 3024 430 3081 quum
445 3007 531 3069 lortis
546 3018 607 3070 tum
623 3007 712 3070 etiam
725 3011 807 3071 felix.
846 3011 914 3071 Hoc
930 3010 1035 3086 quanti
1048 3019 1135 3087 putas

112 3099 183 3142 esse
203 3087 243 3147 ad
264 3090 372 3149 lamam
394 3090 548 3151 hominum
569 3109 606 3152 ac
624 3093 833 3154 voluntatem?
871 3093 989 3154 Etenim
1009 3093 1037 3154 si
1058 3103 1135 3156 tanta

109 3163 169 3224 illis
182 3169 309 3230 comitiis
320 3173 426 3247 religio
441 3182 495 3245 est,
512 3183 545 3234 ut
558 3176 657 3235 adhuc
674 3192 795 3251 semper
806 3192 895 3237 omen
906 3174 1035 3238 valuerit
1050 3192 1135 3253 prae·

110 3248 294 3324 negativum,
319 3255 392 3327 quid
413 3255 520 3319 mirum
535 3267 583 3318 est
602 3259 632 3318 in
651 3259 711 3320 hoc
729 3259 878 3320 felicitatis
895 3260 1006 3321 lamam
1021 3277 1132 3322 sermo·

110 3347 241 3406 nemque
260 3335 414 3398 valuisset
873 3363 883 3383 ·

188 3414 268 3474 XIX.
290 3415 352 3477 Sed
368 3420 395 3479 sl
412 3420 488 3482 haec
504 3419 618 3487 leviora
634 3422 736 3498 dacia,
759 3441 838 3500 quac
859 3435 930 3488 sunt
944 3425 1133 3502 gravissima,
