2332 3772
510 56 568 99 ,·
692 62 695 67 ·
787 41 993 145 ιι
1012 63 1144 140 ιιὲιϊ

358 167 780 241 ιιιιι-ιιιιι-ιι
938 154 946 167 ’
1063 138 1068 146 ⁸
1145 138 1149 157 ἶ

54 316 308 393 tribunoplebis,
333 314 477 391 vigilante
515 318 615 379 omine
629 317 712 379 etin
719 333 776 378 cau
827 319 1007 409 pqqulari
981 337 1083 384 sruou

54 403 230 474 moderate,
244 409 275 462 at
290 408 371 467 certe
372 417 426 487 po
455 466 458 471 ,
489 399 589 495 ¹iter
584 360 793 495 abstineffliq
813 398 981 469 ebersalo.
1012 405 1083 467 Ces-

56 487 112 559 sil,
135 501 173 544 ne
188 491 241 545 aut
262 456 376 543 victir's
376 498 396 541 a
411 417 470 543 ιιιιι
503 500 538 542 us
554 468 629 544 baris
644 499 712 544 cum
728 484 880 545 dedecore
894 488 1017 549 caderet
1031 488 1084 550 aul
1138 524 1147 545 .

55 568 155 629 victor
171 567 273 627 mullis
293 574 323 627 et
343 565 454 627 lortibu
490 565 607 626 civibus
626 583 690 626 rem
704 566 856 642 publicam
871 569 1000 633 orbaret
1031 569 1082 633 38.

54 652 156 711 Meam
168 666 292 711 causam
304 658 427 711 senatus
511 666 550 744 m,
567 658 710 737 equester
720 651 795 710 ordo
802 651 961 745 acerrime,
974 656 1083 715 cuncta

55 732 143 797 ltalia
164 733 301 809 publice,
327 748 434 794 omnes
480 733 530 792 oni
549 720 674 809 proprie
699 720 850 810 enixoqiib
869 740 1082 831 susceperant

57 818 119 877 Eas
130 833 181 877 res
192 832 359 893 gesseram
376 832 451 891 quar
474 832 575 875 mnon
585 833 664 877 unus
676 823 791 889 auctor
809 818 864 878 sed
877 819 940 879 dux
951 835 1082 879 ommmn

58 900 220 961 voluntatis
236 898 379 973 fuissem,
397 914 456 973 qua
478 915 536 974 que
551 916 611 959 non
626 901 717 961 modo
735 901 775 961 ad
789 900 970 997 singularem
986 918 1082 963 meam

58 982 201 1060 gloriam,
217 983 274 1043 sed
286 982 465 1043 adsalutem
477 983 810 1078 communemomnium
823 983 932 1049 civium
944 992 973 1045 et
985 1001 1083 1060 prope

58 1066 192 1142 gentium
202 1064 401 1141 perimerent
413 1081 450 1124 ea
477 1049 671 1125 ondrcrone
648 1081 813 1142 gesseram,
825 1075 858 1131 ut
867 1083 964 1129 meum
973 1068 1093 1129 iactum«.

59 1164 184 1247 semper
197 1164 303 1209 omnes
316 1156 473 1223 praestare
487 1148 626 1224 tuerique
640 1148 799 1211 deberent
896 1188 900 1195 ·
1075 1190 1114 1245 g

47 1248 63 1263 ··
143 1231 235 1293 XVII.
254 1231 325 1291 Erat
340 1238 442 1291 autem
458 1230 529 1292 milri
544 1231 696 1293 contentio
710 1249 772 1293 non
787 1250 854 1297 cum
868 1234 982 1299 victore
996 1251 1082 1296 exer·

58 1314 140 1385 citu,
159 1311 215 1375 sed
225 1329 293 1373 cum
307 1330 411 1388 opens
423 1314 582 1376 conductis
593 1322 623 1375 et
634 1314 672 1375 ad
684 1315 884 1391 diripiendam
895 1316 1000 1378 urbem
1011 1335 1083 1379 con

59 1395 177 1457 citaris=
192 1395 358 1457 habebam
349 1414 501 1458 mimicum
513 1397 616 1457 nonc
628 1397 769 1471 Marium,
788 1408 932 1461 terrorem
943 1400 1084 1474 hostium

60 1496 149 1557 spem
170 1478 400 1555 subsidiumque
421 1480 551 1555 patriae,
577 1481 634 1541 sed
658 1482 719 1542 duo
745 1470 917 1557 importuna
938 1483 1086 1559 prodigia,
1159 1484 1162 1489 '

61 1579 141 1640 quos
153 1569 284 1639 egestas,
300 1578 379 1637 quos
391 1563 470 1624 aeris
483 1563 571 1625 alrenr
582 1580 652 1638 mag
673 1564 766 1636 itudo,
784 1564 990 1641 quoslevitqs,
1006 1583 1085 1642 quos

60 1644 122 1721 imp
139 1644 238 1731 obitas
249 1645 368 1729 tribuno
381 1644 480 1723 plebis
493 1581 692 1708 ιιοιιειιιιιοὲ
684 1646 855 1710 addixeram
876 1642 927 1709 39.
944 1664 1002 1713 nee
1013 1649 1084 1709 mihi
1162 1724 1165 1729 Ι

61 1737 136 1889 creat
161 1732 195 1791 ds
213 1740 281 1825 pum
289 1722 472 1801 Saturnino,
498 1729 565 1805 qui,
587 1729 669 1804 quod
689 1746 759 1790 ase
776 1740 939 1804 quaestore
952 1730 1085 1799 Ostiensi

60 1810 923 1966 affirmadprmcrpemelsenaluselcrvrtatrs
939 1812 979 1876 Μ.
990 1812 1085 1881 Scau·

232 1882 475 1955 frumentariam
495 1886 669 1955 translatam
688 1892 818 1968 sciebat,
840 1857 978 1955 dolorem
996 1910 1084 1955 suum

60 1993 172 2052 magna
183 1975 375 2039 contentione
388 1976 478 2038 animi
469 1977 745 2072 persequebatur,
761 1978 817 2037 sed
831 1993 899 2037 cum
914 1992 1084 2037 scurrarum

60 2060 256 2135 locupletium
276 2068 394 2134 scorto,
418 2077 486 2121 cum
508 2058 623 2121 sororis
646 2060 798 2133 adultero,
820 2075 889 2119 cum
912 2067 1085 2136 stuprorum

62 2144 237 2217 sacerdote,
261 2158 330 2205 cum
349 2143 504 2216 venefico,
526 2159 594 2204 cum
614 2140 852 2212 testamentario,
875 2159 943 2203 cum
964 2141 1083 2212 sicario,

60 2242 131 2287 cum
151 2189 293 2369 lamo&g
310 2244 389 2306 quos
408 2226 547 2286 homines
567 2224 609 2299 si,
635 2224 667 2285 id
686 2226 769 2300 quod
789 2224 877 2287 facile
891 2227 971 2295 lactu
985 2226 1042 2289 tuit
1054 2235 1086 2287 et

63 2308 147 2383 quod
167 2309 223 2369 libr
274 2274 358 2370 ibuit
378 2310 523 2384 quodque
542 2325 624 2370 ame
647 2308 750 2383 optimi
774 2316 804 2369 et
825 2309 980 2370 tortissimi
1001 2309 1084 2372 cives

61 2391 252 2466 flagitabant,
275 2391 306 2452 vi
322 2393 475 2468 armisque
495 2407 706 2468 superassem,
731 2408 791 2452 non
811 2393 939 2455 verebar
955 2409 995 2454 ne
1016 2391 1085 2487 quis

61 2483 115 2535 aul
132 2472 193 2535 vim
212 2474 244 2534 vi
262 2476 417 2550 repulsam
440 2475 677 2549 reprehenderet
697 2482 748 2535 aut
767 2474 953 2549 perditorum
973 2475 1083 2541 civium

61 2557 113 2617 vel
128 2556 232 2631 polius
247 2556 482 2619 domesticorum
496 2557 628 2619 hostium
642 2564 767 2629 mortem
778 2566 948 2619 maereret.
936 2556 1023 2650 Sed
1038 2566 1092 2615 me

61 2639 115 2699 illa
127 2648 304 2703 ιιιονειιιιιιι
327 2639 489 2701 omnibus
481 2657 512 2698 ιιι
527 2639 718 2701 contionibus
733 2639 811 2699 illai
797 2610 1036 2701 iuria'diiimabat
1049 2654 1085 2697 sc

63 2738 145 2799 quae
165 2724 277 2785 taceret
296 2732 401 2785 contra
420 2724 546 2785 salutem
561 2740 657 2782 meam
673 2725 772 2783 iacere
792 2731 914 2785 auctore
930 2722 982 2781 Cn.
998 2712 1135 2781 Pom-⁸

60 2803 150 2881 peio,
164 2806 332 2867 clarissimo
348 2807 413 2867 viro
429 2805 562 2881 mihique
577 2815 608 2867 et
621 2823 700 2867 nuuc
714 2815 745 2867 el
756 2805 857 2880 quoad
871 2804 954 2864 licuit
967 2801 1085 2863 amieis-
1157 2818 1164 2829 „

62 2887 152 2951 simo.
182 2888 223 2949 Μ.
239 2890 382 2961 Crassus,
407 2906 537 2965 quocum
558 2888 629 2949 mihi
647 2904 752 2949 omnes
768 2895 854 2949 erant
869 2885 1018 2947 amicitiae
1034 2901 1085 2945 ne·

62 2970 282 3047 ceseitudineS,
307 2973 354 3035 vir
373 2972 568 3045 fortissimam,
593 2973 631 3031 ab
653 2972 759 3032 eadem
780 2971 831 3031 illa
850 2978 937 3044 peste
953 2967 1085 3029 infestis·

62 3053 160 3115 simus
176 3071 249 3117 esse
269 3056 345 3117 meis
365 3056 493 3118 fortunis
514 3054 750 3130 praedicabatur.
794 3053 825 3113 C.
846 3053 1003 3150 Caeqm,
1018 3052 1101 3113 uia

60 3139 214 3200 manullo
236 3154 303 3199 meo
328 3140 434 3201 merito
459 3138 575 3199 alienus
599 3153 669 3197 esse
690 3135 832 3206 debebat,
861 3126 1003 3197 inimicis
1017 3153 1084 3197 mus

59 3236 134 3282 esse
150 3237 236 3282 meae
254 3222 343 3282 saluti
359 3223 397 3283 ab
413 3222 522 3283 eodem
537 3219 695 3282 cotidianis
713 3217 904 3282 contionibus
919 3218 1083 3281 dicebatur.

59 3301 112 3365 40.
127 3304 182 3364 Hrs
194 3320 228 3364 se
240 3305 335 3367 trrbus
347 3304 540 3367 auctoribus
533 3322 561 3363 m
575 3301 709 3363 consrlrrs
720 3301 885 3377 captandis
897 3301 1083 3365 adiutoribus

59 3386 92 3446 in
107 3402 142 3447 re
156 3386 291 3463 gerenda
305 3402 377 3459 essa
389 3386 516 3449 usurum
529 3387 661 3448 dicebat.
686 3402 724 3447 ex
742 3384 960 3528 ιιιιιιιιίἳιιιιιιιιι
972 3385 1084 3444 babere

101 3481 159 3527 cre.
179 3482 269 3527 oanr.
