2340 3788
362 194 444 259 cae.
460 203 591 259 rr-aa
611 157 639 261 ὲ.
654 202 785 259 oo·es
1017 196 1081 263 221

55 347 198 421 arbitror,
213 355 248 408 ut
259 344 429 422 quisquam,
444 347 516 407 dum
538 341 627 405 saluti
643 360 766 405 suornm
787 348 934 422 consulat,
950 364 1082 409 commu·

55 448 130 495 nem
144 428 305 504 relinquat
346 428 424 503 Nihil
439 429 478 489 de
497 426 611 488 iudicio
633 427 763 496 serebat,
790 428 846 488 sed
867 445 996 504 poenam
1018 448 1083 492 am-

57 516 142 577 bitus
156 529 225 573 eam
238 511 396 584 referebat,
413 527 492 586 quae
509 511 607 571 luerat
619 524 725 583 nuper,
741 509 949 583 superioribus
962 513 1081 588 legibus

59 594 236 659 constituta
277 595 383 669 Itaque
402 595 460 654 hac
485 593 644 667 rogatione
673 607 734 653 non
760 590 893 652 iudicum
923 596 1078 670 sententie,

59 680 117 743 sed
129 677 208 754 regis
223 674 327 737 vitium
342 676 556 753 corrigebatur.
598 675 692 736 Nemo
712 672 856 735 iudicium
877 677 1080 752 reprehendit,

59 761 206 839 quamde
222 775 324 835 poena
337 759 486 834 queritur,
503 760 560 819 sed
574 758 681 832 legem.
710 756 867 818 Damnatio
882 765 931 818 est
943 758 1023 818 enim
1036 760 1081 820 iu·

59 846 170 917 deun,
187 859 266 918 quae
280 842 434 903 manebat:
451 857 553 916 poena
567 840 651 914 legis,
668 857 747 915 quae
758 841 922 901 levabatur.
952 839 1003 901 64.
1014 840 1082 901 lloli

59 927 149 1004 igitur
163 925 282 985 animos
298 941 402 985 eorum
423 925 578 996 ordinum,
601 921 653 998 qui
667 932 814 998 praesunt
829 921 949 984 iudiciis
963 938 1082 983 summa

60 1026 129 1073 cum
146 1007 294 1084 gravitate
313 1016 344 1067 et
362 1007 520 1081 dignitate,
540 1005 672 1066 alienare
687 1023 706 1066 a
720 1023 825 1068 causa.
854 1006 949 1067 Nemo
969 1005 1082 1065 labeta-

10 1094 16 1111 ·
59 1102 141 1154 ctare
154 1090 299 1152 iudicium
312 1097 361 1150 est
370 1099 507 1162 conatus,
523 1089 595 1149 nihil
608 1098 656 1150 est
666 1089 731 1150 eius
746 1088 829 1150 modi
843 1084 1081 1179 promulgatume

60 1190 181 1251 semper
192 1173 339 1234 Caecilius
353 1171 386 1232 in
400 1172 567 1234 calamitate
581 1170 681 1232 fratris
696 1171 744 1232 sui
754 1172 887 1234 iudicum
901 1177 1081 1247 potestatem

59 1257 312 1334 perpetuandam,
327 1255 404 1332 legis
418 1255 611 1317 acerbitatem
625 1254 817 1329 mitigandam
832 1254 957 1330 putavit.

139 1341 244 1416 xxiii.
266 1337 329 1399 Sed
344 1334 418 1415 quid
437 1356 495 1415 ego
509 1339 548 1399 de
564 1337 623 1398 hoc
641 1339 729 1413 plura
743 1337 917 1412 disputent
942 1337 1081 1398 Dicerem

59 1423 190 1485 lortasse
204 1431 234 1484 et
248 1420 335 1482 lacile
351 1430 381 1484 et
394 1422 520 1482 libenter
533 1421 673 1493 dicerem,
689 1420 716 1481 si
730 1422 833 1496 paullo
848 1420 937 1480 etiam
950 1419 1081 1496 longius,

59 1522 151 1581 quam
166 1505 236 1566 finis
257 1505 399 1565 cotidiani
419 1504 512 1566 oflicii
533 1505 679 1579 postulat,
700 1504 734 1569 L.
749 1503 910 1564 Caecilium
932 1502 1029 1577 pietas
1050 1511 1081 1567 et

39 1589 208 1657 ,lraternus
236 1586 321 1648 amor
349 1588 550 1663 propulissetr
581 1586 773 1660 implorarem
803 1603 915 1647 sensus
945 1593 1079 1647 ventrosa

58 1671 147 1732 unius
169 1671 317 1747 cuiusque
331 1669 546 1744 indulgentiam
565 1668 596 1728 in
618 1686 693 1730 suos
714 1677 854 1740 testarer,
880 1676 1015 1744 peterem
1033 1685 1080 1729 er·

57 1762 123 1815 rato
139 1755 257 1813 veniam
270 1753 304 1812 L.
320 1752 441 1812 Caecilii
460 1768 501 1812 ex
520 1751 631 1812 intimis
653 1752 762 1812 vestris
784 1751 1016 1826 cogitationibus
1036 1759 1079 1811 at-

58 1852 118 1912 que
139 1852 180 1896 ex
199 1834 382 1895 humanitate
402 1834 563 1894 communi.
603 1833 654 1896 65.
676 1835 741 1894 Lex
761 1834 827 1895 dies
847 1833 904 1895 luit
922 1833 1081 1909 proposita

55 1933 189 1992 paucam:
208 1915 280 1977 ferri
294 1923 404 1990 coepte
419 1932 598 1991 numquam,
613 1917 754 1990 deposita
770 1925 818 1978 est
829 1917 861 1976 in
877 1924 993 1977 senatu.
1019 1915 1079 1975 Ka-

55 1998 154 2061 lendIs
169 1997 317 2059 Ianuariis
333 2015 426 2073 quum
445 1997 475 2058 in
488 1998 664 2074 Capitolium
685 2016 743 2061 nos
758 2008 896 2060 senatum
911 2013 1078 2061 convocas·
1154 2073 1163 2081 .

55 2099 169 2154 somne,
186 2081 259 2141 nihil
276 2090 324 2143 est
338 2090 437 2143 ectum
452 2081 546 2156 prius,
560 2090 592 2142 et
606 2081 638 2142 id
651 2083 794 2144 mandatu
810 2083 912 2144 Sullae
927 2083 960 2157 Q.
975 2079 1079 2143 llletel·

55 2166 102 2227 lus
125 2173 247 2240 praetor
267 2182 302 2226 se
326 2164 410 2240 loqui
431 2163 522 2238 dixit,
547 2165 660 2226 Sullam
679 2165 760 2225 illam
779 2167 966 2241 rogationem
984 2166 1023 2226 de
1043 2178 1079 2225 se

56 2249 137 2310 nolle
158 2247 238 2308 lerri.
272 2247 320 2308 Ex
333 2247 384 2310 illo
405 2256 543 2324 tempore
556 2249 590 2308 L.
606 2247 753 2313 Caecilius
769 2252 862 2310 multa
877 2266 894 2310 e
907 2266 942 2309 re
956 2247 1079 2324 publica

55 2330 132 2406 egit=
148 2331 284 2405 agrariae
298 2329 366 2406 legi,
383 2347 462 2406 quae
474 2340 539 2393 tota
551 2349 570 2392 a
584 2347 632 2391 me
645 2332 832 2407 reprehensa
846 2339 877 2393 et
890 2331 1008 2393 abiecta
1021 2337 1076 2402 est,

56 2430 91 2474 se
112 2411 346 2474 intercessorem
361 2415 427 2474 lore
446 2416 606 2489 protessus
626 2422 688 2488 est,
708 2415 853 2490 improbis
868 2413 1076 2490 largitionibus

54 2495 172 2570 restitit,
187 2508 311 2558 senatus
324 2496 533 2558 auctoritatem
548 2514 711 2573 numquam
725 2497 945 2573 impedivit-ita
959 2513 993 2558 se
1007 2511 1078 2570 ges·

55 2578 96 2639 sit
109 2579 139 2638 in
151 2577 311 2652 tribunatu,
328 2587 362 2640 ut
372 2596 464 2640 onere
477 2579 618 2654 deposito
630 2579 789 2641 domestici
803 2579 895 2641 offleii
906 2579 980 2639 nihil
993 2584 1078 2652 post·
1098 2630 1102 2637 .

55 2677 91 2721 ea
103 2660 213 2722 niside
226 2663 420 2738 reipublicae
434 2663 601 2723 commodis
613 2662 759 2740 cogitarit.
787 2662 838 2725 66.
851 2665 952 2737 Atque
964 2661 996 2720 in
1008 2661 1078 2733 ipsa

54 2744 213 2818 rogatione
226 2761 265 2805 ne
279 2744 410 2820 pervim
424 2745 497 2820 quid
511 2751 667 2820 ageretur,
690 2744 759 2821 quis
780 2754 842 2806 tum
857 2752 995 2805 nostrum
1009 2741 1077 2802 Sul·

55 2826 114 2885 lam
129 2835 180 2888 aut
195 2827 358 2888 Caecilium
371 2828 552 2888 verebstnra
565 2844 667 2888 nonne
681 2829 778 2889 omnis
792 2828 843 2888 ille
857 2836 962 2897 terror,
979 2821 1077 2886 omnis

56 2909 213 2970 seditionis
235 2910 435 2986 timeretque
455 2909 559 2985 opinio
577 2927 617 2970 ex
630 2910 770 2973 Autronii
790 2909 980 2986 improbitate
1000 2923 1076 2982 peu·

55 2989 168 3068 debat}
195 2991 268 3053 Eius
288 2992 398 3065 voces,
421 2993 488 3054 eius
504 2995 603 3053 minae
619 2993 807 3054 ferebantur=
834 2992 900 3052 eius
921 2997 1074 3066 aspectus,

56 3073 262 3146 concursatio,
288 3075 425 3149 stipatio,
449 3092 558 3149 greges
582 3075 737 3136 bominum
762 3073 946 3150 perditorum
966 3081 1076 3135 metum

55 3153 146 3214 nobis
166 3154 393 3230 seditionesque
413 3157 598 3219 adferebant.
625 3160 730 3233 ltaque
743 3158 775 3216 P.
789 3157 874 3218 Sulla
889 3157 948 3218 hoc
963 3155 1075 3232 impor-

53 3236 215 3299 tunissimo
238 3255 329 3313 quum
350 3240 474 3300 honoris
493 3248 556 3301 tum
574 3240 664 3301 etiam
684 3239 860 3301 calamitatis
879 3240 965 3301 socio
983 3249 1091 3314 atque.

55 3321 166 3381 comite
186 3329 216 3382 et
235 3322 387 3382 secundas
408 3324 543 3384 torturas
561 3322 696 3383 amittere
718 3331 842 3384 coactus
863 3331 910 3384 est
923 3330 954 3384 et
972 3322 1004 3383 in
1021 3320 1075 3381 ad·

55 3402 155 3473 versis
170 3403 236 3465 sine
252 3405 314 3465 ullo
330 3404 463 3466 remedio
479 3411 570 3480 atque
584 3407 793 3468 adlevamento
807 3421 994 3482 permanere.
