2340 3788
383 182 730 274 cAR.1'-a.s.1-s.
820 240 823 245 .
1011 187 1076 257 ³97

62 339 223 417 :quierem
240 355 330 416 quam
341 355 395 400 reo
408 341 553 414 praebeat
568 361 624 395 -ε
647 341 704 400 sed
720 347 786 411 tua,
803 340 834 399 C.
850 340 969 414 caesar,
985 358 1073 418 prae·

62 439 132 482 ans
155 422 380 498 singularisque
397 431 505 484 natura
526 423 607 483 hunc
630 421 703 482 milri
724 429 837 482 metum
850 421 965 486 minuit.
1006 425 1074 486 Non

62 507 127 566 aim
139 514 200 566 tam
210 507 301 566 timec
313 506 386 581 quid
396 513 429 566 tu
441 507 480 566 de
493 520 566 579 rege
579 496 837 578 Deiotarosquam
853 503 985 579 intelligo
999 505 1074 580 quid

62 604 84 645 ι
102 598 133 650 te
159 597 296 649 caeteros
318 588 395 648 velis
416 588 561 648 iudicare.
603 585 634 647 5.
654 587 783 647 Moveor
796 586 885 646 etiam
900 586 959 644 loci
974 587 1073 662 ipsius

62 671 223 745 solantia,
249 671 332 746 quod
352 678 464 731 tantam
485 686 619 744 causam,
640 678 754 745 quanta
775 670 857 730 nulla
876 685 1021 743 umquam
1041 671 1074 731 in

63 754 268 828 sceptatione
289 761 410 815 versata
432 761 494 826 est,
522 753 591 812 dico
617 750 696 812 intra
722 751 908 814 domesticos
930 751 1072 826 parietes,

62 853 115 896 co
132 844 218 897 extra
233 842 415 898 conventum
432 844 462 897 et
479 851 545 896 eam
560 834 776 910 frequentiam,
796 835 904 909 in'qua
919 841 1073 895 oratorum

62 919 146 979 udia
160 919 214 979 niti
229 921 343 980 solent:
358 919 389 979 in
406 918 465 979 tals
480 918 594 991 oculis,
610 917 708 979 intuo
724 934 776 980 ore
790 920 936 993 vultuque
951 916 1073 992 acquie-

62 1019 109 1074 ·0,
125 1010 155 1062 te
166 1018 258 1061 unum
274 1002 403 1073 intueor,
418 1001 457 1060 ad
470 1009 604 1062 teanum
618 1000 715 1062 omnis
731 1007 849 1076 spectat
863 999 969 1062 oratio.
991 1000 1073 1074 Quae

62 1081 117 1143 ini
130 1086 169 1143 ad
181 1099 269 1158 spem
282 1084 463 1144 obtinendae
473 1082 608 1144 veritatis
619 1083 799 1158 gravissima
815 1083 945 1156 suntad
959 1088 1074 1156 motum

62 1166 137 1224 airni
159 1175 190 1227 et
209 1166 249 1225 ad
269 1182 389 1226 omnem
408 1166 552 1240 impetum
581 1165 702 1227 dicendi
725 1167 1010 1241 contentionemque
1030 1167 1073 1224 le-

62 1263 141 1307 ora.
183 1247 213 1309 6.
229 1248 315 1307 Hanc
330 1249 424 1321 enim,
443 1249 475 1309 C.
488 1249 614 1321 caesar,
631 1265 753 1310 causam
771 1249 842 1310 siin
857 1252 923 1310 loro
939 1249 1073 1309 dicerem

62 1331 153 1390 »dem
170 1329 310 1392 audiente
326 1339 355 1392 et
372 1331 561 1406 disceptante
575 1340 620 1404 te,
643 1340 786 1408 quantam
799 1333 871 1392 mihi
888 1332 1074 1392 alacritatem

62 1413 148 1487 »puli
168 1413 297 1474 Romani
318 1429 487 1475 concursus
509 1415 656 1476 adferret!
678 1415 751 1488 Quis
770 1416 850 1476 enirn
871 1414 990 1475 civisci
1005 1413 1071 1490 regi

62 1510 102 1554 »n
120 1497 249 1567 laverat,
273 1495 360 1558 cuius
384 1514 504 1558 ornnem
524 1505 653 1560 aetatem
669 1497 701 1556 in
715 1498 823 1573 populi
839 1498 967 1559 Romani
981 1497 1070 1559 bellis

62 1587 253 1654 ›asumptam
273 1595 347 1640 esse
368 1580 575 1640 meminissett
594 1580 771 1654 Spectarem
792 1581 920 1653 curiam,
939 1582 1072 1641 intuerer

62 1675 156 1734 rum,
179 1662 297 1721 caelum
320 1662 454 1737 denique
468 1669 598 1722 testarer
612 1662 723 1735 ipsum.
766 1662 826 1733 Sic,
846 1679 938 1737 quum
953 1673 983 1724 et
996 1665 1070 1724 deo-

62 1760 107 1802 m
124 1744 336 1803 immortalium
357 1752 387 1804 et
407 1745 513 1818 populi
526 1743 656 1802 Romani
679 1751 709 1803 et
730 1752 856 1804 senatus
874 1744 1024 1805 beneficia
1039 1744 1071 1802 in

62 1841 147 1902 *gem
156 1824 330 1884 Deiotarum
343 1825 533 1897 recordarer,
546 1826 628 1883 nullo
644 1825 736 1888 modo
751 1824 824 1884 mihi
839 1826 949 1886 deesse
963 1832 1072 1901 posset

62 1907 151 1968 atio.
195 1903 225 1966 t.
247 1905 330 1977 Quae
352 1905 495 1980 quoniam
511 1905 686 1980 angustiora
701 1906 835 1984 parietes
849 1907 965 1968 iaciunt
977 1908 1071 1967 actio-

62 2007 101 2052 1e
119 1989 268 2048 maximae
284 2002 395 2048 causae
413 1987 682 2061 debilitaturum,
703 1998 787 2049 tuum
802 1998 862 2063 est,
878 1991 1004 2062 Caesar,
1020 1985 1076 2063 qui-

62 2089 96 2134 το
124 2071 223 2132 multis
246 2086 341 2145 saepe
362 2069 480 2144 dixisti,
509 2071 582 2147 quid
606 2070 679 2132 mihi
697 2088 778 2132 nunc
798 2072 890 2134 animi
913 2072 952 2135 sit
977 2072 1018 2132 ad
1041 2078 1071 2132 te

68 2171 143 2218 sum
158 2155 282 2226 reterre,
297 2170 358 2229 quc
374 2152 498 2214 facilins
509 2171 602 2229 quum
616 2156 755 2230 aequitas
776 2164 827 2221 tua
843 2164 907 2217 tum
927 2151 1070 2217 audiendi

62 2237 199 2313 ligantia
215 2236 330 2297 minuat
345 2237 425 2296 hanc
438 2236 696 2311 perturbationem
709 2248 816 2297 meam.

102 2320 167 2380 Sed
183 2329 252 2380 ante
264 2320 405 2395 quamde
419 2320 613 2381 accusatione
626 2319 694 2395 ipsa
710 2319 789 2394 dico,
804 2321 843 2381 de
857 2329 1070 2384 accusatorum

62 2422 96 2466 >e
114 2419 215 2478 pauca
229 2403 343 2463 dicam:
366 2403 418 2476 qui
435 2420 526 2478 quum
543 2402 701 2464 videantur
718 2418 819 2478 neque
832 2403 953 2482 ingenio
968 2417 1070 2479 neque

62 2507 98 2552 ru
115 2496 206 2560 atque
221 2486 437 2547 exercitatione
451 2502 552 2546 rerum
562 2487 674 2557 valere,
689 2492 788 2544 tamen
806 2486 935 2548 adhanc
947 2499 1071 2545 causam

62 2589 100 2635 on
125 2571 191 2628 sine
209 2568 310 2643 aliqua
331 2584 387 2643 spe
407 2575 437 2629 et
451 2567 632 2642 cogitatione
647 2576 804 2628 venerunt.
846 2570 896 2628 111.
910 2569 939 2631 8.
960 2568 1071 2626 Iratum

62 2700 63 2707 ,
80 2651 152 2725 regi
166 2652 309 2712 Deiotaro
325 2653 420 2713 luisse
435 2667 496 2711 nan
513 2660 598 2713 erant
612 2651 723 2712 nescii=
739 2652 890 2712 adlectum
903 2652 987 2711 illum
1003 2647 1070 2722 qui·

62 2734 172 2800 asdam
183 2734 381 2796 incommodis
394 2742 424 2794 et
432 2734 624 2795 detrimentis
630 2741 755 2809 propter
767 2734 968 2796 offensionem
979 2730 1070 2791 animi

62 2820 79 2883 ‚i
105 2816 318 2892 meminerant,
343 2826 543 2899 tequequunr
555 2817 626 2877 huic
646 2817 763 2889 iratum,
783 2827 845 2879 tum
866 2817 923 2879 sibi
941 2813 1070 2874 amicum

62 2917 113 2965 rse
135 2910 353 2975 cognoverant,
380 2901 525 2976 quodque
546 2900 628 2976 apud
647 2900 748 2975 ipsum
769 2909 796 2961 te
814 2901 853 2961 de
870 2907 922 2966 tuo
934 2895 1069 2974 periculo

62 2991 193 3054 cerem,
215 2986 281 3045 lore
296 2983 442 3060 putabant
458 2992 491 3044 ut
507 2984 537 3042 in
553 2985 726 3044 exulcerato
745 2983 845 3044 animo
862 2982 950 3042 lacile
966 2981 1071 3043 fictum

62 3072 153 3131 lmen
168 3066 321 3130 insideret.
356 3067 451 3140 Quam
467 3067 584 3127 obrem
599 3069 658 3127 hoc
672 3082 730 3126 nos
745 3067 873 3140 primum
888 3072 983 3137 metm
997 3063 1069 3139 cae-

62 3172 105 3225 m,
125 3167 180 3224 per
193 3152 285 3212 fidem
298 3159 329 3213 et
345 3151 545 3212 constantiam
560 3158 589 3211 et
604 3149 791 3210 clementiam
804 3158 887 3210 tuam
901 3147 1008 3220 libera,
1030 3163 1070 3206 ne

62 3235 175 3297 rsidere
195 3234 226 3294 in
250 3243 278 3295 te
301 3237 392 3297 ullam
414 3243 531 3310 partem
557 3232 731 3294 iracundiae
761 3231 960 3307 suspicemur.
1013 3229 1086 3288 Per‘

62 3327 195 3382 exteram
211 3317 301 3379 istam
320 3328 350 3380 te
370 3335 435 3391 oro,
458 3335 547 3394 quam
567 3314 631 3391 regi
652 3316 794 3376 Deiotaro
818 3313 934 3393 hospes
956 3308 1070 3386 hospiti

62 3400 219 3475 rrrexisti,
234 3399 337 3476 istam,
353 3402 492 3478 inquam,
507 3400 661 3461 dexteram
676 3414 736 3460 non
751 3406 811 3458 tam
825 3396 955 3459 inbellis
970 3406 1070 3470 neque
