2340 3788
115 208 158 274 to
342 209 381 268 m
400 209 430 268 c.
451 207 614 268 venenu
633 208 716 267 nor.
732 160 768 267 u.
788 206 860 266 ure.
876 207 928 266 rv.
984 218 990 227 “

197 361 248 418 lv.
275 359 332 419 Pro
348 358 437 419 deum
451 356 667 433 hominumque
680 356 787 417 iidem!
803 352 949 432 quidhoc
965 364 1036 418 esti
1057 364 1137 435 quae

115 444 191 503 haec
215 458 310 502 causa
331 449 400 502 este
425 440 586 516 quasiste
609 439 814 514 impudentior
841 439 924 513 Quae
944 439 1015 500 dico
1038 441 1135 517 signo,

115 534 184 586 ante
196 541 288 600 quam
299 524 354 584 abs
369 534 399 584 te
415 524 532 584 sublata
543 531 621 595 sunt,
637 538 726 582 nemo
733 523 988 582 Messanamcum
1004 522 1135 600 imperio

113 610 196 669 venit
211 607 283 682 quin
295 607 413 667 viderit.
425 608 480 668 Tot
491 614 657 681 praetores,
670 615 715 666 tot
730 607 873 665 consules
884 596 1027 666 ir'rSicilia
1039 622 1134 682 mum

113 691 144 752 iu
161 707 240 767 pace
255 699 317 751 tum
332 690 421 751 etiam
444 691 474 748 in
494 690 575 748 bello
600 690 733 750 luerunt}
753 695 798 749 tot
819 687 958 749 homiues
983 689 1134 767 cuiusque

114 774 212 834 modi=
236 790 297 833 non
312 775 423 848 loquor
435 773 475 832 de
488 770 628 844 integris,
650 771 877 844 innocentibus,
897 770 1068 845 religiosisr
1088 781 1133 834 tot

114 856 231 933 cupidi,
249 865 293 916 tot
303 855 442 931 improbi,
457 862 501 914 tot
516 854 664 926 audaces,
684 870 812 930 quorum
827 870 916 914 nemo
933 853 1067 914 sibilum
1080 870 1131 917 vc-

112 941 254 1012 heroem,
268 949 329 1000 tum
343 946 467 1013 potens,
483 944 543 996 tam
560 937 669 998 nobilis
681 938 767 997 visus
782 946 828 997 est
842 935 894 1012 qui
908 951 948 996 ex
961 936 1013 997 illo
1030 954 1132 999 sacra·
1162 973 1167 980 ·

111 1023 158 1084 rio
175 1022 341 1098 quidquam
352 1034 481 1095 poscere
492 1028 542 1078 aut
556 1021 659 1079 tollere
674 1030 725 1081 aut
739 1019 884 1094 attingere
898 1020 1035 1087 auderet.
1055 1023 1132 1080 Ver-

111 1122 163 1167 res
191 1106 274 1179 quod
296 1102 411 1177 ubique
435 1101 491 1162 erit
512 1102 745 1176 pulcherrimum
765 1105 903 1163 auleretl
924 1102 998 1163 nihil
1017 1103 1131 1164 habere

113 1190 255 1263 cuiquam
272 1193 429 1259 praeterea
443 1184 567 1245 licebitl
584 1192 628 1246 tot
642 1187 751 1247 domus
766 1183 1020 1260 locupletissimas
1043 1185 1130 1246 istius

113 1273 222 1337 domus
239 1285 299 1327 una
313 1267 435 1342 capiet?
453 1268 569 1328 Idcirco
585 1285 674 1329 nemo
692 1268 882 1344 superiorum
895 1266 1005 1341 attigit,
1027 1276 1063 1328 ul
1082 1268 1131 1332 hio

113 1355 251 1414 tolleret?
266 1350 337 1410 ideo
354 1351 385 1409 C.
402 1350 544 1411 Claudius
557 1351 685 1412 Pulcher
698 1351 823 1425 rettulit,
837 1358 872 1411 ut
887 1350 919 1409 C.
929 1351 1045 1411 Verres
1058 1366 1131 1431 pos·

115 1444 162 1495 set
178 1433 319 1493 auferret
345 1437 385 1493 At
400 1450 461 1494 non
484 1435 657 1508 requirebat
671 1435 721 1494 illc
738 1433 855 1509 Cupido
873 1432 991 1493 lenonis
1007 1434 1130 1495 domum

113 1532 149 1577 ac
163 1515 362 1576 meretriciam
378 1516 584 1591 disciplinam:
606 1517 695 1577 lacile
710 1517 762 1578 illo
778 1515 912 1577 sacrario
934 1515 1033 1590 patrio
1058 1532 1129 1577 cou-

112 1599 270 1672 tinebatur.
299 1599 376 1659 Heio
392 1608 427 1659 sc
440 1615 458 1659 a
469 1599 633 1660 maioribus
647 1600 784 1660 relictum
798 1616 869 1660 esse
890 1598 1007 1659 sciebat
1026 1599 1057 1658 iu
1077 1599 1129 1659 he

111 1682 237 1742 reditate
253 1698 424 1743 sacrorum:
438 1698 500 1741 non
516 1683 680 1756 quaerebat
695 1683 862 1743 meretricis
878 1682 1033 1741 heredem.

194 1764 223 1827 8.
257 1764 319 1824 Sed
334 1764 407 1840 quid
421 1781 479 1840 ego
493 1774 553 1825 tam
567 1766 761 1826 vehementer
777 1765 926 1824 invehunt
942 1762 1045 1824 Verbo
1066 1780 1129 1826 unc

111 1850 249 1925 repellar.
288 1847 363 1923 ibini,
380 1847 486 1924 inquit
526 1848 597 1908 Odi
612 1849 811 1909 immortales!
826 1849 1011 1923 praeclaram
1023 1846 1128 1907 delen

112 1933 243 1992 sionem!
272 1931 470 1992 Mercatorem
484 1931 514 1990 iu
531 1932 717 2006 provinciam
734 1946 802 1990 cum
821 1929 950 2004 imperio
962 1944 999 1989 cc
1015 1928 1130 1991 sccun-

110 2016 169 2075 bus
182 2012 334 2087 misimus,
352 2015 453 2074 omnia
469 2014 522 2089 qui
536 2016 637 2088 signa,
654 2015 772 2075 tabulas
787 2012 899 2088 pictas,
917 2028 1005 2072 omne
1020 2028 1128 2088 angen

112 2109 188 2169 tum,
204 2112 320 2168 aurum,
336 2098 424 2170 ebur,
443 2112 577 2172 gemmus
592 2100 758 2168 coemeret,
779 2095 852 2155 nihil
874 2095 1016 2169 cuiquam
1038 2096 1127 2155 relin

113 2187 232 2253 queret!
260 2180 343 2237 Haec
354 2178 433 2238 enirn
443 2179 515 2239 mihi
529 2180 568 2238 ad
583 2179 683 2238 omnio
699 2179 838 2267 delensjp
853 2178 989 2254 patefieri
1000 2178 1130 2251 videtur,

113 2259 233 2321 emisse.
267 2260 410 2333 Primum,
437 2263 464 2321 si
479 2263 526 2335 id,
553 2263 636 2336 quod
664 2260 725 2336 vis,
750 2262 802 2323 tibi
827 2277 885 2336 ego
900 2262 1083 2335 concedam,
1096 2269 1130 2323 ut

113 2342 238 2417 cureris,
266 2344 408 2418 quoniam
430 2344 460 2403 in
490 2352 551 2404 toto
572 2345 632 2404 hoc
653 2361 764 2419 genere
786 2346 844 2405 hac
866 2360 927 2404 una
949 2344 1129 2405 defensione

111 2441 223 2486 usurus
234 2441 277 2500 es,
295 2442 408 2499 quaero
424 2426 510 2487 cuius
524 2427 606 2486 modi
620 2437 652 2488 tu
666 2427 777 2487 iudicia
789 2429 905 2488 Romae
918 2426 1038 2501 putaris
1048 2442 1129 2501 csse,

112 2509 138 2569 si
158 2508 212 2569 tibi
234 2509 294 2569 hoc
308 2524 491 2583 quemquam
514 2525 731 2571 concessurum
747 2511 874 2586 putasti,
898 2518 927 2570 te
940 2508 972 2568 in
986 2518 1131 2584 praelum

111 2603 202 2668 atque
222 2590 349 2667 imperio
371 2599 416 2651 tot
431 2608 498 2664 res,
517 2600 576 2652 tam
597 2590 770 2668 preciosas,
798 2609 903 2653 omnes
924 2592 1058 2668 deniqne
1077 2608 1130 2653 res

112 2690 191 2751 quae
207 2675 335 2735 alicuius
355 2673 450 2748 precli
465 2675 574 2736 luerint
587 2685 651 2737 tota
665 2693 704 2738 ex
718 2675 875 2750 provincia
889 2675 1065 2736 coemisset
1091 2676 1130 2734 V.

110 2759 139 2818 9.
167 2759 277 2819 Videte
294 2757 441 2818 maiorum
461 2757 660 2833 diligentiam,
681 2760 734 2834 qui
753 2759 900 2819 nihildum
919 2757 1010 2818 etiarn
1040 2757 1130 2819 istius

110 2842 192 2900 modi
205 2841 452 2918 suspicabantur,
466 2857 571 2902 vorum
588 2851 687 2902 tamen
702 2858 752 2915 ea,
776 2858 853 2917 quae
871 2840 974 2917 parvis
990 2840 1022 2909 in
1036 2842 1130 2902 rebus

111 2923 249 2983 accidere
260 2933 407 3000 poterant,
419 2924 630 3000 providebant.
654 2926 818 2998 Neminem,
834 2925 966 3000 quicum
977 2930 1134 2998 potestate

112 3013 163 3064 aut
174 3006 323 3078 legatione
334 3008 363 3066 in
372 3007 559 3083 provinciam
567 3018 650 3070 esset
661 3009 826 3083 proiectus,
840 3008 1131 3068 tamamentemlorc

111 3096 307 3162 putaverunt,
323 3099 356 3150 ut
373 3099 666 3166 emeretargentum=
689 3092 816 3152 dabatur
830 3091 910 3151 enim
932 3092 971 3150 de
989 3090 1131 3164 publico=

111 3178 144 3230 ut
166 3178 296 3230 vestem:
312 3174 520 3244 praebebatur
533 3174 613 3234 enim
630 3173 763 3249 legibus:
781 3174 964 3248 mancipium
975 3181 1131 3248 putarunt,

113 3270 175 3329 quo
190 3262 220 3312 et
234 3268 338 3313 omnes
354 3255 464 3315 utimur
479 3265 508 3317 et
521 3274 581 3317 non
594 3257 753 3332 praebetur
769 3274 788 3317 a
802 3260 927 3332 populo.
948 3255 1132 3328 Sanxerunt,

112 3353 149 3394 us
164 3353 230 3406 oms
245 3351 361 3394 susnrr
374 3353 434 3396 ursr
449 3355 480 3396 rn
494 3355 643 3399 nrnonnur
654 3355 759 3398 nocuu.
792 3340 825 3399 Si
846 3341 898 3412 qui
910 3340 1027 3401 Romae
1048 3345 1131 3399 essct

114 3418 307 3483 demortuus?
339 3420 447 3495 Immo,
472 3421 498 3480 si
521 3423 588 3498 quis
609 3422 729 3487 ibidem.
759 3424 825 3484 Non
841 3421 920 3484 enim
933 3429 963 3485 tc
979 3422 1130 3485 instruere
