2340 3788
103 205 167 277 att
401 199 825 311 raonsutunoanrro.

103 357 210 425 tribuo,
226 369 305 429 quae
317 359 419 412 vestra
434 360 516 412 sunt:
532 368 590 413 nec
604 367 676 428 vero
690 368 816 426 possum
826 358 941 412 tantum
955 365 1025 411 meo
1040 348 1123 426 inge·

103 438 155 498 nio
169 437 251 509 dare,
265 441 299 495 ut
312 443 355 495 tot
371 451 430 506 res,
446 441 554 509 tantas,
568 437 629 501 tam
643 433 752 507 varias,
765 443 827 495 tam
839 432 1015 510 repentinas
1031 435 1062 493 in
1076 434 1125 494 illa

102 516 359 583 turbulentissima
373 525 550 591 tempestate
565 517 609 577 rei
622 516 762 592 publicae
773 533 841 576 mea
857 523 966 592 sponte
982 515 1125 591 dispexe-

102 600 159 663 rim
171 634 228 671 -,
252 616 308 661 vos
329 603 465 675 prolecto
485 601 613 660 animum
630 615 729 660 meum
745 607 808 660 tum
825 599 1057 664 conservandae
1073 617 1125 674 pa-

102 684 178 746 triae
192 681 562 758 cupiditateincendistis=
583 698 640 742 vos
654 699 702 742 me
718 683 755 742 ab
772 682 912 742 omnibus
927 681 1059 742 caeteris
1075 698 1125 744 co-

102 764 295 842 gitationibus
308 764 350 824 ad
365 781 456 826 unam
471 767 597 826 salutem
616 765 660 825 rei
680 764 819 840 publicae
834 763 1043 825 convertistise
1068 780 1125 825 vos

102 847 234 923 denique
252 847 284 907 in
305 846 395 908 tantis
412 847 542 908 tenebris
557 847 668 908 erroris
688 856 719 907 et
731 847 908 907 inscientiae
922 845 1126 920 clarissimum

101 934 203 994 lumen
218 929 309 990 menti
325 946 410 990 meae
428 930 621 1005 praetulistis.
665 929 716 991 41.
737 929 809 989 Vidi
828 946 886 1004 ego
900 930 975 1001 hoc,
997 928 1126 1002 iudices,

102 1014 161 1075 uisi
176 1012 290 1074 recenti
304 1012 448 1072 memoria
463 1020 586 1073 senatus
603 1012 808 1074 auctoritatem
827 1011 917 1071 huius
939 1010 1044 1071 indicii
1061 1029 1126 1073 mo·

101 1096 251 1158 numentis
266 1094 396 1169 publicis
412 1103 537 1156 testatus
552 1113 662 1167 essem,
680 1097 744 1155 lore
758 1094 967 1169 utaliquando
981 1095 1125 1154 nonTor-

103 1187 212 1256 quatus
233 1192 332 1252 neque
347 1178 488 1252 Torquati
509 1178 660 1253 quispiam
676 1177 781 1243 similis
795 1212 838 1222 -
853 1193 922 1236 nam
938 1175 971 1235 id
986 1193 1035 1236 me
1049 1177 1125 1236 mul-

101 1270 164 1324 tum
180 1259 284 1319 lelellit
295 1292 345 1333 -,
365 1261 467 1320 sedat
481 1260 590 1334 aliquis
605 1259 775 1335 patrimonii
789 1261 968 1333 naufragus,
984 1258 1126 1319 inimicus

102 1341 177 1414 ocii,
199 1342 348 1401 bonorum
362 1341 473 1415 hostis,
492 1342 577 1403 aliter
590 1342 721 1404 indicata
737 1343 813 1402 haec
828 1358 898 1403 esse
914 1341 1042 1414 diceret,
1063 1359 1125 1416 quo

101 1422 219 1489 facilius
240 1433 330 1484 vento
353 1425 454 1499 aliquo
475 1424 505 1484 in
526 1425 677 1500 optimum
693 1442 845 1501 quemque
865 1425 995 1485 excitato
1016 1432 1127 1498 posset

101 1507 133 1569 in
147 1506 234 1567 malis
249 1506 293 1565 rei
309 1505 447 1581 publicae
461 1516 579 1583 portum
593 1509 724 1583 aliquem
738 1523 863 1568 suorum
877 1508 1023 1567 malorum
1038 1506 1126 1566 inve·

101 1589 181 1649 niret
205 1588 309 1664 ltaque
323 1590 500 1650 introductis
513 1590 545 1651 in
562 1598 698 1664 senatum
713 1589 863 1650 indicibus
878 1588 1019 1650 constitui
1036 1600 1126 1649 sena-

101 1671 200 1744 tores,
224 1671 276 1746 qui
292 1673 391 1732 omnia
405 1670 538 1734 indicum
559 1672 870 1748 dicta,‚.interrogata,
888 1688 1040 1746 responsa
1054 1689 1125 1747 per-

102 1751 278 1815 scriberent.
313 1753 363 1813 42.
381 1757 423 1815 At
437 1760 519 1831 quos
530 1756 627 1817 viros!
651 1772 712 1816 non
727 1757 825 1817 solum
840 1771 955 1815 summa
969 1754 1077 1815 virtute
1094 1764 1127 1815 et

101 1835 178 1909 fide,
198 1836 296 1898 'cuius
321 1837 441 1912 generis
465 1847 529 1900 erat
552 1839 583 1899 in
609 1840 717 1900 senatu
741 1838 868 1898 facultas
889 1837 1035 1909 maxima,
1066 1838 1126 1897 sed

102 1919 191 1979 etiam
223 1936 301 1995 quos
336 1920 467 1980 sciebam
497 1921 656 1995 memoria,
695 1921 834 1993 scientia,
868 1920 1033 1982 celeritate¹
1048 1920 1126 1980 sori-

101 2001 352 2062 bendilacillime
370 2020 447 2078 quae
469 2003 803 2079 dicerenturpersequi
825 2021 934 2078 posse:
963 2005 993 2063 c.
1010 2003 1125 2063 Cosco-

102 2084 193 2155 nium,
210 2085 262 2160 qui
273 2094 334 2144 tum
347 2095 410 2145 erat
422 2096 549 2160 praetor,
567 2088 607 2145 Μ.
617 2088 799 2158 Messallam,
815 2085 866 2160 qui
878 2095 939 2146 tum
951 2094 1126 2159 praeturam

101 2166 238 2240 petebat,
254 2167 285 2224 P.
301 2166 466 2241 Nigidium,
486 2171 566 2244 App.
582 2169 746 2229 Claudium.
775 2169 872 2228 Credo
888 2186 957 2229 esse
973 2167 1125 2227 neminem

102 2245 155 2319 qui
169 2247 217 2306 his
231 2249 403 2309 hominibus
421 2253 460 2310 ad
481 2268 552 2312 vere
573 2253 763 2312 referendum
784 2260 835 2311 aut
854 2253 943 2311 fidem
962 2259 1045 2325 putet
1071 2259 1126 2311 aut

102 2328 254 2403 ingenium
270 2332 413 2392 defuisse.
716 2353 717 2356 ¹

125 2461 126 2465 ,
184 2413 247 2471 XV.
269 2414 345 2485 Quid
360 2415 490 2475 deindet
511 2415 582 2490 quid
605 2415 684 2477 iecit
708 2435 799 2491 quum
814 2417 922 2478 scirem
938 2419 978 2477 ita
993 2431 1064 2475 esse
1077 2413 1125 2473 in-

101 2492 213 2554 dicium
228 2496 352 2556 relatum
376 2497 405 2555 in
422 2499 539 2561 tabulas
559 2499 711 2573 publiceS,
737 2509 770 2560 ut
786 2502 855 2560 illae
868 2500 989 2566 tabulae
1004 2498 1125 2574 privata

101 2585 199 2638 tamen
215 2578 354 2638 custodia
368 2596 452 2639 more
462 2580 611 2651 ¹maiorum
627 2581 864 2655 continerentur,
886 2600 946 2641 non
962 2570 1123 2651 occultavi,

101 2677 161 2720 non
177 2661 309 2721 continui
327 2662 417 2733 domi,
438 2665 493 2722 sed
511 2663 609 2723 statim
626 2665 755 2724 describi
773 2667 811 2725 ab
827 2665 965 2725 omnibus
983 2662 1125 2734 librariis,

101 2742 194 2802 dividi
213 2744 328 2817 passim
343 2753 373 2804 et
389 2747 559 2820 pervulgari
573 2756 664 2822 atque
681 2746 730 2806 edi
746 2751 860 2823 populo
875 2749 1013 2808 Romano
1027 2745 1123 2819 impe-

99 2827 174 2884 ravi.
204 2825 300 2886 Divisi
315 2826 368 2886 toti
384 2826 500 2899 Italiae,
519 2828 605 2889 emisi
618 2829 648 2888 in
665 2847 770 2890 omnes
785 2830 973 2905 provincias,
996 2828 1062 2889 eius
1076 2827 1123 2885 in-

102 2905 179 2976 dicii,
198 2925 237 2968 ex
254 2926 314 2983 quo
331 2909 430 2969 oblata
445 2911 527 2971 salus
542 2920 625 2971 esset
642 2913 796 2985 omnibus,
812 2921 966 2988 expertem
981 2927 1053 2971 esse
1070 2925 1124 2969 ne-

101 2987 210 3048 minem
230 2993 321 3051 volui.
365 2989 416 3051 43.
438 2993 542 3068 Itaque
558 2993 626 3054 dico
643 2995 742 3055 locum
756 2996 786 3054 in
802 2998 876 3056 orbe
891 3003 1036 3055 terrarum
1051 3009 1126 3054 esse

100 3069 228 3141 nullum,
253 3091 313 3146 quo
333 3073 361 3133 in
378 3076 445 3135 loco
461 3076 565 3150 populi
578 3076 707 3136 Romani
721 3095 830 3139 nomen
847 3078 900 3150 sit,
925 3077 998 3152 quin
1012 3076 1125 3136 eodem

100 3153 299 3244 perscriptum
314 3157 373 3216 hoc
388 3157 528 3217 indicium
542 3160 724 3233 pervenerit
753 3163 786 3220 In
800 3178 860 3235 quo
875 3169 1006 3235 egotam
1021 3158 1124 3219 subito

100 3240 131 3292 et
144 3248 255 3306 exiguo
271 3245 300 3322 et
310 3239 428 3300 turbido
444 3249 579 3316 tempore
593 3244 686 3303 multa
699 3242 851 3314 divinitus,
868 3242 956 3303 itaut
971 3241 1045 3318 dixi,
1061 3259 1123 3301 non

100 3315 168 3376 meat
182 3324 292 3390 sponte
312 3322 445 3393 providi:
472 3323 613 3397 primum,
637 3341 675 3383 ne
697 3325 748 3399 qui
763 3334 871 3400 posset
884 3334 998 3385 tantum
1015 3334 1067 3384 aut
1084 3325 1125 3384 de

100 3397 144 3458 rei
169 3397 307 3475 publicae
332 3411 383 3460 aut
407 3404 444 3462 de
468 3404 595 3465 alicuius
620 3405 754 3479 periculo
780 3407 954 3466 meminisse
976 3416 1124 3480 quantum
