<?xml version="1.0" encoding="UTF-8"?>
<!DOCTYPE html PUBLIC "-//W3C//DTD XHTML 1.0 Transitional//EN"
    "http://www.w3.org/TR/xhtml1/DTD/xhtml1-transitional.dtd">
<html xmlns="http://www.w3.org/1999/xhtml" xml:lang="en" lang="en">
 <head>
  <title>
</title>
<meta http-equiv="Content-Type" content="text/html;charset=utf-8" />
  <meta name='ocr-system' content='tesseract 3.04.00' />
  <meta name='ocr-capabilities' content='ocr_page ocr_carea ocr_par ocr_line ocrx_word'/>
</head>
<body>
  <div class='ocr_page' id='page_1' title='image "./orationesselect01cicegoog/orationesselect01cicegoog_0394.png"; bbox 0 0 2340 3788; ppageno 0'>
   <div class='ocr_carea' id='block_1_1' title="bbox 336 163 1073 236">
    <p class='ocr_par' dir='ltr' id='par_1_1' title="bbox 336 163 1073 236">
     <span class='ocr_line' id='line_1_1' title="bbox 336 163 1073 236; baseline -0.004 -11"><span class='ocrx_word' id='word_1_1' title='bbox 336 163 419 225; x_wconf 82' lang='lat' dir='ltr'><strong>CAP</strong></span> <span class='ocrx_word' id='word_1_2' title='bbox 434 170 567 229; x_wconf 53' lang='lat' dir='ltr'><strong>tan-n</strong></span> <span class='ocrx_word' id='word_1_3' title='bbox 588 171 615 232; x_wconf 77' lang='lat'><strong>§-</strong></span> <span class='ocrx_word' id='word_1_4' title='bbox 628 174 763 230; x_wconf 55' lang='grc' dir='ltr'>ὅθι-ιθ.</span> <span class='ocrx_word' id='word_1_5' title='bbox 785 198 788 203; x_wconf 53' lang='grc'><strong>&lt;</strong></span> <span class='ocrx_word' id='word_1_6' title='bbox 1006 166 1073 236; x_wconf 65' lang='grc'><strong>359</strong></span> 
     </span>
    </p>
   </div>
   <div class='ocr_carea' id='block_1_2' title="bbox 34 311 1073 1317">
    <p class='ocr_par' dir='ltr' id='par_1_2' title="bbox 34 311 1073 1317">
     <span class='ocr_line' id='line_1_2' title="bbox 37 311 1073 397; baseline 0.005 -19"><span class='ocrx_word' id='word_1_7' title='bbox 37 327 120 380; x_wconf 85' lang='lat' dir='ltr'><strong>etum</strong></span> <span class='ocrx_word' id='word_1_8' title='bbox 137 331 220 377; x_wconf 87' lang='lat' dir='ltr'><strong>esse</strong></span> <span class='ocrx_word' id='word_1_9' title='bbox 225 313 353 373; x_wconf 77' lang='lat' dir='ltr'><strong>dientes.</strong></span> <span class='ocrx_word' id='word_1_10' title='bbox 381 313 440 372; x_wconf 87' lang='lat' dir='ltr'><strong>cur</strong></span> <span class='ocrx_word' id='word_1_11' title='bbox 460 313 551 385; x_wconf 70' lang='lat' dir='ltr'><strong>igitur</strong></span> <span class='ocrx_word' id='word_1_12' title='bbox 565 311 666 373; x_wconf 84' lang='lat' dir='ltr'><strong>vietus</strong></span> <span class='ocrx_word' id='word_1_13' title='bbox 683 320 751 375; x_wconf 75' lang='lat' dir='ltr'><strong>esti</strong></span> <span class='ocrx_word' id='word_1_14' title='bbox 779 315 855 387; x_wconf 75' lang='lat' dir='ltr'><strong>Quia</strong></span> <span class='ocrx_word' id='word_1_15' title='bbox 870 333 933 381; x_wconf 89' lang='lat' dir='ltr'><strong>non</strong></span> <span class='ocrx_word' id='word_1_16' title='bbox 947 336 1073 397; x_wconf 83' lang='lat' dir='ltr'><strong>semper</strong></span> 
     </span>
     <span class='ocr_line' id='line_1_3' title="bbox 36 393 1071 468; baseline 0.007 -9"><span class='ocrx_word' id='word_1_17' title='bbox 36 401 138 461; x_wconf 85' lang='lat' dir='ltr'><strong>viator</strong></span> <span class='ocrx_word' id='word_1_18' title='bbox 151 413 170 457; x_wconf 89' lang='lat' dir='ltr'><strong>a</strong></span> <span class='ocrx_word' id='word_1_19' title='bbox 183 398 313 468; x_wconf 82' lang='lat' dir='ltr'><strong>latrone,</strong></span> <span class='ocrx_word' id='word_1_20' title='bbox 335 409 398 457; x_wconf 89' lang='lat' dir='ltr'><strong>non</strong></span> <span class='ocrx_word' id='word_1_21' title='bbox 412 409 578 468; x_wconf 80' lang='lat' dir='ltr'><strong>numquam</strong></span> <span class='ocrx_word' id='word_1_22' title='bbox 597 393 689 455; x_wconf 87' lang='lat' dir='ltr'><strong>etiam</strong></span> <span class='ocrx_word' id='word_1_23' title='bbox 701 397 779 457; x_wconf 80' lang='lat' dir='ltr'><strong>tatto</strong></span> <span class='ocrx_word' id='word_1_24' title='bbox 793 412 812 455; x_wconf 86' lang='lat' dir='ltr'><strong>e</strong></span> <span class='ocrx_word' id='word_1_25' title='bbox 825 397 942 461; x_wconf 82' lang='lat' dir='ltr'><strong>viatore·</strong></span> <span class='ocrx_word' id='word_1_26' title='bbox 956 404 1071 466; x_wconf 86' lang='lat' dir='ltr'><strong>oooidi·</strong></span> 
     </span>
     <span class='ocr_line' id='line_1_4' title="bbox 36 475 1070 573; baseline 0.007 -31"><span class='ocrx_word' id='word_1_27' title='bbox 36 491 101 542; x_wconf 87' lang='lat' dir='ltr'><strong>tur=</strong></span> <span class='ocrx_word' id='word_1_28' title='bbox 125 477 211 555; x_wconf 86' lang='lat' dir='ltr'><strong>quia,</strong></span> <span class='ocrx_word' id='word_1_29' title='bbox 232 492 416 573; x_wconf 81' lang='lat' dir='ltr'><strong>quamquam</strong></span> <span class='ocrx_word' id='word_1_30' title='bbox 435 484 561 550; x_wconf 82' lang='lat' dir='ltr'><strong>paratus</strong></span> <span class='ocrx_word' id='word_1_31' title='bbox 579 475 610 535; x_wconf 92' lang='lat' dir='ltr'><strong>in</strong></span> <span class='ocrx_word' id='word_1_32' title='bbox 625 478 791 552; x_wconf 87' lang='lat' dir='ltr'><strong>imparatos</strong></span> <span class='ocrx_word' id='word_1_33' title='bbox 805 478 946 556; x_wconf 84' lang='lat' dir='ltr'><strong>clodius,</strong></span> <span class='ocrx_word' id='word_1_34' title='bbox 968 495 1070 549; x_wconf 89' lang='lat' dir='ltr'><strong>tamen</strong></span> 
     </span>
     <span class='ocr_line' id='line_1_5' title="bbox 36 556 1071 643; baseline 0.003 -19"><span class='ocrx_word' id='word_1_35' title='bbox 36 563 146 624; x_wconf 89' lang='lat' dir='ltr'><strong>mulier</strong></span> <span class='ocrx_word' id='word_1_36' title='bbox 166 558 342 621; x_wconf 73' lang='lat' dir='ltr'>inciderat</span> <span class='ocrx_word' id='word_1_37' title='bbox 333 576 365 629; x_wconf 76' lang='lat' dir='ltr'><strong>in</strong></span> <span class='ocrx_word' id='word_1_38' title='bbox 386 558 480 620; x_wconf 89' lang='lat' dir='ltr'><strong>viros.</strong></span> <span class='ocrx_word' id='word_1_39' title='bbox 523 556 574 621; x_wconf 81' lang='lat'><strong>56.</strong></span> <span class='ocrx_word' id='word_1_40' title='bbox 595 559 659 619; x_wconf 81' lang='lat' dir='ltr'><strong>Neo</strong></span> <span class='ocrx_word' id='word_1_41' title='bbox 679 575 753 623; x_wconf 88' lang='lat' dir='ltr'><strong>vero</strong></span> <span class='ocrx_word' id='word_1_42' title='bbox 773 561 819 621; x_wconf 84' lang='lat' dir='ltr'><strong>sie</strong></span> <span class='ocrx_word' id='word_1_43' title='bbox 841 571 906 625; x_wconf 87' lang='lat' dir='ltr'><strong>erat</strong></span> <span class='ocrx_word' id='word_1_44' title='bbox 926 581 1071 643; x_wconf 88' lang='lat' dir='ltr'><strong>umquam</strong></span> 
     </span>
     <span class='ocr_line' id='line_1_6' title="bbox 37 640 1069 747; baseline 0.008 -42"><span class='ocrx_word' id='word_1_45' title='bbox 37 661 99 706; x_wconf 92' lang='lat' dir='ltr'><strong>non</strong></span> <span class='ocrx_word' id='word_1_46' title='bbox 112 651 237 720; x_wconf 88' lang='lat' dir='ltr'><strong>paratus</strong></span> <span class='ocrx_word' id='word_1_47' title='bbox 256 640 329 706; x_wconf 86' lang='lat' dir='ltr'><strong>illito</strong></span> <span class='ocrx_word' id='word_1_48' title='bbox 348 650 454 703; x_wconf 81' lang='lat' dir='ltr'><strong>contro</strong></span> <span class='ocrx_word' id='word_1_49' title='bbox 469 640 568 716; x_wconf 89' lang='lat' dir='ltr'><strong>illum,</strong></span> <span class='ocrx_word' id='word_1_50' title='bbox 590 649 698 704; x_wconf 91' lang='lat' dir='ltr'><strong>utnon</strong></span> <span class='ocrx_word' id='word_1_51' title='bbox 713 641 789 704; x_wconf 88' lang='lat' dir='ltr'><strong>satis</strong></span> <span class='ocrx_word' id='word_1_52' title='bbox 806 644 871 705; x_wconf 85' lang='lat' dir='ltr'><strong>lare</strong></span> <span class='ocrx_word' id='word_1_53' title='bbox 885 655 969 708; x_wconf 88' lang='lat' dir='ltr'><strong>esset</strong></span> <span class='ocrx_word' id='word_1_54' title='bbox 981 666 1069 747; x_wconf 78' lang='lat' dir='ltr'><strong>paru·</strong></span> 
     </span>
     <span class='ocr_line' id='line_1_7' title="bbox 36 724 1070 807; baseline 0.002 -18"><span class='ocrx_word' id='word_1_55' title='bbox 36 738 98 789; x_wconf 91' lang='lat' dir='ltr'><strong>tus.</strong></span> <span class='ocrx_word' id='word_1_56' title='bbox 142 726 270 801; x_wconf 83' lang='lat' dir='ltr'><strong>Semper</strong></span> <span class='ocrx_word' id='word_1_57' title='bbox 293 726 343 785; x_wconf 89' lang='lat' dir='ltr'><strong>ille</strong></span> <span class='ocrx_word' id='word_1_58' title='bbox 357 732 387 786; x_wconf 89' lang='lat' dir='ltr'><strong>et</strong></span> <span class='ocrx_word' id='word_1_59' title='bbox 404 731 549 800; x_wconf 82' lang='lat' dir='ltr'><strong>quantum</strong></span> <span class='ocrx_word' id='word_1_60' title='bbox 569 724 777 787; x_wconf 86' lang='lat' dir='ltr'><strong>interesselP.</strong></span> <span class='ocrx_word' id='word_1_61' title='bbox 798 725 897 787; x_wconf 84' lang='lat' dir='ltr'><strong>clodii</strong></span> <span class='ocrx_word' id='word_1_62' title='bbox 915 744 951 790; x_wconf 90' lang='lat' dir='ltr'><strong>se</strong></span> <span class='ocrx_word' id='word_1_63' title='bbox 954 735 1070 807; x_wconf 83' lang='lat' dir='ltr'><strong>perire</strong></span> 
     </span>
     <span class='ocr_line' id='line_1_8' title="bbox 35 807 1071 887; baseline 0.005 -16"><span class='ocrx_word' id='word_1_64' title='bbox 35 820 67 871; x_wconf 89' lang='lat' dir='ltr'><strong>et</strong></span> <span class='ocrx_word' id='word_1_65' title='bbox 90 818 203 884; x_wconf 91' lang='lat' dir='ltr'><strong>quanto</strong></span> <span class='ocrx_word' id='word_1_66' title='bbox 224 808 267 869; x_wconf 89' lang='lat' dir='ltr'><strong>illi</strong></span> <span class='ocrx_word' id='word_1_67' title='bbox 284 807 356 869; x_wconf 89' lang='lat' dir='ltr'><strong>odio</strong></span> <span class='ocrx_word' id='word_1_68' title='bbox 378 815 463 867; x_wconf 85' lang='lat' dir='ltr'><strong>esset</strong></span> <span class='ocrx_word' id='word_1_69' title='bbox 482 815 513 868; x_wconf 89' lang='lat' dir='ltr'><strong>et</strong></span> <span class='ocrx_word' id='word_1_70' title='bbox 531 815 675 882; x_wconf 88' lang='lat' dir='ltr'><strong>quantum</strong></span> <span class='ocrx_word' id='word_1_71' title='bbox 696 807 747 885; x_wconf 89' lang='lat' dir='ltr'><strong>ille</strong></span> <span class='ocrx_word' id='word_1_72' title='bbox 767 808 894 871; x_wconf 87' lang='lat' dir='ltr'><strong>auderet</strong></span> <span class='ocrx_word' id='word_1_73' title='bbox 910 813 1071 887; x_wconf 72' lang='lat' dir='ltr'><strong>cogitabat.</strong></span> 
     </span>
     <span class='ocr_line' id='line_1_9' title="bbox 36 890 1071 970; baseline 0.003 -16"><span class='ocrx_word' id='word_1_74' title='bbox 36 893 266 966; x_wconf 84' lang='lat' dir='ltr'><strong>Quamobrem</strong></span> <span class='ocrx_word' id='word_1_75' title='bbox 283 891 374 950; x_wconf 87' lang='lat' dir='ltr'><strong>vitum</strong></span> <span class='ocrx_word' id='word_1_76' title='bbox 390 905 494 962; x_wconf 88' lang='lat' dir='ltr'><strong>suam,</strong></span> <span class='ocrx_word' id='word_1_77' title='bbox 509 907 600 964; x_wconf 89' lang='lat' dir='ltr'><strong>quam</strong></span> <span class='ocrx_word' id='word_1_78' title='bbox 614 890 754 951; x_wconf 90' lang='lat' dir='ltr'><strong>maximis</strong></span> <span class='ocrx_word' id='word_1_79' title='bbox 767 891 912 966; x_wconf 86' lang='lat' dir='ltr'><strong>praemiis</strong></span> <span class='ocrx_word' id='word_1_80' title='bbox 927 896 1071 970; x_wconf 89' lang='lat' dir='ltr'><strong>proposi·</strong></span> 
     </span>
     <span class='ocr_line' id='line_1_10' title="bbox 34 971 1071 1049; baseline 0.003 -13"><span class='ocrx_word' id='word_1_81' title='bbox 34 983 96 1036; x_wconf 84' lang='lat' dir='ltr'><strong>tam</strong></span> <span class='ocrx_word' id='word_1_82' title='bbox 110 984 140 1036; x_wconf 88' lang='lat' dir='ltr'><strong>et</strong></span> <span class='ocrx_word' id='word_1_83' title='bbox 154 989 254 1049; x_wconf 88' lang='lat' dir='ltr'><strong>paene</strong></span> <span class='ocrx_word' id='word_1_84' title='bbox 270 971 422 1033; x_wconf 86' lang='lat' dir='ltr'><strong>addictam</strong></span> <span class='ocrx_word' id='word_1_85' title='bbox 436 972 567 1047; x_wconf 85' lang='lat' dir='ltr'><strong>sciebat,</strong></span> <span class='ocrx_word' id='word_1_86' title='bbox 587 989 753 1048; x_wconf 81' lang='lat' dir='ltr'><strong>numquam</strong></span> <span class='ocrx_word' id='word_1_87' title='bbox 773 974 804 1033; x_wconf 93' lang='lat' dir='ltr'><strong>in</strong></span> <span class='ocrx_word' id='word_1_88' title='bbox 821 976 990 1049; x_wconf 88' lang='lat' dir='ltr'><strong>perieulum</strong></span> <span class='ocrx_word' id='word_1_89' title='bbox 1003 978 1071 1039; x_wconf 88' lang='lat' dir='ltr'><strong>sine</strong></span> 
     </span>
     <span class='ocr_line' id='line_1_11' title="bbox 34 1053 1071 1133; baseline 0.005 -16"><span class='ocrx_word' id='word_1_90' title='bbox 34 1057 191 1132; x_wconf 90' lang='lat' dir='ltr'><strong>praesidio</strong></span> <span class='ocrx_word' id='word_1_91' title='bbox 214 1064 248 1117; x_wconf 90' lang='lat' dir='ltr'><strong>et</strong></span> <span class='ocrx_word' id='word_1_92' title='bbox 266 1054 335 1115; x_wconf 87' lang='lat' dir='ltr'><strong>sine</strong></span> <span class='ocrx_word' id='word_1_93' title='bbox 355 1053 494 1116; x_wconf 85' lang='lat' dir='ltr'><strong>custodia</strong></span> <span class='ocrx_word' id='word_1_94' title='bbox 515 1055 701 1130; x_wconf 78' lang='lat' dir='ltr'><strong>proiieiebat</strong></span> <span class='ocrx_word' id='word_1_95' title='bbox 749 1056 839 1117; x_wconf 85' lang='lat' dir='ltr'><strong>Adde</strong></span> <span class='ocrx_word' id='word_1_96' title='bbox 862 1062 970 1133; x_wconf 81' lang='lat' dir='ltr'><strong>casus,</strong></span> <span class='ocrx_word' id='word_1_97' title='bbox 990 1061 1071 1122; x_wconf 87' lang='lat' dir='ltr'><strong>adde</strong></span> 
     </span>
     <span class='ocr_line' id='line_1_12' title="bbox 34 1137 1071 1219; baseline 0.004 -19"><span class='ocrx_word' id='word_1_98' title='bbox 34 1141 170 1200; x_wconf 82' lang='lat' dir='ltr'><strong>incertos</strong></span> <span class='ocrx_word' id='word_1_99' title='bbox 188 1137 288 1199; x_wconf 89' lang='lat' dir='ltr'><strong>exitus</strong></span> <span class='ocrx_word' id='word_1_100' title='bbox 302 1153 472 1212; x_wconf 80' lang='lat' dir='ltr'><strong>pugnarum</strong></span> <span class='ocrx_word' id='word_1_101' title='bbox 486 1137 675 1214; x_wconf 86' lang='lat' dir='ltr'><strong>Martemque</strong></span> <span class='ocrx_word' id='word_1_102' title='bbox 690 1154 890 1215; x_wconf 76' lang='lat' dir='ltr'><strong>communem,</strong></span> <span class='ocrx_word' id='word_1_103' title='bbox 907 1141 959 1217; x_wconf 92' lang='lat' dir='ltr'><strong>qui</strong></span> <span class='ocrx_word' id='word_1_104' title='bbox 974 1158 1071 1219; x_wconf 80' lang='lat' dir='ltr'><strong>saepe</strong></span> 
     </span>
     <span class='ocr_line' id='line_1_13' title="bbox 35 1219 1069 1317; baseline -0.002 -35"><span class='ocrx_word' id='word_1_105' title='bbox 35 1221 219 1317; x_wconf 81' lang='lat' dir='ltr'><strong>spoliantem</strong></span> <span class='ocrx_word' id='word_1_106' title='bbox 235 1219 294 1281; x_wconf 89' lang='lat' dir='ltr'><strong>iam</strong></span> <span class='ocrx_word' id='word_1_107' title='bbox 309 1227 340 1281; x_wconf 90' lang='lat' dir='ltr'><strong>et</strong></span> <span class='ocrx_word' id='word_1_108' title='bbox 354 1221 557 1282; x_wconf 71' lang='lat' dir='ltr'><strong>exsultantem</strong></span> <span class='ocrx_word' id='word_1_109' title='bbox 572 1223 680 1283; x_wconf 87' lang='lat' dir='ltr'><strong>evertit</strong></span> <span class='ocrx_word' id='word_1_110' title='bbox 694 1230 725 1283; x_wconf 91' lang='lat' dir='ltr'><strong>et</strong></span> <span class='ocrx_word' id='word_1_111' title='bbox 737 1223 867 1297; x_wconf 86' lang='lat' dir='ltr'><strong>pereutit</strong></span> <span class='ocrx_word' id='word_1_112' title='bbox 881 1223 919 1283; x_wconf 86' lang='lat' dir='ltr'><strong>ab</strong></span> <span class='ocrx_word' id='word_1_113' title='bbox 934 1223 1069 1286; x_wconf 80' lang='lat' dir='ltr'><strong>abiecto=</strong></span> 
     </span>
    </p>
   </div>
   <div class='ocr_carea' id='block_1_3' title="bbox 29 1384 1072 3200">
    <p class='ocr_par' dir='ltr' id='par_1_3' title="bbox 29 1384 1072 3200">
     <span class='ocr_line' id='line_1_14' title="bbox 32 1384 1070 1462; baseline 0.004 -16"><span class='ocrx_word' id='word_1_114' title='bbox 32 1388 155 1447; x_wconf 90' lang='lat' dir='ltr'><strong>hostem</strong></span> <span class='ocrx_word' id='word_1_115' title='bbox 170 1384 367 1447; x_wconf 78' lang='lat' dir='ltr'><strong>interclusum</strong></span> <span class='ocrx_word' id='word_1_116' title='bbox 381 1385 572 1462; x_wconf 77' lang='lat' dir='ltr'><strong>reliquisset,</strong></span> <span class='ocrx_word' id='word_1_117' title='bbox 587 1385 662 1447; x_wconf 89' lang='lat' dir='ltr'><strong>nihil</strong></span> <span class='ocrx_word' id='word_1_118' title='bbox 678 1388 717 1448; x_wconf 91' lang='lat' dir='ltr'><strong>de</strong></span> <span class='ocrx_word' id='word_1_119' title='bbox 735 1386 801 1449; x_wconf 90' lang='lat' dir='ltr'><strong>eius</strong></span> <span class='ocrx_word' id='word_1_120' title='bbox 816 1388 960 1450; x_wconf 77' lang='lat' dir='ltr'><strong>extremis</strong></span> <span class='ocrx_word' id='word_1_121' title='bbox 977 1392 1070 1453; x_wconf 88' lang='lat' dir='ltr'><strong>eomi-</strong></span> 
     </span>
     <span class='ocr_line' id='line_1_15' title="bbox 33 1468 1069 1549; baseline 0.005 -20"><span class='ocrx_word' id='word_1_122' title='bbox 33 1471 116 1530; x_wconf 87' lang='lat' dir='ltr'><strong>tibus</strong></span> <span class='ocrx_word' id='word_1_123' title='bbox 130 1468 289 1543; x_wconf 82' lang='lat' dir='ltr'><strong>eogitavit,</strong></span> <span class='ocrx_word' id='word_1_124' title='bbox 304 1469 335 1529; x_wconf 92' lang='lat' dir='ltr'><strong>in</strong></span> <span class='ocrx_word' id='word_1_125' title='bbox 349 1485 429 1545; x_wconf 90' lang='lat' dir='ltr'><strong>quos</strong></span> <span class='ocrx_word' id='word_1_126' title='bbox 440 1468 585 1532; x_wconf 79' lang='lat' dir='ltr'><strong>incensos</strong></span> <span class='ocrx_word' id='word_1_127' title='bbox 599 1470 646 1531; x_wconf 85' lang='lat' dir='ltr'><strong>ire</strong></span> <span class='ocrx_word' id='word_1_128' title='bbox 656 1469 813 1547; x_wconf 80' lang='lat' dir='ltr'><strong>vitamque</strong></span> <span class='ocrx_word' id='word_1_129' title='bbox 827 1471 941 1533; x_wconf 88' lang='lat' dir='ltr'><strong>domini</strong></span> <span class='ocrx_word' id='word_1_130' title='bbox 957 1473 1069 1549; x_wconf 86' lang='lat' dir='ltr'><strong>despe-</strong></span> 
     </span>
     <span class='ocr_line' id='line_1_16' title="bbox 31 1551 1069 1630; baseline 0.003 -18"><span class='ocrx_word' id='word_1_131' title='bbox 31 1560 136 1612; x_wconf 80' lang='lat' dir='ltr'><strong>rantes</strong></span> <span class='ocrx_word' id='word_1_132' title='bbox 156 1569 248 1627; x_wconf 91' lang='lat' dir='ltr'><strong>quum</strong></span> <span class='ocrx_word' id='word_1_133' title='bbox 264 1551 432 1627; x_wconf 81' lang='lat' dir='ltr'><strong>incidisset,</strong></span> <span class='ocrx_word' id='word_1_134' title='bbox 446 1552 546 1614; x_wconf 78' lang='lat' dir='ltr'><strong>haesit</strong></span> <span class='ocrx_word' id='word_1_135' title='bbox 556 1553 588 1613; x_wconf 89' lang='lat' dir='ltr'><strong>in</strong></span> <span class='ocrx_word' id='word_1_136' title='bbox 601 1551 640 1614; x_wconf 87' lang='lat' dir='ltr'><strong>iis</strong></span> <span class='ocrx_word' id='word_1_137' title='bbox 654 1556 774 1628; x_wconf 84' lang='lat' dir='ltr'><strong>poenis,</strong></span> <span class='ocrx_word' id='word_1_138' title='bbox 791 1571 869 1630; x_wconf 92' lang='lat' dir='ltr'><strong>quas</strong></span> <span class='ocrx_word' id='word_1_139' title='bbox 883 1557 971 1617; x_wconf 86' lang='lat' dir='ltr'><strong>abeo</strong></span> <span class='ocrx_word' id='word_1_140' title='bbox 986 1553 1069 1617; x_wconf 84' lang='lat' dir='ltr'><strong>servi</strong></span> 
     </span>
     <span class='ocr_line' id='line_1_17' title="bbox 32 1633 1070 1710; baseline 0.003 -15"><span class='ocrx_word' id='word_1_141' title='bbox 32 1636 143 1695; x_wconf 86' lang='lat' dir='ltr'><strong>fideles</strong></span> <span class='ocrx_word' id='word_1_142' title='bbox 159 1652 216 1710; x_wconf 83' lang='lat' dir='ltr'><strong>pro</strong></span> <span class='ocrx_word' id='word_1_143' title='bbox 228 1634 344 1696; x_wconf 90' lang='lat' dir='ltr'><strong>domini</strong></span> <span class='ocrx_word' id='word_1_144' title='bbox 356 1635 419 1695; x_wconf 86' lang='lat' dir='ltr'><strong>vita</strong></span> <span class='ocrx_word' id='word_1_145' title='bbox 434 1635 664 1709; x_wconf 50' lang='lat' dir='ltr'><strong>expetiverunt,</strong></span> <span class='ocrx_word' id='word_1_146' title='bbox 676 1633 728 1698; x_wconf 79' lang='lat'><strong>57.</strong></span> <span class='ocrx_word' id='word_1_147' title='bbox 738 1637 800 1695; x_wconf 76' lang='lat' dir='ltr'><strong>Gur</strong></span> <span class='ocrx_word' id='word_1_148' title='bbox 812 1636 902 1710; x_wconf 80' lang='lat' dir='ltr'><strong>igitur</strong></span> <span class='ocrx_word' id='word_1_149' title='bbox 911 1653 968 1698; x_wconf 89' lang='lat' dir='ltr'><strong>eos</strong></span> <span class='ocrx_word' id='word_1_150' title='bbox 977 1655 1070 1698; x_wconf 88' lang='lat' dir='ltr'><strong>manu</strong></span> 
     </span>
     <span class='ocr_line' id='line_1_18' title="bbox 31 1716 1069 1792; baseline 0.004 -15"><span class='ocrx_word' id='word_1_151' title='bbox 31 1717 136 1778; x_wconf 79' lang='lat' dir='ltr'><strong>misitt</strong></span> <span class='ocrx_word' id='word_1_152' title='bbox 157 1717 312 1778; x_wconf 80' lang='lat' dir='ltr'><strong>Metuebat</strong></span> <span class='ocrx_word' id='word_1_153' title='bbox 328 1716 499 1777; x_wconf 78' lang='lat' dir='ltr'><strong>scilicetne</strong></span> <span class='ocrx_word' id='word_1_154' title='bbox 514 1716 697 1790; x_wconf 78' lang='lat' dir='ltr'><strong>indicarent,</strong></span> <span class='ocrx_word' id='word_1_155' title='bbox 719 1732 760 1775; x_wconf 91' lang='lat' dir='ltr'><strong>ne</strong></span> <span class='ocrx_word' id='word_1_156' title='bbox 780 1718 917 1778; x_wconf 89' lang='lat' dir='ltr'><strong>dolorem</strong></span> <span class='ocrx_word' id='word_1_157' title='bbox 932 1721 1069 1792; x_wconf 76' lang='lat' dir='ltr'><strong>perferre</strong></span> 
     </span>
     <span class='ocr_line' id='line_1_19' title="bbox 31 1796 1069 1874; baseline 0.001 -15"><span class='ocrx_word' id='word_1_158' title='bbox 31 1817 96 1860; x_wconf 89' lang='lat' dir='ltr'><strong>non</strong></span> <span class='ocrx_word' id='word_1_159' title='bbox 112 1808 256 1874; x_wconf 84' lang='lat' dir='ltr'><strong>possent,</strong></span> <span class='ocrx_word' id='word_1_160' title='bbox 276 1815 315 1858; x_wconf 90' lang='lat' dir='ltr'><strong>ne</strong></span> <span class='ocrx_word' id='word_1_161' title='bbox 330 1799 487 1858; x_wconf 84' lang='lat' dir='ltr'><strong>tormentis</strong></span> <span class='ocrx_word' id='word_1_162' title='bbox 504 1805 684 1871; x_wconf 82' lang='lat' dir='ltr'><strong>cogerentur</strong></span> <span class='ocrx_word' id='word_1_163' title='bbox 698 1796 836 1859; x_wconf 79' lang='lat' dir='ltr'><strong>occisum</strong></span> <span class='ocrx_word' id='word_1_164' title='bbox 850 1814 922 1859; x_wconf 89' lang='lat' dir='ltr'><strong>esse</strong></span> <span class='ocrx_word' id='word_1_165' title='bbox 936 1816 955 1859; x_wconf 89' lang='lat' dir='ltr'><strong>a</strong></span> <span class='ocrx_word' id='word_1_166' title='bbox 968 1802 1069 1862; x_wconf 86' lang='lat' dir='ltr'><strong>servis</strong></span> 
     </span>
     <span class='ocr_line' id='line_1_20' title="bbox 29 1878 1070 1955; baseline 0.002 -13"><span class='ocrx_word' id='word_1_167' title='bbox 29 1881 156 1943; x_wconf 84' lang='lat' dir='ltr'><strong>Milonis</strong></span> <span class='ocrx_word' id='word_1_168' title='bbox 176 1882 207 1955; x_wconf 80' lang='lat' dir='ltr'><strong>in</strong></span> <span class='ocrx_word' id='word_1_169' title='bbox 224 1879 329 1954; x_wconf 81' lang='lat' dir='ltr'><strong>Appia</strong></span> <span class='ocrx_word' id='word_1_170' title='bbox 349 1878 399 1939; x_wconf 83' lang='lat' dir='ltr'><strong>via</strong></span> <span class='ocrx_word' id='word_1_171' title='bbox 417 1879 449 1937; x_wconf 87' lang='lat' dir='ltr'><strong>P.</strong></span> <span class='ocrx_word' id='word_1_172' title='bbox 472 1879 609 1941; x_wconf 81' lang='lat' dir='ltr'><strong>clodimn</strong></span> <span class='ocrx_word' id='word_1_173' title='bbox 630 1879 778 1940; x_wconf 83' lang='lat' dir='ltr'><strong>confiteri.</strong></span> <span class='ocrx_word' id='word_1_174' title='bbox 823 1879 901 1954; x_wconf 80' lang='lat' dir='ltr'><strong>Quid</strong></span> <span class='ocrx_word' id='word_1_175' title='bbox 922 1897 1003 1955; x_wconf 86' lang='lat' dir='ltr'><strong>opus</strong></span> <span class='ocrx_word' id='word_1_176' title='bbox 1021 1893 1070 1944; x_wconf 83' lang='lat' dir='ltr'><strong>eal</strong></span> 
     </span>
     <span class='ocr_line' id='line_1_21' title="bbox 30 1960 1070 2038; baseline -0.003 -11"><span class='ocrx_word' id='word_1_177' title='bbox 30 1970 170 2027; x_wconf 78' lang='lat' dir='ltr'><strong>tonaret</strong></span> <span class='ocrx_word' id='word_1_178' title='bbox 191 1961 265 2038; x_wconf 91' lang='lat' dir='ltr'><strong>quid</strong></span> <span class='ocrx_word' id='word_1_179' title='bbox 290 1960 434 2036; x_wconf 84' lang='lat' dir='ltr'><strong>quaerist</strong></span> <span class='ocrx_word' id='word_1_180' title='bbox 458 1960 670 2023; x_wconf 70' lang='lat' dir='ltr'><strong>occideritne?</strong></span> <span class='ocrx_word' id='word_1_181' title='bbox 689 1960 811 2027; x_wconf 84' lang='lat' dir='ltr'><strong>oceidit.</strong></span> <span class='ocrx_word' id='word_1_182' title='bbox 854 1963 922 2022; x_wconf 87' lang='lat' dir='ltr'><strong>lure</strong></span> <span class='ocrx_word' id='word_1_183' title='bbox 940 1978 978 2022; x_wconf 90' lang='lat' dir='ltr'><strong>an</strong></span> <span class='ocrx_word' id='word_1_184' title='bbox 992 1962 1070 2025; x_wconf 88' lang='lat' dir='ltr'><strong>inin-</strong></span> 
     </span>
     <span class='ocr_line' id='line_1_22' title="bbox 29 2043 1070 2120; baseline 0 -13"><span class='ocrx_word' id='word_1_185' title='bbox 29 2048 106 2108; x_wconf 72' lang='lat' dir='ltr'><strong>rial</strong></span> <span class='ocrx_word' id='word_1_186' title='bbox 120 2044 194 2106; x_wconf 91' lang='lat' dir='ltr'><strong>nihil</strong></span> <span class='ocrx_word' id='word_1_187' title='bbox 208 2046 248 2105; x_wconf 85' lang='lat' dir='ltr'><strong>ed</strong></span> <span class='ocrx_word' id='word_1_188' title='bbox 265 2052 425 2105; x_wconf 71' lang='lat' dir='ltr'><strong>tortorem:</strong></span> <span class='ocrx_word' id='word_1_189' title='bbox 442 2044 513 2106; x_wconf 82' lang='lat' dir='ltr'><strong>laeti</strong></span> <span class='ocrx_word' id='word_1_190' title='bbox 529 2043 654 2106; x_wconf 87' lang='lat' dir='ltr'><strong>enimin</strong></span> <span class='ocrx_word' id='word_1_191' title='bbox 669 2044 776 2105; x_wconf 89' lang='lat' dir='ltr'><strong>eeuleo</strong></span> <span class='ocrx_word' id='word_1_192' title='bbox 792 2045 931 2120; x_wconf 85' lang='lat' dir='ltr'><strong>quaestio</strong></span> <span class='ocrx_word' id='word_1_193' title='bbox 948 2052 1010 2120; x_wconf 87' lang='lat' dir='ltr'><strong>est,</strong></span> <span class='ocrx_word' id='word_1_194' title='bbox 1024 2047 1070 2107; x_wconf 93' lang='lat' dir='ltr'><strong>iu·</strong></span> 
     </span>
     <span class='ocr_line' id='line_1_23' title="bbox 29 2126 1069 2203; baseline -0.001 -12"><span class='ocrx_word' id='word_1_195' title='bbox 29 2130 76 2191; x_wconf 87' lang='lat' dir='ltr'><strong>ris</strong></span> <span class='ocrx_word' id='word_1_196' title='bbox 91 2129 122 2188; x_wconf 92' lang='lat' dir='ltr'><strong>in</strong></span> <span class='ocrx_word' id='word_1_197' title='bbox 137 2127 262 2189; x_wconf 82' lang='lat' dir='ltr'><strong>indicio.</strong></span> <span class='ocrx_word' id='word_1_198' title='bbox 304 2127 397 2187; x_wconf 84' lang='lat' dir='ltr'><strong>XXII.</strong></span> <span class='ocrx_word' id='word_1_199' title='bbox 417 2126 506 2200; x_wconf 82' lang='lat' dir='ltr'><strong>Quod</strong></span> <span class='ocrx_word' id='word_1_200' title='bbox 524 2127 616 2202; x_wconf 76' lang='lat' dir='ltr'><strong>igitur</strong></span> <span class='ocrx_word' id='word_1_201' title='bbox 630 2127 662 2188; x_wconf 93' lang='lat' dir='ltr'><strong>in</strong></span> <span class='ocrx_word' id='word_1_202' title='bbox 676 2143 772 2188; x_wconf 86' lang='lat' dir='ltr'><strong>eausa</strong></span> <span class='ocrx_word' id='word_1_203' title='bbox 786 2128 995 2203; x_wconf 88' lang='lat' dir='ltr'><strong>quaerendum</strong></span> <span class='ocrx_word' id='word_1_204' title='bbox 1010 2138 1069 2203; x_wconf 85' lang='lat' dir='ltr'><strong>est,</strong></span> 
     </span>
     <span class='ocr_line' id='line_1_24' title="bbox 29 2208 1070 2286; baseline -0.001 -13"><span class='ocrx_word' id='word_1_205' title='bbox 29 2215 214 2286; x_wconf 79' lang='lat' dir='ltr'><strong>iungamus</strong></span> <span class='ocrx_word' id='word_1_206' title='bbox 243 2211 308 2271; x_wconf 80' lang='lat' dir='ltr'><strong>hie:</strong></span> <span class='ocrx_word' id='word_1_207' title='bbox 337 2210 421 2284; x_wconf 90' lang='lat' dir='ltr'><strong>quod</strong></span> <span class='ocrx_word' id='word_1_208' title='bbox 447 2211 605 2273; x_wconf 90' lang='lat' dir='ltr'><strong>tormentis</strong></span> <span class='ocrx_word' id='word_1_209' title='bbox 629 2210 851 2284; x_wconf 82' lang='lat' dir='ltr'><strong>invenireris,</strong></span> <span class='ocrx_word' id='word_1_210' title='bbox 879 2208 912 2270; x_wconf 81' lang='lat' dir='ltr'><strong>id</strong></span> <span class='ocrx_word' id='word_1_211' title='bbox 931 2211 1070 2273; x_wconf 84' lang='lat' dir='ltr'><strong>latemur.</strong></span> 
     </span>
     <span class='ocr_line' id='line_1_25' title="bbox 29 2291 1070 2370; baseline -0.003 -13"><span class='ocrx_word' id='word_1_212' title='bbox 29 2297 127 2357; x_wconf 89' lang='lat' dir='ltr'><strong>Manu</strong></span> <span class='ocrx_word' id='word_1_213' title='bbox 146 2310 221 2355; x_wconf 80' lang='lat' dir='ltr'><strong>vero</strong></span> <span class='ocrx_word' id='word_1_214' title='bbox 243 2308 299 2354; x_wconf 88' lang='lat' dir='ltr'><strong>eur</strong></span> <span class='ocrx_word' id='word_1_215' title='bbox 312 2291 442 2365; x_wconf 86' lang='lat' dir='ltr'><strong>miserit,</strong></span> <span class='ocrx_word' id='word_1_216' title='bbox 466 2292 493 2353; x_wconf 87' lang='lat' dir='ltr'><strong>si</strong></span> <span class='ocrx_word' id='word_1_217' title='bbox 514 2294 546 2353; x_wconf 90' lang='lat' dir='ltr'><strong>id</strong></span> <span class='ocrx_word' id='word_1_218' title='bbox 559 2294 664 2370; x_wconf 90' lang='lat' dir='ltr'><strong>potius</strong></span> <span class='ocrx_word' id='word_1_219' title='bbox 679 2292 817 2369; x_wconf 89' lang='lat' dir='ltr'><strong>quaeris,</strong></span> <span class='ocrx_word' id='word_1_220' title='bbox 838 2308 929 2368; x_wconf 89' lang='lat' dir='ltr'><strong>quam</strong></span> <span class='ocrx_word' id='word_1_221' title='bbox 944 2308 1000 2354; x_wconf 87' lang='lat' dir='ltr'><strong>eur</strong></span> <span class='ocrx_word' id='word_1_222' title='bbox 1015 2310 1070 2370; x_wconf 82' lang='lat' dir='ltr'><strong>pa·</strong></span> 
     </span>
     <span class='ocr_line' id='line_1_26' title="bbox 30 2374 1069 2452; baseline -0.003 -12"><span class='ocrx_word' id='word_1_223' title='bbox 30 2396 102 2440; x_wconf 91' lang='lat' dir='ltr'><strong>rum</strong></span> <span class='ocrx_word' id='word_1_224' title='bbox 119 2375 230 2452; x_wconf 84' lang='lat' dir='ltr'><strong>amplis</strong></span> <span class='ocrx_word' id='word_1_225' title='bbox 247 2374 395 2437; x_wconf 82' lang='lat' dir='ltr'><strong>adiecerit</strong></span> <span class='ocrx_word' id='word_1_226' title='bbox 407 2375 566 2450; x_wconf 83' lang='lat' dir='ltr'><strong>praemiis,</strong></span> <span class='ocrx_word' id='word_1_227' title='bbox 587 2375 691 2437; x_wconf 87' lang='lat' dir='ltr'><strong>neseis</strong></span> <span class='ocrx_word' id='word_1_228' title='bbox 710 2375 824 2436; x_wconf 80' lang='lat' dir='ltr'><strong>inimici</strong></span> <span class='ocrx_word' id='word_1_229' title='bbox 840 2377 950 2438; x_wconf 88' lang='lat' dir='ltr'><strong>laetum</strong></span> <span class='ocrx_word' id='word_1_230' title='bbox 963 2392 1069 2452; x_wconf 87' lang='lat' dir='ltr'><strong>repre-</strong></span> 
     </span>
     <span class='ocr_line' id='line_1_27' title="bbox 30 2456 1070 2534; baseline -0.006 -11"><span class='ocrx_word' id='word_1_231' title='bbox 30 2462 178 2523; x_wconf 89' lang='lat' dir='ltr'><strong>hendere.</strong></span> <span class='ocrx_word' id='word_1_232' title='bbox 221 2456 274 2521; x_wconf 82' lang='lat'><strong>⁵8.</strong></span> <span class='ocrx_word' id='word_1_233' title='bbox 292 2457 377 2518; x_wconf 86' lang='lat' dir='ltr'><strong>Dixit</strong></span> <span class='ocrx_word' id='word_1_234' title='bbox 395 2460 476 2518; x_wconf 88' lang='lat' dir='ltr'><strong>enim</strong></span> <span class='ocrx_word' id='word_1_235' title='bbox 497 2459 547 2518; x_wconf 88' lang='lat' dir='ltr'><strong>hie</strong></span> <span class='ocrx_word' id='word_1_236' title='bbox 560 2457 656 2532; x_wconf 90' lang='lat' dir='ltr'><strong>idern,</strong></span> <span class='ocrx_word' id='word_1_237' title='bbox 676 2457 729 2534; x_wconf 89' lang='lat' dir='ltr'><strong>qui</strong></span> <span class='ocrx_word' id='word_1_238' title='bbox 743 2459 845 2519; x_wconf 78' lang='lat' dir='ltr'><strong>omnia</strong></span> <span class='ocrx_word' id='word_1_239' title='bbox 858 2474 980 2534; x_wconf 87' lang='lat' dir='ltr'><strong>semper</strong></span> <span class='ocrx_word' id='word_1_240' title='bbox 996 2474 1070 2520; x_wconf 89' lang='lat' dir='ltr'><strong>eon·</strong></span> 
     </span>
     <span class='ocr_line' id='line_1_28' title="bbox 31 2540 1069 2615; baseline -0.006 -8"><span class='ocrx_word' id='word_1_241' title='bbox 31 2553 150 2607; x_wconf 86' lang='lat' dir='ltr'><strong>stanter</strong></span> <span class='ocrx_word' id='word_1_242' title='bbox 164 2551 194 2604; x_wconf 89' lang='lat' dir='ltr'><strong>et</strong></span> <span class='ocrx_word' id='word_1_243' title='bbox 208 2541 339 2615; x_wconf 78' lang='lat' dir='ltr'><strong>fortiter,</strong></span> <span class='ocrx_word' id='word_1_244' title='bbox 360 2541 401 2600; x_wconf 90' lang='grc' dir='ltr'><strong>Μ.</strong></span> <span class='ocrx_word' id='word_1_245' title='bbox 424 2541 512 2613; x_wconf 80' lang='lat' dir='ltr'><strong>Cato,</strong></span> <span class='ocrx_word' id='word_1_246' title='bbox 535 2548 566 2601; x_wconf 90' lang='lat' dir='ltr'><strong>et</strong></span> <span class='ocrx_word' id='word_1_247' title='bbox 579 2541 655 2602; x_wconf 83' lang='lat' dir='ltr'><strong>dixit</strong></span> <span class='ocrx_word' id='word_1_248' title='bbox 674 2541 705 2601; x_wconf 90' lang='lat' dir='ltr'><strong>in</strong></span> <span class='ocrx_word' id='word_1_249' title='bbox 722 2543 895 2603; x_wconf 84' lang='lat' dir='ltr'><strong>turbulenta</strong></span> <span class='ocrx_word' id='word_1_250' title='bbox 916 2540 1069 2613; x_wconf 70' lang='lat' dir='ltr'><strong>sunnone,</strong></span> 
     </span>
     <span class='ocr_line' id='line_1_29' title="bbox 32 2623 1070 2704; baseline -0.005 -16"><span class='ocrx_word' id='word_1_251' title='bbox 32 2644 115 2704; x_wconf 86' lang='lat' dir='ltr'><strong>quae</strong></span> <span class='ocrx_word' id='word_1_252' title='bbox 128 2634 230 2687; x_wconf 88' lang='lat' dir='ltr'><strong>tamen</strong></span> <span class='ocrx_word' id='word_1_253' title='bbox 246 2626 339 2685; x_wconf 89' lang='lat' dir='ltr'><strong>huius</strong></span> <span class='ocrx_word' id='word_1_254' title='bbox 354 2623 534 2687; x_wconf 83' lang='lat' dir='ltr'><strong>auctoritate</strong></span> <span class='ocrx_word' id='word_1_255' title='bbox 554 2626 675 2698; x_wconf 84' lang='lat' dir='ltr'><strong>plaeeta</strong></span> <span class='ocrx_word' id='word_1_256' title='bbox 693 2632 755 2697; x_wconf 90' lang='lat' dir='ltr'><strong>est,</strong></span> <span class='ocrx_word' id='word_1_257' title='bbox 777 2640 839 2683; x_wconf 89' lang='lat' dir='ltr'><strong>non</strong></span> <span class='ocrx_word' id='word_1_258' title='bbox 861 2624 999 2683; x_wconf 89' lang='lat' dir='ltr'><strong>libertate</strong></span> <span class='ocrx_word' id='word_1_259' title='bbox 1018 2632 1070 2683; x_wconf 87' lang='lat' dir='ltr'><strong>stt-</strong></span> 
     </span>
     <span class='ocr_line' id='line_1_30' title="bbox 30 2704 1070 2783; baseline -0.007 -11"><span class='ocrx_word' id='word_1_260' title='bbox 30 2714 106 2781; x_wconf 90' lang='lat' dir='ltr'><strong>lum,</strong></span> <span class='ocrx_word' id='word_1_261' title='bbox 122 2710 178 2769; x_wconf 87' lang='lat' dir='ltr'><strong>sed</strong></span> <span class='ocrx_word' id='word_1_262' title='bbox 193 2709 283 2770; x_wconf 85' lang='lat' dir='ltr'><strong>etiam</strong></span> <span class='ocrx_word' id='word_1_263' title='bbox 295 2707 437 2769; x_wconf 86' lang='lat' dir='ltr'><strong>omnibus</strong></span> <span class='ocrx_word' id='word_1_264' title='bbox 451 2706 595 2783; x_wconf 79' lang='lat' dir='ltr'><strong>praemiis</strong></span> <span class='ocrx_word' id='word_1_265' title='bbox 612 2706 809 2781; x_wconf 75' lang='lat' dir='ltr'><strong>dignissimos</strong></span> <span class='ocrx_word' id='word_1_266' title='bbox 824 2704 931 2777; x_wconf 81' lang='lat' dir='ltr'><strong>luisse,</strong></span> <span class='ocrx_word' id='word_1_267' title='bbox 948 2706 1001 2780; x_wconf 91' lang='lat' dir='ltr'><strong>qui</strong></span> <span class='ocrx_word' id='word_1_268' title='bbox 1015 2705 1070 2765; x_wconf 73' lang='lat' dir='ltr'><strong>do</strong></span> 
     </span>
     <span class='ocr_line' id='line_1_31' title="bbox 31 2785 1070 2868; baseline -0.009 -13"><span class='ocrx_word' id='word_1_269' title='bbox 31 2793 108 2855; x_wconf 90' lang='lat' dir='ltr'><strong>mini</strong></span> <span class='ocrx_word' id='word_1_270' title='bbox 123 2800 216 2868; x_wconf 80' lang='lat' dir='ltr'><strong>eaput</strong></span> <span class='ocrx_word' id='word_1_271' title='bbox 225 2790 446 2853; x_wconf 76' lang='lat' dir='ltr'><strong>defendissent</strong></span> <span class='ocrx_word' id='word_1_272' title='bbox 464 2789 552 2863; x_wconf 80' lang='lat' dir='ltr'><strong>Quod</strong></span> <span class='ocrx_word' id='word_1_273' title='bbox 564 2787 644 2849; x_wconf 89' lang='lat' dir='ltr'><strong>enim</strong></span> <span class='ocrx_word' id='word_1_274' title='bbox 658 2790 826 2864; x_wconf 88' lang='lat' dir='ltr'><strong>praemium</strong></span> <span class='ocrx_word' id='word_1_275' title='bbox 841 2785 917 2848; x_wconf 89' lang='lat' dir='ltr'><strong>satis</strong></span> <span class='ocrx_word' id='word_1_276' title='bbox 928 2802 1070 2862; x_wconf 74' lang='lat' dir='ltr'><strong>magnum</strong></span> 
     </span>
     <span class='ocr_line' id='line_1_32' title="bbox 31 2868 1072 2947; baseline -0.008 -10"><span class='ocrx_word' id='word_1_277' title='bbox 31 2883 84 2938; x_wconf 88' lang='lat' dir='ltr'><strong>est</strong></span> <span class='ocrx_word' id='word_1_278' title='bbox 107 2882 167 2934; x_wconf 89' lang='lat' dir='ltr'><strong>tam</strong></span> <span class='ocrx_word' id='word_1_279' title='bbox 184 2875 359 2947; x_wconf 86' lang='lat' dir='ltr'><strong>benevolis,</strong></span> <span class='ocrx_word' id='word_1_280' title='bbox 375 2882 436 2935; x_wconf 87' lang='lat' dir='ltr'><strong>tarn</strong></span> <span class='ocrx_word' id='word_1_281' title='bbox 449 2870 556 2947; x_wconf 91' lang='lat' dir='ltr'><strong>bonis,</strong></span> <span class='ocrx_word' id='word_1_282' title='bbox 571 2880 633 2933; x_wconf 88' lang='lat' dir='ltr'><strong>tam</strong></span> <span class='ocrx_word' id='word_1_283' title='bbox 649 2872 792 2933; x_wconf 82' lang='lat' dir='ltr'><strong>fidelibus</strong></span> <span class='ocrx_word' id='word_1_284' title='bbox 808 2868 923 2943; x_wconf 88' lang='lat' dir='ltr'><strong>servis,</strong></span> <span class='ocrx_word' id='word_1_285' title='bbox 945 2878 1072 2945; x_wconf 85' lang='lat' dir='ltr'><strong>propter</strong></span> 
     </span>
     <span class='ocr_line' id='line_1_33' title="bbox 33 2953 1071 3034; baseline -0.007 -16"><span class='ocrx_word' id='word_1_286' title='bbox 33 2973 117 3034; x_wconf 90' lang='lat' dir='ltr'><strong>quos</strong></span> <span class='ocrx_word' id='word_1_287' title='bbox 129 2956 225 3019; x_wconf 84' lang='lat' dir='ltr'><strong>vivitl</strong></span> <span class='ocrx_word' id='word_1_288' title='bbox 240 2959 306 3020; x_wconf 80' lang='lat' dir='ltr'><strong>Etsi</strong></span> <span class='ocrx_word' id='word_1_289' title='bbox 317 2957 349 3018; x_wconf 92' lang='lat' dir='ltr'><strong>id</strong></span> <span class='ocrx_word' id='word_1_290' title='bbox 364 2958 486 3031; x_wconf 85' lang='lat' dir='ltr'><strong>quidem</strong></span> <span class='ocrx_word' id='word_1_291' title='bbox 501 2971 563 3016; x_wconf 89' lang='lat' dir='ltr'><strong>non</strong></span> <span class='ocrx_word' id='word_1_292' title='bbox 577 2953 652 3017; x_wconf 86' lang='lat' dir='ltr'><strong>tanti</strong></span> <span class='ocrx_word' id='word_1_293' title='bbox 667 2964 724 3030; x_wconf 88' lang='lat' dir='ltr'><strong>est,</strong></span> <span class='ocrx_word' id='word_1_294' title='bbox 738 2970 831 3030; x_wconf 91' lang='lat' dir='ltr'><strong>quam</strong></span> <span class='ocrx_word' id='word_1_295' title='bbox 846 2953 930 3029; x_wconf 89' lang='lat' dir='ltr'><strong>quod</strong></span> <span class='ocrx_word' id='word_1_296' title='bbox 945 2959 1071 3028; x_wconf 85' lang='lat' dir='ltr'><strong>propter</strong></span> 
     </span>
     <span class='ocr_line' id='line_1_34' title="bbox 32 3033 1070 3116; baseline -0.01 -14"><span class='ocrx_word' id='word_1_297' title='bbox 32 3041 165 3102; x_wconf 87' lang='lat' dir='ltr'><strong>eosdem</strong></span> <span class='ocrx_word' id='word_1_298' title='bbox 175 3057 236 3101; x_wconf 92' lang='lat' dir='ltr'><strong>non</strong></span> <span class='ocrx_word' id='word_1_299' title='bbox 251 3041 401 3116; x_wconf 77' lang='lat' dir='ltr'><strong>sanguine</strong></span> <span class='ocrx_word' id='word_1_300' title='bbox 415 3049 447 3101; x_wconf 85' lang='lat' dir='ltr'><strong>et</strong></span> <span class='ocrx_word' id='word_1_301' title='bbox 462 3036 641 3100; x_wconf 85' lang='lat' dir='ltr'><strong>vulneribus</strong></span> <span class='ocrx_word' id='word_1_302' title='bbox 656 3037 721 3098; x_wconf 88' lang='lat' dir='ltr'><strong>suis</strong></span> <span class='ocrx_word' id='word_1_303' title='bbox 737 3033 966 3097; x_wconf 87' lang='lat' dir='ltr'><strong>erudelissimi</strong></span> <span class='ocrx_word' id='word_1_304' title='bbox 957 3033 1070 3094; x_wconf 89' lang='lat' dir='ltr'><strong>rnimiei</strong></span> 
     </span>
     <span class='ocr_line' id='line_1_35' title="bbox 30 3116 1069 3200; baseline -0.009 -14"><span class='ocrx_word' id='word_1_305' title='bbox 30 3133 166 3186; x_wconf 87' lang='lat' dir='ltr'><strong>mentem</strong></span> <span class='ocrx_word' id='word_1_306' title='bbox 184 3126 356 3200; x_wconf 80' lang='lat' dir='ltr'><strong>oculosque</strong></span> <span class='ocrx_word' id='word_1_307' title='bbox 377 3121 506 3185; x_wconf 88' lang='lat' dir='ltr'><strong>satiavit.</strong></span> <span class='ocrx_word' id='word_1_308' title='bbox 551 3122 635 3196; x_wconf 77' lang='lat' dir='ltr'><strong>Quos</strong></span> <span class='ocrx_word' id='word_1_309' title='bbox 655 3118 716 3180; x_wconf 91' lang='lat' dir='ltr'><strong>nisi</strong></span> <span class='ocrx_word' id='word_1_310' title='bbox 729 3136 818 3180; x_wconf 85' lang='lat' dir='ltr'><strong>manu</strong></span> <span class='ocrx_word' id='word_1_311' title='bbox 833 3116 987 3191; x_wconf 85' lang='lat' dir='ltr'><strong>misisset,</strong></span> <span class='ocrx_word' id='word_1_312' title='bbox 1007 3125 1069 3179; x_wconf 89' lang='lat' dir='ltr'><strong>tor-</strong></span> 
     </span>
    </p>
   </div>
   <div class='ocr_carea' id='block_1_4' title="bbox 30 3200 1164 3275">
    <p class='ocr_par' dir='ltr' id='par_1_4' title="bbox 30 3200 1164 3275">
     <span class='ocr_line' id='line_1_36' title="bbox 30 3200 1164 3275; baseline -0.012 -6"><span class='ocrx_word' id='word_1_313' title='bbox 30 3208 144 3269; x_wconf 89' lang='lat' dir='ltr'><strong>mentis</strong></span> <span class='ocrx_word' id='word_1_314' title='bbox 159 3208 250 3269; x_wconf 92' lang='lat' dir='ltr'><strong>etiam</strong></span> <span class='ocrx_word' id='word_1_315' title='bbox 266 3206 400 3269; x_wconf 86' lang='lat' dir='ltr'><strong>dedendi</strong></span> <span class='ocrx_word' id='word_1_316' title='bbox 414 3208 536 3268; x_wconf 83' lang='lat' dir='ltr'><strong>luerunt</strong></span> <span class='ocrx_word' id='word_1_317' title='bbox 554 3211 789 3266; x_wconf 77' lang='lat' dir='ltr'><strong>conservatores</strong></span> <span class='ocrx_word' id='word_1_318' title='bbox 804 3200 934 3275; x_wconf 89' lang='lat' dir='ltr'><strong>domini,</strong></span> <span class='ocrx_word' id='word_1_319' title='bbox 953 3202 1070 3263; x_wconf 89' lang='lat' dir='ltr'><strong>ultores</strong></span> <span class='ocrx_word' id='word_1_320' title='bbox 1161 3230 1164 3235; x_wconf 92' lang='lat'>-</span> 
     </span>
    </p>
   </div>
   <div class='ocr_carea' id='block_1_5' title="bbox 30 3279 1071 3451">
    <p class='ocr_par' dir='ltr' id='par_1_5' title="bbox 30 3279 1071 3451">
     <span class='ocr_line' id='line_1_37' title="bbox 30 3279 1071 3365; baseline -0.014 -12"><span class='ocrx_word' id='word_1_321' title='bbox 30 3290 170 3365; x_wconf 82' lang='lat' dir='ltr'><strong>sceleris,</strong></span> <span class='ocrx_word' id='word_1_322' title='bbox 187 3292 369 3351; x_wconf 78' lang='lat' dir='ltr'><strong>defensores</strong></span> <span class='ocrx_word' id='word_1_323' title='bbox 383 3289 479 3353; x_wconf 87' lang='lat' dir='ltr'><strong>neeis.</strong></span> <span class='ocrx_word' id='word_1_324' title='bbox 523 3289 579 3349; x_wconf 86' lang='lat' dir='ltr'><strong>Hie</strong></span> <span class='ocrx_word' id='word_1_325' title='bbox 593 3302 669 3347; x_wconf 89' lang='lat' dir='ltr'><strong>vero</strong></span> <span class='ocrx_word' id='word_1_326' title='bbox 682 3286 757 3346; x_wconf 88' lang='lat' dir='ltr'><strong>nihil</strong></span> <span class='ocrx_word' id='word_1_327' title='bbox 770 3283 884 3345; x_wconf 76' lang='lat' dir='ltr'><strong>habet·</strong></span> <span class='ocrx_word' id='word_1_328' title='bbox 873 3300 905 3345; x_wconf 90' lang='grc' dir='ltr'><strong>ιιι</strong></span> <span class='ocrx_word' id='word_1_329' title='bbox 921 3283 968 3344; x_wconf 86' lang='lat' dir='ltr'><strong>itis</strong></span> <span class='ocrx_word' id='word_1_330' title='bbox 982 3279 1071 3340; x_wconf 88' lang='lat' dir='ltr'><strong>malis</strong></span> 
     </span>
     <span class='ocr_line' id='line_1_38' title="bbox 32 3362 1071 3451; baseline -0.013 -17"><span class='ocrx_word' id='word_1_331' title='bbox 32 3374 120 3451; x_wconf 91' lang='lat' dir='ltr'><strong>quod</strong></span> <span class='ocrx_word' id='word_1_332' title='bbox 137 3375 239 3434; x_wconf 88' lang='lat' dir='ltr'><strong>minus</strong></span> <span class='ocrx_word' id='word_1_333' title='bbox 252 3375 382 3434; x_wconf 87' lang='lat' dir='ltr'><strong>moleste</strong></span> <span class='ocrx_word' id='word_1_334' title='bbox 396 3372 491 3446; x_wconf 82' lang='lat' dir='ltr'><strong>terat,</strong></span> <span class='ocrx_word' id='word_1_335' title='bbox 508 3386 615 3447; x_wconf 89' lang='lat' dir='ltr'><strong>quam,</strong></span> <span class='ocrx_word' id='word_1_336' title='bbox 632 3368 722 3431; x_wconf 88' lang='lat' dir='ltr'><strong>etiam</strong></span> <span class='ocrx_word' id='word_1_337' title='bbox 737 3368 763 3429; x_wconf 89' lang='lat' dir='ltr'><strong>si</strong></span> <span class='ocrx_word' id='word_1_338' title='bbox 778 3367 853 3443; x_wconf 88' lang='lat' dir='ltr'><strong>quid</strong></span> <span class='ocrx_word' id='word_1_339' title='bbox 866 3366 927 3443; x_wconf 82' lang='lat' dir='ltr'><strong>ipsi</strong></span> <span class='ocrx_word' id='word_1_340' title='bbox 941 3362 1071 3435; x_wconf 79' lang='lat' dir='ltr'><strong>aecidat,</strong></span> 
     </span>
    </p>
   </div>
   <div class='ocr_carea' id='block_1_6' title="bbox 0 0 1174 3788">
    <p class='ocr_par' dir='ltr' id='par_1_6' title="bbox 0 0 1174 3788">
     <span class='ocr_line' id='line_1_39' title="bbox 0 0 1174 3788; baseline 0 1"><span class='ocrx_word' id='word_1_341' title='bbox 0 0 1174 3788; x_wconf 95' lang='lat' dir='ltr'><strong> </strong></span> 
     </span>
    </p>
   </div>
  </div>
 </body>
</html>
