2340 3788
394 208 475 268 CAP.
493 229 518 267 r.
533 213 648 273 -Μ
673 215 770 269 3·-9.
827 252 830 256 -
1040 212 1102 279 301

67 351 275 421 accusationis
292 356 501 435 condicionem
517 375 647 434 sequar,
671 367 722 419 aut
747 357 860 433 optime
884 362 923 420 de
937 379 985 422 me
1002 361 1100 425 meriti

69 445 154 504 salus
171 442 342 502 deserenda
355 449 413 502 cst.
515 480 519 501 .

131 527 182 584 lll.
199 526 261 587 Sed
275 541 343 601 ego,
357 525 547 599 Laterensis,
562 541 687 585 caecum
703 539 751 583 me
769 533 799 585 et
813 526 1011 601 praecipitem
1029 530 1101 591 ferri

67 611 217 670 confitear
230 609 260 669 in
276 625 383 681 causa,
403 609 430 668 si
451 617 481 669 te
502 617 555 669 aut
567 625 586 668 a
599 607 721 668 Plancio
742 616 794 669 aut
814 608 852 667 ab
874 610 934 670 ullo
957 610 1100 685 dignitate

66 693 208 768 potuisse
233 692 372 769 superari
393 692 511 753 dixero.
555 694 660 767 ltaque
681 693 838 751 discedam
858 692 896 751 ab
917 709 954 753 ea
978 703 1100 754 conten-

66 778 160 850 tione,
174 778 214 837 ad
232 794 323 853 quam
334 784 367 837 tu
383 793 432 836 me
445 792 547 849 vocas,
563 783 593 835 et
606 776 726 855 veniam
741 776 781 835 ad
791 774 881 849 illam,
897 776 935 835 ad
951 793 1041 852 quam
1052 795 1101 839 me

67 877 163 921 causa
176 861 244 936 ipsa
250 857 430 925 deducit.'7.
438 859 525 933 Quid,
541 867 612 919 tune
623 874 724 918 acrem
734 858 887 933 dignitatis
901 859 1032 920 iudicem
1045 878 1102 936 pr.-

65 953 115 1005 tas
130 961 202 1005 esse
219 947 390 1020 populum?
400 943 544 1004 Fortasse
560 959 621 1002 non
639 959 803 1017 numquam
815 951 870 1003 est.
890 943 1010 1004 Utinam
1025 960 1100 1005 vero

67 1044 189 1103 semper
204 1036 301 1088 esset!
319 1026 381 1086 Sed
392 1034 440 1086 est
451 1042 585 1101 perraro,
600 1034 630 1087 et
645 1026 670 1085 si
686 1026 808 1100 quando
827 1033 888 1100 est,
903 1026 932 1085 in
954 1026 991 1086 iis
1008 1026 1099 1102 magi-

67 1111 212 1171 stratibus
228 1118 276 1170 est
289 1109 484 1181 mandandis,
507 1108 617 1184 quibus
640 1110 768 1171 salutem
784 1126 872 1170 suam
887 1110 1028 1171 committi
1043 1128 1100 1186 pu·

64 1202 123 1254 tat=
145 1193 193 1252 his
215 1192 380 1254 levioribus
397 1191 527 1254 comitiis
547 1192 700 1267 diligentia
713 1203 743 1254 et
760 1194 856 1268 gnatia
869 1193 1031 1269 petitorum
1045 1195 1100 1255 ho-

42 1293 125 1336 nos
143 1274 272 1351 paritur,
295 1292 356 1336 non
375 1275 414 1337 iis
434 1277 630 1348 ornamentis,
653 1293 733 1353 quac
755 1293 825 1337 esse
848 1276 879 1336 in
899 1287 929 1339 te
950 1278 1099 1340 videmus.

64 1361 142 1418 Nam
163 1361 245 1434 quod
265 1361 305 1420 ad
326 1361 472 1436 populum
492 1361 636 1436 pertinet,
661 1377 782 1436 semper
803 1361 956 1437 dignitatis
976 1361 1100 1438 iniquus

65 1443 160 1502 iudex
176 1451 223 1504 est
244 1443 295 1518 qui
312 1452 365 1506 aut
380 1444 496 1505 invidet
510 1453 562 1506 aut
576 1446 671 1505 lavet:
695 1461 878 1521 quamquam
909 1446 981 1506 nihil
1008 1454 1097 1521 potes

64 1526 155 1599 inte,
171 1526 361 1602 Laterensis,
377 1530 562 1592 constituere
587 1529 670 1603 quod
685 1528 725 1589 sit
738 1530 895 1605 proprium
912 1530 1012 1590 laudis
1027 1539 1098 1592 luae

65 1608 186 1684 quinio
207 1611 261 1671 tibi
283 1613 323 1673 sit
345 1628 505 1674 commune
527 1627 595 1671 cum
616 1611 749 1670 Plancio.
792 1612 821 1674 8.
844 1613 906 1672 Sed
930 1613 989 1673 hoc
1004 1621 1100 1675 totum

64 1701 172 1767 agetur
189 1695 249 1755 alio
267 1697 353 1756 loco:
369 1712 450 1757 nunc
466 1701 581 1754 tantum
596 1694 718 1766 disputo
736 1695 775 1753 de
790 1695 855 1754 iure
870 1696 986 1770 populi,
1004 1699 1055 1769 qui
1071 1705 1101 1757 et

61 1784 170 1850 potest
182 1784 213 1835 et
229 1779 309 1836 solet
319 1791 384 1836 non
399 1792 565 1850 numquam
580 1775 690 1848 dignos
707 1777 886 1848 praeterire,
902 1793 959 1836 nec
972 1777 998 1836 si
1013 1794 1031 1835 a
1045 1794 1099 1852 po·

61 1859 136 1933 pulo
153 1857 333 1931 praeteritus
349 1867 397 1919 est
411 1874 502 1933 quem
518 1874 580 1917 non
600 1859 733 1931 oportuit
753 1858 936 1927 aiudicibus
957 1861 1099 1919 condem·

62 1940 185 2000 nandus
206 1949 254 2000 est
270 1939 322 2015 qui
339 1941 520 2015 praeteritus
537 1955 598 1999 non
613 1947 669 1999 est.
712 1940 787 2011 Nam
803 1941 830 2001 si
844 1940 886 2001 ita
902 1949 1000 2014 esset,
1016 1943 1099 2015 quod

63 2032 167 2099 patres
182 2024 267 2098 apud
280 2021 413 2084 maiores
427 2031 550 2085 nostros
566 2030 669 2084 tenere
683 2040 744 2085 non
760 2032 931 2098 potuerunt,
949 2031 981 2084 ut
997 2041 1100 2100 repre·

61 2108 212 2167 hensores
228 2114 333 2168 essent
349 2107 553 2181 comitiorum,
575 2107 607 2167 id
627 2108 773 2168 haberent
792 2107 924 2180 indices,
946 2109 996 2167 vel
1016 2109 1099 2183 quod

63 2191 156 2250 multo
172 2189 261 2250 etiam
276 2189 377 2251 minus
390 2200 474 2254 esset
487 2192 655 2252 ferendum.
699 2192 773 2252 Tum
791 2193 869 2251 enim
891 2191 1097 2266 magistratum

62 2290 123 2332 non
146 2274 271 2348 gerebat
291 2273 333 2347 is,
354 2275 405 2350 qui
431 2284 568 2350 ceperat,
592 2275 620 2336 si
641 2283 743 2350 patres
764 2283 906 2336 auctores
928 2292 989 2336 non
1012 2285 1100 2338 erant

62 2357 148 2417 taem
170 2373 251 2418 nunc
271 2361 442 2433 postulatur
462 2376 480 2419 a
500 2359 604 2434 vobis,
626 2366 660 2420 ut
679 2358 746 2420 eius
761 2359 885 2432 exsilio,
908 2360 959 2435 qui
979 2369 1097 2421 creatus

62 2440 111 2512 sit,
127 2439 272 2502 iudicium
287 2441 394 2517 populi
405 2443 535 2503 Romani
549 2443 789 2517 reprehendatis.

121 2524 228 2600 ltaque
244 2541 429 2601 quamquam
445 2544 505 2601 qua
520 2526 603 2587 nolui
618 2525 709 2586 ianua
720 2542 786 2587 sum
799 2525 958 2601 ingressus
976 2527 1007 2586 in
1026 2536 1116 2587 cau·

61 2622 142 2678 sam,
157 2623 283 2683 sperare
295 2607 404 2670 videor
421 2616 535 2670 tantum
555 2611 704 2670 afuturam
719 2626 790 2671 esse
814 2609 981 2670 orationem
999 2625 1097 2670 meam

60 2688 212 2752 aminima
227 2691 405 2768 suspicione
418 2693 599 2754 offensionis
614 2702 700 2767 tuae,
720 2702 750 2754 te
764 2700 798 2754 ut
813 2694 914 2768 potins
931 2693 1097 2767 obiurgem,

61 2774 145 2847 quod
160 2773 297 2850 iniquum
312 2775 342 2836 in
358 2777 521 2838 discrimen
536 2777 674 2857 adducas
700 2776 874 2851 dignitatern
888 2785 986 2848 tuam,
1007 2791 1097 2851 quam

61 2864 94 2916 ut
108 2872 165 2929 ego
177 2874 245 2918 eam
260 2861 322 2920 ulla
336 2861 520 2921 contumelia
540 2875 634 2920 coner
647 2859 805 2936 attingere.
850 2861 901 2919 IV.
918 2861 948 2920 9.
963 2861 1008 2920 Tu
1024 2876 1096 2920 con·

59 2938 228 3013 tinentiam,
245 2951 278 3004 tu
291 2943 486 3017 industriam,
501 2953 534 3005 tu
548 2943 679 3004 animum
692 2944 801 3004 inrem
814 2943 974 3018 publicam,
988 2953 1022 3004 tu
1036 2942 1095 3003 vir·

58 3031 162 3096 tutem,
178 3031 210 3085 tu
221 3024 433 3100 innocentiam,
449 3036 481 3088 tu
496 3029 598 3100 fidem,
613 3037 645 3087 tu
657 3028 780 3088 labores
793 3037 873 3101 tuos,
889 3027 972 3102 quod
987 3027 1093 3088 acdllis

10 3156 12 3163 .
57 3124 119 3167 non
133 3107 176 3167 sis
192 3108 304 3184 lactus,
319 3112 433 3173 fractos
455 3129 528 3172 esse
549 3119 578 3171 et
591 3110 728 3172 abiectos
744 3119 774 3172 ct
787 3111 966 3186 repudiatos
981 3118 1095 3186 putas?
1131 3149 1134 3154 -

10 3215 14 3252 r
56 3191 137 3250 Vide
152 3194 288 3266 tandem,
304 3194 489 3268 Laterensis,
507 3203 651 3269 quantum
666 3211 724 3269 ego
739 3211 758 3254 a
773 3203 802 3256 te
817 3194 1004 3255 dissentiam.
1050 3194 1092 3268 Si,

10 3280 16 3337 i
56 3274 176 3336 medius
191 3276 287 3349 filius,
303 3278 409 3339 decem
426 3278 484 3339 s'oli
498 3288 603 3340 essent
617 3279 648 3337 in
664 3277 784 3351 civitate
802 3276 857 3361 uiri
871 3278 959 3352 boni,
972 3277 1092 3353 sapien-

10 3375 18 3421 t
55 3366 123 3432 tes,
138 3358 226 3433 iusti,
243 3377 369 3435 graves,
397 3363 449 3438 qui
470 3370 500 3424 te
513 3362 669 3437 indignum
689 3362 842 3423 aedilitate
862 3361 1092 3432 iudicavissent,

10 3460 19 3502 r
55 3441 180 3516 gravius
196 3444 235 3504 de
247 3451 277 3504 tc
290 3443 454 3508 iudicatum
468 3454 614 3523 putarem,
629 3462 720 3523 quam
735 3451 783 3508 est
796 3445 864 3522 hoc,
879 3446 964 3522 quod
980 3451 1013 3506 tu
1029 3459 1091 3504 mc·
