2340 3788
28 200 33 217 ,
103 174 167 243 eto
404 165 479 248 rao
493 167 524 224 r.
540 136 663 227 ειιιιᾸ
679 164 829 225 orario.

107 336 241 386 measse
261 316 421 388 emissum,
449 314 571 390 siquid
589 323 638 376 est
655 313 709 376 tibi
721 314 880 375 remissum
894 322 988 390 atque
1001 333 1134 380 conoes-

108 422 185 468 sum.
212 403 309 476 Quum
322 400 392 460 illae
405 399 507 458 vatent
520 398 603 473 apud
616 413 664 458 me
680 398 894 459 excusationes
908 397 1035 460 iniuriae
1049 408 1133 476 tuae,

107 487 201 549 iratus
216 483 334 544 adimus
349 490 433 554 tuus,
448 489 548 553 aetas,
563 480 693 541 amicitia
709 489 827 554 nostra,
843 488 905 542 tum
920 483 1056 542 nondum
1070 492 1134 544 stu-

108 580 160 632 mo
177 577 207 629 te
220 565 327 627 virium
342 563 416 625 satis
430 564 558 636 habere,
578 569 611 623 ut
629 579 687 638 ego
702 572 803 624 tecum
816 563 921 623 luctari
939 572 969 624 et
984 566 1134 642 congredi

108 651 245 714 debeam.
286 648 375 722 Quod
394 647 421 706 si
435 662 525 721 esses
545 661 604 705 usu
618 652 710 720 atque
723 653 821 706 aetate
834 646 1002 719 robustior,
1027 665 1133 709 essem

14 780 17 785 ,
107 735 188 795 idem
203 731 255 807 qui
267 732 362 803 soleo,
380 746 472 806 quum
487 744 554 788 sum
568 728 745 789 lacessitus:
761 744 841 789 nunc
858 737 955 789 tecum
972 729 1016 790 sic
1031 747 1133 806 agam,

109 816 214 879 tulisse
238 823 271 875 ut
294 813 396 889 potius
421 811 560 871 iniuriam
585 828 674 885 quam
697 810 849 871 rettulisse
869 811 994 886 gratiam
1014 813 1132 874 videar.

107 899 199 961 xvu.
213 895 264 960 48.
283 897 389 970 Neque
404 911 477 954 vero
491 893 650 968 quidmihi
664 894 797 953 irascare
812 894 977 968 intelligere
991 912 1131 969 possum.

28 1012 30 1017 ·
109 982 151 1056 Si,
167 982 250 1058 quod
266 996 336 1040 eum
357 977 503 1048 defendo,
528 993 618 1050 quem
640 985 671 1037 tu
691 992 835 1049 accusas,
856 993 910 1037 cur
925 977 978 1038 tibi
993 994 1052 1053 ego
1068 996 1132 1039 non

8 1120 13 1127 .
109 1079 294 1134 succenseo,
310 1060 363 1137 qui
376 1075 504 1120 accusas
521 1075 604 1131 eum,
621 1063 711 1134 que'm
725 1074 782 1134 ego
796 1059 949 1120 defendat
974 1061 1132 1122 Inimicum

107 1164 180 1223 ego,
202 1145 318 1219 inquis,
342 1159 455 1203 accuso
470 1158 578 1202 meum.
607 1142 646 1203 Ει
658 1143 787 1203 amicum
801 1158 859 1217 ego
873 1143 1005 1203 defendo
1018 1149 1131 1204 meum.

107 1231 174 1290 iion
188 1228 283 1287 debes
299 1235 332 1286 tu
349 1242 531 1300 quemquam
545 1227 575 1284 iu
596 1225 813 1286 coniurationis
831 1225 1010 1300 quaestione
1024 1227 1131 1287 defen-

109 1314 191 1372 dere.
231 1311 324 1369 Immo
346 1325 434 1370 nemo
456 1308 552 1382 magis
573 1325 657 1384 eum,
685 1311 724 1369 de
746 1325 807 1383 quo
828 1307 900 1367 nihil
921 1318 968 1386 est
986 1326 1131 1385 umquam

109 1392 290 1467 suspicatus,
307 1392 446 1466 quomis,
464 1393 514 1465 qui
531 1392 569 1451 de
583 1392 651 1452 aliis
665 1394 757 1451 multa
773 1389 924 1466 cogitavit.
954 1392 1013 1453 Gur
1026 1392 1132 1453 dixisti

108 1474 310 1538 testimonium
324 1474 354 1534 in
365 1472 464 1534 otiose
485 1473 559 1546 Quia
571 1482 705 1535 coactus.
728 1472 787 1534 Cur
800 1474 931 1535 damnati
946 1482 1036 1536 suntf
1055 1476 1132 1549 Quia

11 1598 14 1603 ι
109 1557 253 1618 creditum
267 1565 322 1617 est.
351 1558 488 1631 Regnum
505 1566 553 1617 est
564 1557 666 1618 dicere
681 1556 712 1616 in
726 1573 814 1632 quem
829 1557 904 1616 veiis
917 1574 952 1616 ac
964 1559 1131 1619 defendere

109 1657 199 1716 quem
222 1638 306 1699 veiis.
347 1640 440 1701 Immo
462 1641 593 1701 servitus
614 1648 661 1701 est
684 1656 743 1700 non
766 1639 867 1701 dicere
887 1640 918 1699 in
940 1658 1030 1716 quem
1052 1641 1130 1700 velie

108 1739 145 1783 ac
164 1738 224 1783 non
241 1723 405 1783 defendere
427 1740 517 1798 quem
538 1722 622 1783 velis.
653 1725 701 1784 Ac
717 1724 744 1785 si
766 1724 960 1784 considerare
976 1723 1127 1799 coeperis,

107 1813 205 1868 utrum
219 1805 315 1881 magis
331 1805 403 1865 mihi
416 1806 475 1868 hoc
491 1822 622 1867 necesse
636 1805 725 1868 fuerit
740 1808 841 1866 facere
854 1822 892 1865 an
906 1807 988 1866 istud
1002 1806 1064 1879 tibi,
1081 1805 1127 1870 'tn-

106 1888 223 1965 teffiges
243 1888 402 1950 honestius
421 1898 450 1949 te
469 1889 689 1951 inimicitiarum
704 1890 827 1951 modum
841 1896 973 1950 statuere
991 1888 1130 1965 potuisse

108 1988 196 2046 quam
212 1988 261 2032 me
279 1970 482 2037 humanitatis.
523 1971 574 2034 49.
594 1974 643 2032 An
664 1989 739 2033 vero
761 1988 853 2048 quum
869 1972 969 2050 honos
983 1972 1131 2047 agebatur

108 2054 236 2114 familiae
260 2065 379 2116 vestrae
398 2055 618 2131 amplissimus,
643 2055 702 2116 hoc
721 2064 769 2116 est
793 2057 968 2137 consulatus
993 2055 1129 2131 parentis

107 2136 164 2207 tui,
188 2136 431 2210 sapientissimus
452 2137 497 2196 vir
517 2137 756 2197 familiarissimis
774 2136 838 2197 suis
854 2138 1028 2199 succensuit
1042 2146 1130 2212 pater

106 2225 185 2287 tuus,
205 2236 297 2293 quum
309 2220 426 2280 Suffam
442 2229 472 2281 et
486 2221 685 2280 defenderent
699 2229 729 2280 et
744 2221 921 2282 laudarente
941 2221 1131 2294 Intelligebat

106 2299 185 2358 hanc
205 2301 293 2361 nobis
313 2319 332 2361 a
351 2302 515 2362 maioribus
534 2319 604 2362 esse
623 2301 760 2363 traditam
777 2302 982 2378 disciplinam,
1011 2311 1043 2363 ut
1062 2303 1128 2361 nul-

106 2380 165 2441 lius
179 2382 309 2443 amicitia
323 2385 362 2443 ad
377 2384 513 2459 pericula
530 2387 738 2460 propulsanda
752 2386 973 2460 impediremur.
1014 2387 1052 2445 Et
1066 2393 1131 2444 erat

105 2463 177 2524 fruic
191 2464 303 2525 iudicio
320 2466 410 2540 longe
430 2466 585 2528 dissimilis
600 2468 651 2528 iffa
668 2469 833 2530 contentio:
860 2478 938 2543 tum,
959 2467 1083 2528 adflicto
1097 2467 1128 2526 P.

108 2546 198 2618 Sulla,
218 2549 391 2608 consulatus
406 2549 494 2609 vobis
509 2550 688 2624 pariebatur,
706 2551 795 2612 sicuti
807 2561 910 2625 partus
924 2559 985 2612 est=
1003 2549 1129 2611 honoris

106 2637 171 2690 erat
185 2637 350 2690 certamen:
376 2641 514 2705 ereptum
533 2640 671 2707 repetere
687 2651 746 2694 vos
767 2633 980 2707 clamitabatis,
1004 2641 1038 2693 ut
1058 2632 1132 2692 victi

105 2711 136 2773 in
153 2728 260 2788 campo
280 2713 395 2773 infore
415 2713 592 2775 vinceretis:
619 2724 681 2776 turn
703 2716 755 2790 qui
771 2725 874 2777 contra
889 2734 946 2778 vos
962 2734 1018 2791 pro
1037 2715 1131 2774 huius

105 2796 202 2856 salute
221 2796 408 2870 pugnabant,
434 2795 608 2856 amicissimi
628 2797 736 2870 vestri,
764 2799 874 2874 quibus
893 2817 954 2859 non
976 2798 1129 2859 irasceba-

105 2876 192 2950 mini,
212 2879 402 2938 consufatum
418 2878 506 2938 vobis
522 2880 703 2955 eripiebant,
725 2880 835 2940 honori
855 2890 957 2942 vestro
978 2896 1129 2956 repugna·

104 2959 190 3030 bant,
219 2970 249 3021 et
268 2970 368 3022 tamen
389 2960 421 3022 id
437 2960 582 3022 inviolata
596 2971 697 3022 vestra
713 2962 857 3034 amicitia,
881 2963 1000 3038 integro
1016 2962 1132 3034 officio,

105 3047 208 3100 uetere
228 3046 368 3119 exemplo
393 3052 485 3119 atque
506 3043 641 3105 instituto
667 3043 770 3117 optimi
795 3047 944 3118 cuiusque
968 3045 1130 3103 faciebant.

104 3122 272 3185 xv111.50.
293 3126 358 3199 ugo
380 3143 453 3187 vero
476 3126 585 3200 quibus
607 3125 790 3201 ornamentis
808 3125 955 3186 adversor
974 3122 1055 3185 tuisf
1079 3132 1132 3180 aut

105 3203 156 3264 cui
175 3203 310 3278 dignitati
329 3216 451 3268 vestrae
468 3214 628 3282 repugno?
656 3205 739 3280 Quid¹
756 3215 804 3267 est
826 3206 909 3280 quod
928 3207 987 3265 iam
1009 3205 1049 3263 ab
1071 3203 1131 3262 hoc

104 3293 252 3361 expetas?
288 3288 393 3350 Honos
414 3291 455 3350 ad
473 3297 607 3364 patrem,
632 3287 763 3361 insignia
781 3286 907 3347 honorIs
921 3287 961 3346 ad
981 3295 1010 3346 tc
1031 3285 1132 3345 delata

105 3378 182 3430 suat
226 3369 269 3430 Tu
289 3379 412 3432 ornatus
428 3370 553 3437 ,exuviis
570 3369 660 3430 huius
677 3369 764 3430 venis
781 3370 820 3428 ad
842 3385 910 3429 eum
926 3368 1131 3439 lacerandum,
