2340 3788
126 163 169 227 8⁰
363 162 401 220 IN
415 161 447 221 C.
460 161 624 221 VERREM
638 161 722 221 acl.
735 162 772 221 ll.
788 163 860 223 LIB.
874 163 926 221 lV.

127 331 190 389 que
203 314 411 388 Tlepolemus:
432 326 534 386 neque
552 309 719 387 quidquam
741 329 782 373 ex
799 313 869 374 lano
885 313 1023 395 Chrysae
1037 323 1150 392 praeter

128 414 221 459 unum
237 396 452 470 perparvulum
470 395 590 469 signum
606 410 646 454 ex
662 412 734 456 aere
748 395 955 457 desideratum
968 405 1027 458 est.

210 476 261 541 et.
276 478 381 539 Matris
395 494 523 553 magnae
538 479 640 537 fanum
654 480 738 553 apud
751 477 908 553 Enguinos
922 488 980 541 est.
1000 480 1067 541 lam
1080 480 1147 543 enin

128 580 190 624 non
206 562 298 622 modo
314 560 447 622 breviter
461 561 532 620 mihi
547 561 585 621 de
596 578 657 623 uno
670 578 794 637 quoque
810 561 982 636 dicendum,
998 564 1146 626 sedetiam

128 646 350 722 praetereunda
365 645 505 705 videntur
522 660 591 704 esse
606 646 770 719 permuta,
790 652 823 706 ut
842 647 882 706 ad
896 645 1014 707 maiora
1028 647 1115 709 istius
1125 656 1146 709 et

127 729 341 790 illustriorem
362 728 422 788 hoc
438 743 551 801 genere
566 729 645 788 turta
667 740 697 789 et
716 730 835 789 scelera
846 730 1017 791 veniamus.
1044 732 1079 791 In
1098 730 1145 791 hoc
1169 762 1170 765 ¹

128 815 199 872 sano
215 813 326 873 loricas
341 812 509 886 galeasque
523 814 651 885 adneaS,
670 811 802 873 caelatas
820 828 915 888 opere
933 812 1146 893 Corinthiohy-
1164 862 1166 868 .

126 897 273 970 driasque
294 896 443 969 grandes,
464 892 554 953 simili
574 893 605 953 in
625 910 738 968 genere
758 904 850 970 atque
872 896 979 956 eadem
1001 905 1067 957 arte
1089 912 1144 973 per

127 981 240 1051 tectas,
262 978 343 1038 idem
364 977 414 1036 ille
428 975 548 1051 Scipio,
572 977 617 1035 vir
631 977 771 1039 omnibus
788 978 882 1039 rebus
902 976 1144 1053 praeceltemisd·

126 1080 209 1136 mus,
223 1069 370 1136 posuerat
385 1067 415 1120 et
429 1075 516 1119 suum
530 1076 640 1121 nomen
656 1059 863 1136 inscripserat.
884 1060 962 1136 onio
972 1062 1035 1128 iam
1050 1062 1143 1125 deistt
1160 1060 1167 1105 ²

127 1148 214 1220 plura
232 1143 332 1204 dicam
346 1151 398 1203 aut
416 1150 545 1218 querant
567 1143 672 1203 Omnia
686 1143 752 1216 illa,
775 1144 903 1220 indices,
920 1146 1060 1207 abstulit:
1084 1142 1144 1207 nint

125 1226 402 1302 irreligiosissime
418 1227 489 1287 iano
503 1235 625 1302 praeter
637 1227 768 1303 vestigia
786 1227 918 1289 violatae
931 1228 1090 1304 religionis
1101 1226 1166 1289 no!

125 1328 258 1386 menque
278 1309 310 1370 P.
337 1309 491 1386 Scipionis
511 1311 648 1385 reliquita
669 1310 802 1371 hostium
825 1311 939 1385 spolia,
962 1314 1166 1387 monumentai

124 1394 351 1470 imperatorum,
366 1395 480 1454 decora
497 1402 589 1469 atque
606 1402 782 1455 ornamenta
793 1396 933 1456 sanorum
947 1394 1095 1471 posthac,
1106 1390 1169 1455 liti

59 1532 61 1537 .
125 1477 293 1554 praeclaris
309 1475 482 1537 nominibus
498 1476 630 1551 emissis,
647 1477 678 1537 in
689 1476 888 1539 instrumento
903 1486 997 1553 atque
1012 1478 1043 1540 in
1054 1477 1143 1555 supel·
1165 1493 1170 1500 ‘

125 1561 226 1622 lectile
239 1562 271 1620 C.
286 1559 393 1620 VerrIs
407 1559 652 1621 nominabuntur.
680 1560 730 1622 98.
745 1561 788 1622 Tu
809 1560 952 1639 videlicet
971 1564 1060 1625 solus
1072 1558 1164 1623 vasitl

126 1642 289 1704 Corinthiis
304 1643 480 1703 delectaris:
498 1653 531 1704 tu
545 1644 626 1705 iltius
640 1644 721 1705 aeris
739 1643 999 1720 temperationem,
1024 1655 1059 1707 tu
1082 1659 1163 1721 opt-t

125 1744 191 1787 rum
205 1727 388 1788 lineamenta
403 1726 613 1787 sollertissime
624 1727 797 1803 perspicis?
812 1727 896 1788 Haec
912 1727 1017 1805 Scipio
1028 1728 1080 1791 ille
1093 1718 1161 1789 noni

124 1809 325 1887 intelligebat,
347 1809 440 1871 homo
454 1810 652 1871 doctissimus
666 1819 757 1886 atque
771 1810 1026 1873 humanissimus:
1041 1821 1075 1875 tu
1088 1811 1143 1873 sint
1153 1830 1170 1861 ι

124 1896 187 1955 ulla
197 1896 279 1955 bona
293 1903 367 1967 arte,
382 1893 449 1954 sine
460 1893 654 1969 humanitate,
668 1894 735 1955 sine
746 1893 878 1969 ingenio,
895 1894 961 1956 sine
978 1894 1098 1971 litteris,
1109 1896 1142 1957 n·
1158 1915 1170 1939 ‘-

120 1977 235 2052 telligis
253 1988 283 2039 et
296 1977 437 2038 iudicas?
457 1977 536 2038 Vide
548 1995 587 2038 ne
603 1977 654 2038 ille
671 1995 731 2038 non
748 1979 846 2038 solum
864 1980 1081 2055 temperantia,
1100 1974 1170 2041 sedi·

124 2060 215 2120 etiam
229 2060 425 2135 intelligentia
435 2070 464 2121 te
476 2070 568 2135 atque
582 2059 670 2135 istos,
683 2060 735 2135 qui
749 2077 782 2121 se
795 2062 950 2135 elegantes
965 2061 1027 2122 dici
1041 2064 1155 2129 voluni'·

124 2142 240 2202 vicerit
275 2143 350 2202 llam
372 2144 443 2218 quia
466 2158 556 2218 quam
571 2145 678 2217 pulcra
693 2153 798 2205 essent
818 2144 1018 2221 intelligebat,
1040 2146 1157 2208 idciro

123 2223 317 2285 existimabat
329 2242 367 2285 ea
379 2244 440 2285 non
452 2227 492 2286 ad
502 2225 656 2287 hominum
669 2226 828 2301 luxuriem,
840 2229 897 2288 sed
907 2227 1099 2292 adornatum
1111 2228 1158 2289 iat

123 2322 232 2366 norum
247 2315 339 2382 atque
352 2309 535 2385 oppidorum
549 2326 620 2369 esse
636 2312 723 2384 laeta,
735 2320 768 2371 ut
778 2311 911 2385 posteris
923 2312 1038 2374 nostris
1050 2308 1159 2375 monn-i

124 2398 226 2450 menta
240 2390 385 2465 religiosa
399 2408 470 2452 esse
485 2391 654 2454 videantur.
1168 2437 1170 2440 -

207 2474 296 2533 XLV.
311 2473 362 2533 99.
374 2474 487 2535 Audite
502 2474 592 2537 etiam
605 2476 789 2552 singularem
804 2476 880 2551 eius,
895 2477 1024 2552 iudices,
1039 2472 1143 2555 cupidi·
1158 2501 1170 2528 e

124 2565 225 2630 tatem,
241 2557 408 2629 audaciam,
424 2559 600 2632 amentiam,
615 2559 645 2619 in
660 2559 698 2621 iis
713 2560 893 2635 praesertim
905 2561 1002 2622 sacris
1018 2564 1161 2637 polluet-t

125 2640 183 2714 dis,
200 2656 280 2716 qnae
294 2656 356 2700 non
371 2642 462 2701 modo
478 2641 616 2703 manibus
632 2642 745 2719 attingi,
765 2643 821 2703 sed
836 2660 875 2704 ne
890 2644 1077 2720 cogitatione
1091 2638 1159 2721 qni·

123 2725 192 2785 dem
207 2723 314 2785 violari
329 2726 375 2783 sas
393 2722 457 2784 luit.
491 2723 664 2788 Sacrarium
678 2725 795 2786 Cereris
817 2736 864 2787 est
878 2728 962 2803 apud
977 2727 1144 2789 mamonae
1159 2761 1163 2776 ·

121 2809 230 2868 eadem
245 2807 393 2883 religione
409 2810 604 2883 quartanae,
617 2826 678 2887 qua
693 2810 723 2869 in
741 2809 870 2870 caeteris
885 2812 971 2883 locis,
985 2829 1048 2887 qua
1058 2822 1164 2889 prope*

122 2891 152 2948 in
170 2901 232 2952 toto
249 2893 322 2953 orbe
338 2901 494 2952 teramum.
518 2895 552 2953 ln
568 2909 605 2953 eo
622 2894 756 2954 sacrario
772 2891 875 2964 intimo
894 2893 1014 2969 signum
1030 2895 1088 2957 luit
1101 2894 1145 2953 Ge
1155 2923 1170 2952 ,ι

122 2973 199 3032 reris
215 2976 444 3051 perantiquum,
468 2978 551 3051 quod
572 2976 629 3035 viri
654 2993 714 3037 non
736 2977 827 3037 modo
850 2978 1038 3040 cuiusmodi
1063 2981 1170 3045 esseio

124 3054 180 3114 sed
194 3071 233 3115 ne
245 3075 315 3118 esse
324 3060 445 3134 quidem
459 3059 609 3120 sciebante
625 3060 725 3120 aditus
737 3059 817 3121 enim
828 3060 858 3119 in
870 3059 901 3119 id
914 3061 1084 3123 sacrarium
1094 3072 1145 3121 not
1159 3066 1162 3073 '

122 3143 170 3196 est
185 3138 273 3199 viris:
293 3157 381 3202 sacra
396 3159 452 3217 per
469 3143 611 3202 mulieres
626 3159 661 3203 ac
675 3143 810 3218 virgines
829 3144 938 3203 confici
957 3147 1069 3206 solent.
1088 3144 1170 3205 noa

122 3219 242 3293 signum
259 3233 352 3283 noctu
367 3225 444 3284 elam
460 3225 548 3285 istius
571 3228 652 3286 servi
677 3227 787 3288 exilio
809 3226 1043 3300 religiosissimo
1064 3236 1160 3303 atqutt

121 3302 332 3378 antiquissimo
354 3307 422 3368 loco
444 3310 639 3369 sustulerunt·
663 3308 811 3370 Postridie
835 3311 1014 3373 sacerdotes
1036 3305 1143 3371 cereris

120 3396 214 3462 atque
229 3386 308 3446 itlius
325 3386 385 3448 lani
401 3391 560 3464 antistitae,
573 3391 703 3452 maiores
721 3403 802 3469 natu,
819 3393 966 3469 probatae
980 3412 1017 3456 ac
1035 3394 1170 3457 nobiles·
