2340 3788
11 196 23 223 ‘
115 214 181 281 aaa
368 211 443 273 rao
456 211 497 271 ιι.
513 207 722 271 meanto
738 206 892 267 oaurro

44 380 53 391 ·
113 383 184 427 rnus
199 374 282 425 luam
295 362 454 424 victoriam
473 358 659 435 proeliorum
682 356 765 417 exitu
784 354 1002 417 terminatam.
1027 334 1164 469 glas-lior}¹

114 447 227 522 vagina
242 461 372 506 vacuum
385 444 504 504 inorbo
518 459 579 503 non
596 441 738 501 vidimus.
775 438 857 512 Quos
875 438 1052 503 amisimus
1067 434 1144 511 cives*

115 548 172 593 eos
186 528 291 590 Martis
307 528 355 588 vis
371 525 514 602 perculit,
529 540 589 585 non
604 524 651 583 ira
663 521 818 595 victoriae,
833 528 868 581 ut
884 522 1039 584 dubitare
1054 514 1145 609 debu}

1141 39 1147 213 l

114 629 205 675 nemo
218 611 291 687 quin
305 613 431 683 mullos,
452 626 480 669 st
470 608 559 668 fieri
573 615 696 682 posset,
714 605 745 665 C.
762 604 874 665 Caesar
887 605 930 665 ab
950 607 1069 670 inieris
1083 572 1145 671 aad!

115 704 207 768 taret,
226 693 371 768 quoniam
393 709 434 753 ex
457 691 565 751 eadem
584 689 651 750 acle
666 694 831 749 conservat
844 705 927 762 quos
945 699 1070 765 potest
1107 693 1136 754 ll

113 779 209 839 terius
225 792 299 837 vero
316 774 411 852 partis
426 773 500 833 nihil
513 774 644 847 amplius
659 770 757 831 dicam
773 786 873 845 quam,
891 770 927 830 id
944 775 1041 847 quod
1057 791 1136 836 omm

114 860 310 930 verebamur,
334 856 422 919 nimis
436 857 614 917 iracundam
630 857 758 915 loturam
774 853 872 913 luisse
884 853 1072 918 victoriam.
1109 856 1136 921 ιι

116 943 242 1017 Quidam
260 941 340 1003 enirn
355 958 417 1002 non
432 940 524 1000 modo
538 938 670 1009 amatis,
685 938 742 997 sed
758 936 908 996 interdum
927 938 1032 1000 etiam
1049 939 1146 1003 ociosi}

114 1024 306 1086 minabantur
320 1041 377 1085 nec
393 1023 466 1099 quid
482 1024 614 1097 quisquo
627 1019 786 1092 sensisset,
802 1021 859 1081 sed
872 1019 930 1079 ubi
947 1022 1072 1085 luisset
1081 1024 1145 1099 cogi.

114 1109 239 1170 tandum
255 1124 326 1169 osse
340 1107 496 1169 dicebant:
518 1115 551 1166 ut
571 1104 644 1165 mihi
667 1102 790 1179 quidem
805 1101 974 1165 videantur
989 1100 1029 1167 di
1043 1106 1136 1167 immor·

114 1193 202 1263 tales,
216 1190 306 1252 etiam
325 1190 352 1250 si
366 1205 484 1265 poenas
499 1190 644 1264 apopulo
655 1188 793 1247 Romano
810 1186 849 1247 ob
866 1185 1007 1262 aliquod
1019 1191 1136 1253 debetur

115 1272 337 1348 expetiverunt,
352 1272 405 1347 qui
426 1271 514 1333 civile
528 1273 640 1331 bellurn
656 1278 773 1332 tantum
786 1279 816 1331 et
831 1278 893 1331 tam
906 1271 1095 1335 luctuosum
1105 1290 1136 1333 er

115 1356 282 1427 citaverint,
294 1357 345 1415 vel
359 1354 470 1429 placati
483 1353 543 1413 ianr
557 1356 607 1414 vel
622 1352 721 1414 satiati
737 1353 901 1428 aliquando
922 1370 1059 1418 omnem
1075 1373 1135 1433 spon

115 1436 223 1497 smubs
237 1435 480 1497 adclamantium
496 1437 618 1497 victoris
634 1445 664 1499 et
681 1435 861 1511 sapientiam
876 1438 1072 1502 contulisse.

176 1517 226 1579 19
247 1518 314 1592 Qua
328 1535 362 1578 re
376 1514 476 1594 gaude
492 1528 543 1579 tuo
559 1520 617 1580 islo
632 1527 693 1579 tam
709 1518 868 1580 excellenti
883 1520 991 1594 bono,
1013 1534 1049 1586 et
1062 1526 1134 1585 lrucl

116 1616 209 1677 quum
222 1602 343 1664 lortuua
357 1611 387 1663 et
400 1603 497 1698 gloria
511 1611 574 1662 trun
588 1603 678 1662 etiam
693 1612 799 1663 natura
814 1611 844 1663 et
857 1603 1006 1667 moribus
1023 1608 1100 1671 laiss
1114 1620 1134 1665 u

116 1700 180 1760 quo
206 1684 329 1760 quidem
355 1684 506 1747 maximus
532 1694 582 1747 est
600 1685 716 1747 fructus
741 1684 986 1766 iucunditasque
1018 1687 1133 1768 sapienti

116 1766 242 1828 Caetera
258 1785 351 1844 quum
365 1777 417 1829 tua
430 1768 647 1839 recordabere,
669 1768 727 1829 atsi
745 1784 895 1855 persaepe
914 1770 1047 1846 virtuti,
1063 1784 1132 1835 uno

116 1853 296 1926 plerumque
310 1850 440 1911 felicitati
459 1861 529 1913 tuae
550 1851 755 1926 gratulabere=
768 1847 816 1911 de
840 1850 950 1926 nobis,
973 1874 1063 1932 quos
1082 1858 1133 1916 ιιιι

104 1933 238 2008 publica
249 1944 349 1995 tecum
365 1933 453 1995 simul
470 1935 573 1995 salvos
585 1950 657 1994 esse
670 1933 809 2006 voluisti,
827 1934 975 2009 quotiens
998 1938 1133 2015 cogitabit

115 2016 226 2076 totiens
238 2017 277 2077 de
290 2017 429 2077 maximis
444 2018 504 2077 tuis
519 2015 692 2086 boneficiis,
709 2017 820 2077 totiens
836 2017 875 2078 de
891 2017 1079 2089 incredibili
1089 2024 1134 2082 libe

23 2146 31 2159 .
114 2098 246 2173 ralitale,
267 2099 377 2159 totiens
400 2100 439 2159 de
460 2100 605 2175 singulari
623 2098 774 2194 sapientia
796 2108 847 2160 tua
874 2102 1056 2176 cogitabis·
1083 2117 1133 2181 qut

114 2197 175 2240 non
189 2183 279 2249 modo
292 2198 408 2242 summa
424 2183 512 2250 bona,
530 2184 586 2241 sed
601 2181 739 2242 nimirum
755 2183 875 2244 audebo
890 2187 943 2244 vel
956 2191 1037 2259 sola
1051 2190 1133 2250 dicere

115 2263 227 2321 Tantus
242 2272 289 2323 est
300 2264 379 2323 enirn
400 2265 567 2338 splendor
559 2282 589 2323 ιιι
604 2266 694 2325 laude
705 2282 786 2338 vera,
798 2275 881 2327 tanta
891 2266 923 2325 in
941 2270 1133 2346 magnitudin

115 2344 207 2404 animi
223 2354 252 2406 et
268 2346 387 2407 consilii
402 2347 542 2422 dignitas,
557 2356 591 2407 ut
604 2350 681 2411 haec
696 2348 835 2409 avirtute
851 2349 979 2423 donata,
1001 2364 1133 2417 caelarat

114 2429 235 2487 lortuua
257 2431 447 2490 commodata
466 2448 536 2491 esse
557 2430 723 2491 videantur
766 2430 817 2494 20.
839 2431 933 2492 Noli
925 2435 1052 2508 igitur
1043 2457 1074 2500 ιιι
1088 2450 1133 2497 cor·

113 2510 275 2570 servandis
295 2512 384 2573 bonis
405 2513 478 2574 viris
499 2513 673 2588 defatigari,
699 2531 760 2574 non
782 2514 948 2589 cupiditate
971 2519 1133 2594 praescrib

112 2593 216 2668 aliqua
227 2602 279 2655 aut
289 2596 438 2668 pravitate
450 2595 556 2671 lapsis
571 2599 627 2657 sed
639 2614 782 2672 opimone
793 2597 886 2659 olficn
897 2601 999 2663 stulta
1016 2606 1133 2666 torosa

113 2687 196 2738 certe
214 2694 274 2739 non
290 2677 437 2752 improba,
454 2688 485 2739 et
496 2678 600 2754 specie
616 2682 745 2754 quadam
758 2681 804 2740 rei
818 2680 980 2757 publicae·
998 2684 1133 2751 nonaria

112 2768 164 2820 tua
180 2762 241 2820 ulla
255 2761 345 2834 culpa
361 2769 423 2829 est,
446 2763 472 2820 si
493 2771 524 2822 tc
539 2761 631 2837 aliqui
642 2763 815 2835 timuerunt,
841 2773 1022 2843 contraque
1045 2779 1133 2833 sumnl

110 2843 189 2911 laus,
208 2844 292 2917 quod
306 2842 428 2902 minimo
444 2845 609 2904 timendum
625 2845 721 2906 luisse
736 2856 909 2907 senserunt.

174 2927 240 2985 Vll.
254 2925 305 2987 ιι.
321 2926 407 2987 Nunc
419 2926 508 2988 venio
521 2930 560 2987 ad
574 2929 785 3002 gravissimam
802 2932 958 3005 querelam
978 2944 1015 2997 et
1032 2932 1133 2998 atrocis

112 3005 219 3067 simam
240 3008 448 3083 suspicionem
470 3019 567 3070 tuam
592 3028 671 3086 quac
699 3029 759 3072 non
785 3013 920 3087 tibiipsi
941 3019 1052 3092 magis
1068 3029 1134 3095 qual

112 3106 205 3163 quum
220 3091 361 3153 omnibus
376 3092 493 3153 civibus
509 3101 571 3153 tum
588 3093 718 3154 maxime
735 3097 841 3168 nobis,
863 3094 916 3169 qui
938 3114 957 3157 a
982 3110 1019 3162 te
1035 3114 1134 3164 consu

111 3173 172 3231 vati
191 3190 311 3248 sumus,
334 3175 525 3249 providenda
538 3185 598 3237 esl.
623 3195 713 3252 quarn
734 3178 792 3238 elsi
813 3196 905 3253 spero
930 3181 1052 3245 falsam
1078 3197 1133 3244 esst

109 3264 211 3316 tamen
227 3272 392 3331 numquam
407 3260 579 3319 extenuabo
593 3258 706 3320 verbis.
750 3261 813 3320 Tuo
833 3261 914 3321 enim
930 3268 1043 3329 cautio
1056 3276 1134 3328 nostrt

108 3347 210 3398 cautio
226 3347 288 3407 ost,
311 3347 344 3399 ut
358 3341 386 3399 si
401 3341 431 3399 in
446 3343 588 3401 alterutro
604 3345 793 3417 peccandum
809 3345 855 3413 sit,
871 3345 978 3406 malim
994 3350 1096 3412 videri
1107 3344 1132 3404 ni·

107 3419 168 3479 mis
182 3421 306 3481 timidus
322 3436 412 3495 quam
428 3440 534 3496 parum
549 3427 694 3497 prudens.
721 3425 782 3487 Sed
798 3426 939 3502 quisnam
957 3443 1014 3494 est
1025 3434 1083 3496 iste
1094 3440 1149 3490 tan-
