2340 3788
293 237 299 277 ,ι
365 219 447 278 cnr.
464 228 593 282 17-19.
613 225 638 287 s.
653 231 783 285 ιι-ιιι.
1021 186 1082 290 117

57 367 164 430 socios
182 365 212 427 in
228 367 339 427 ultimis
355 368 417 430 oris
432 369 610 430 auctoritate
632 369 729 431 nostri
744 371 861 448 imperii
875 376 979 436 salvos
995 392 1080 450 prae·
1163 440 1169 456 ,

57 453 140 512 stare
156 458 347 524 poteramus,
361 458 439 525 tum,
456 468 547 527 quum
564 451 665 512 insula
679 453 785 527 Delos,
799 463 860 516 tam
872 460 980 530 procul
994 474 1013 517 a
1026 476 1080 520 no-

56 535 104 594 bis
124 533 155 592 in
170 536 294 606 Aegaeo
316 537 391 592 mari
406 535 520 608 posita,
543 549 604 608 quo
620 549 725 599 omnes
742 537 876 611 undique
891 555 960 600 cum
973 537 1080 601 merci-

55 619 114 676 bus
129 623 221 690 atque
236 612 380 682 oneribus
395 617 617 686 commeabant,
633 617 743 676 referta
757 618 877 693 divitiis,
893 637 997 694 parva,
1014 623 1081 684 sinc

55 714 160 770 muro,
183 696 257 756 nihil
279 697 418 772 timebat,
437 699 528 758 iidem
549 714 609 758 non
626 700 717 759 modo
732 699 897 773 provinciis
912 711 1003 777 atque
1014 706 1080 772 ¹oris

55 781 160 842 ltaliae
181 779 337 841 maritimis
360 798 396 841 ac
416 781 564 855 portubus
579 781 708 853 nostris,
729 781 892 843 sedetiam
908 785 1008 858 Appia
1022 789 1080 846 iam

57 864 106 923 via
125 863 320 923 carebamus·
343 872 373 922 et
393 863 464 923 iist
452 863 638 937 temporibus
660 880 720 923 non
742 863 876 938 pudebat
890 866 1080 941 magistratus

55 944 164 1022 populi
178 943 335 1005 Romani
327 962 358 1003 m
380 945 483 1005 hunc
475 962 575 1018 ipsum
591 946 692 1006 locum
708 948 890 1020 escendere,
907 964 999 1021 quum
1014 966 1082 1010 eum

55 1027 147 1089 nobis
167 1028 300 1087 maiores
315 1029 410 1088 nostri
428 1027 549 1087 exuviis
562 1027 690 1089 nauticis
704 1036 735 1089 et
751 1029 895 1092 classium
910 1031 1017 1104 spoliis
1035 1048 1081 1092 or·

56 1118 160 1172 natum
174 1109 378 1183 reliquissent

140 1193 217 1252 XIX.
240 1191 290 1252 56.
319 1191 564 1254 Bonoteanimo
580 1193 699 1268 tum,Q
712 1193 865 1267 Hortensi,
879 1180 1082 1268 populusRo·

56 1293 167 1338 manus
183 1282 213 1335 et
227 1285 379 1348 caeteros,
395 1277 447 1351 qui
464 1277 885 1359 erantineademsententia,
902 1274 1089 1351 diccrcexi1

57 1358 191 1421 stimavit
210 1374 260 1429 ea,
282 1375 361 1434 quae
372 1321 565 1420 sentiebatis:
587 1360 643 1420 sed
656 1367 756 1420 tamen
772 1360 803 1418 in
819 1362 917 1421 salute
932 1362 1083 1421 communi

55 1443 139 1504 idem
158 1442 291 1516 populus
305 1443 462 1504 Romanus
484 1441 581 1503 dolori
604 1459 661 1503 suo
683 1442 786 1502 maluit
808 1459 898 1518 quam
912 1443 1082 1504 auctoritati

57 1533 178 1586 vestrae
196 1524 413 1601 obtemperare.
442 1526 549 1599 ltaque
562 1543 623 1585 una
637 1527 703 1598 lex,
719 1542 797 1585 unus
811 1526 874 1597 vir,
889 1542 968 1586 unus
983 1542 1081 1585 annus

54 1625 119 1668 non
134 1608 225 1666 modo
240 1625 297 1668 nos
311 1608 362 1667 illa
376 1607 497 1668 miseria
511 1623 547 1666 ac
561 1606 746 1683 turpitudine
760 1607 906 1680 liberavit,
922 1609 978 1668 scd
992 1608 1082 1668 etiam

55 1690 174 1760 effecit,
196 1698 230 1749 ut
250 1691 412 1765 aliquando
432 1705 506 1748 vere
528 1685 699 1749 videremur
718 1690 857 1749 omnibus
882 1690 1021 1763 gentibus
1045 1706 1081 1749 ac

55 1771 230 1833 nationibus
246 1778 324 1830 terra
338 1770 474 1844 marique
488 1769 646 1842 imperare.
676 1769 736 1830 br.
765 1772 829 1842 Quo
846 1771 917 1830 milri
932 1774 1020 1830 etiam
1036 1771 1081 1829 in·

54 1854 181 1930 dignius
196 1852 314 1911 videtur
328 1851 526 1910 obtrectatum
540 1866 612 1911 esse
625 1848 734 1924 adhuc,
751 1852 876 1911 Gabinio
893 1851 990 1910 dicam
1005 1868 1081 1910 anne

53 1933 221 2007 Pompeio,
240 1949 278 1992 an
299 1931 434 2005 utrique,
455 1931 487 1991 id
511 1932 594 2006 quod
616 1941 664 1992 est
677 1934 799 2004 verius,
822 1950 860 1991 ne
881 1934 1031 2004 legaretur
1046 1935 1081 1993 A.

54 2015 206 2095 Gabinius
224 2015 275 2075 Cn.
298 2013 442 2088 Pompeio
466 2014 619 2088 expetenti
642 2031 678 2074 ac
699 2015 872 2089 postulanti.
890 2014 1006 2073 'Utrum
1023 2012 1081 2086 ille,

55 2101 111 2179 qui
133 2100 268 2175 postulat
284 2098 323 2158 ad
338 2105 452 2159 tanturn
465 2099 576 2159 bellum
590 2100 721 2172 legatum
738 2113 828 2173 quem
844 2095 929 2170 velit,
953 2097 1082 2157 idoneus

55 2202 119 2246 non
136 2191 184 2242 est
199 2181 250 2256 qui
264 2180 419 2256 impetret,
434 2198 527 2256 quum
541 2181 654 2242 caeteri
669 2182 709 2241 ad
725 2180 905 2256 expilandos
920 2179 1022 2240 socios
1038 2179 1082 2238 di-

54 2266 277 2343 ripiendasque
298 2257 472 2340 provincias
493 2282 571 2340 quos
593 2266 753 2324 voluerunt
773 2265 891 2339 legatos
914 2262 1083 2333 eduxerint,

57 2369 99 2413 an
121 2351 206 2423 ipse,
227 2347 312 2408 cuius
328 2349 395 2422 lege
414 2350 498 2407 salus
513 2364 548 2407 ac
564 2346 693 2422 dignitas
708 2348 824 2422 populo
838 2349 976 2408 Romano
991 2355 1082 2420 atque

57 2432 199 2495 omnibus
219 2431 358 2504 gentibus
381 2437 469 2490 const
457 2429 542 2490 tituta
566 2439 626 2503 est,
650 2446 762 2505 expers
777 2446 847 2490 esse
865 2430 955 2490 debet
969 2428 1082 2523 gloriae

56 2517 124 2578 eius
146 2513 338 2588 imperatoris
359 2520 451 2585 atque
472 2511 537 2572 eius
559 2512 673 2573 exercit
674 2529 726 2586 us,
756 2511 808 2589 qui
830 2511 958 2572 consilio
984 2507 1082 2583 ipsius

57 2615 96 2660 ac
114 2597 250 2673 periculo
269 2604 316 2656 est
304 2592 538 2656 tconstitutust
564 2593 614 2656 58
636 2598 684 2654 An
703 2596 733 2655 G.
747 2595 913 2665 Falcidius,
931 2591 964 2665 Q
980 2590 1082 2650 Metel-

37 2685 121 2758 lus,
139 2680 172 2754 Q.
189 2681 308 2740 Caelius
322 2676 513 2748 Latiniensis,
531 2678 581 2735 Cn.
594 2678 754 2751 Lentulus,
770 2694 849 2753 quos
865 2689 970 2736 omnes
987 2672 1082 2731 hono·

56 2765 100 2825 ris
116 2779 210 2822 causa
225 2761 356 2833 nomino,
374 2771 470 2855 quum·
480 2759 590 2819 tribuni
605 2761 685 2833 plebi
700 2762 837 2830 luissent,
850 2772 930 2816 anno
944 2753 1083 2829 proximo

57 2847 150 2943 legati
171 2862 242 2905 esse
263 2852 440 2918 potuerunt·
462 2844 492 2901 in
514 2859 574 2902 uno
595 2841 722 2903 Gabinio
743 2850 814 2901 sunt
802 2848 894 2900 ttam
915 2836 1083 2932 diligentes,

59 2928 157 3006 quiin
175 2928 234 2987 hoc
251 2928 346 2998 bello,
364 2927 445 3000 quod
461 2926 528 2998 lege
543 2923 669 2983 Gabinia
683 2924 747 2997 geri
749 2933 811 2996 t,ur
834 2920 865 2979 in
880 2919 964 2979 hoc
955 2935 1083 3005 impera

57 3022 124 3074 tore
139 3019 231 3084 atque
246 3008 389 3079 exercitu,
406 3025 496 3083 quem
507 3025 562 3082 per
573 3022 630 3067 vos
640 3006 708 3080 ipse
721 2968 882 3077 const’ituit,
897 2988 984 3063 etiam
995 3020 1083 3078 prae·

48 3097 152 3170 cipuo
170 3093 234 3152 iurc
250 3108 320 3153 esse
335 3092 480 3151 deberet?
501 3091 545 3149 De
560 3105 620 3164 quo
636 3089 766 3163 legando
783 3087 926 3147 consides
939 3102 1030 3161 spero
1045 3085 1085 3144 ad

58 3184 199 3238 senatum
213 3177 370 3234 relaturos.
410 3173 465 3247 Qui
483 3173 509 3232 si
527 3172 705 3233 dubitabunt
718 3178 770 3230 aut
786 3170 1002 3244 gravabuntur,
1026 3183 1083 3241 ego

57 3278 107 3321 me
130 3259 275 3334 profiteor
297 3259 473 3327 relaturum,
495 3271 596 3330 neque
616 3270 664 3314 me
678 3251 822 3328 impediet
837 3252 1015 3328 cuiusquam
1029 3250 1083 3308 ini·

58 3343 170 3404 micum
186 3340 331 3412 edictum,
348 3356 410 3414 quo
426 3338 526 3398 minus
543 3337 632 3398 vobis
648 3338 744 3397 fretus
759 3344 892 3403 vestrum
909 3336 957 3396 ius
970 3330 1083 3392 benefl-

58 3427 203 3500 ciumque
218 3423 395 3496 delendam,
408 3437 510 3498 nequo
523 3428 643 3496 praeter
656 3418 905 3482 intercessionem
920 3415 1087 3493 quidquam
