2340 3788
368 203 449 264 cnr.
464 210 596 267 ar-ro.
617 210 642 271 s.
659 212 789 270 ao-cs
1029 214 1091 287 197

150 352 282 415 xxxix.
305 348 492 429 Quamquam
504 351 632 415 huiusce
642 353 686 414 rei
697 362 833 430 potestas
848 356 946 420 omnis
957 360 987 419 in
1002 360 1090 423 vobis

64 437 126 500 sila
139 444 203 510 est,
223 434 355 497 iudices:
378 445 470 498 totam
490 453 555 498 rem
574 436 727 511 publicam
743 453 800 498 vos
814 440 845 498 in
860 441 918 502 bac
933 458 1027 503 causa
1046 453 1089 505 te·

63 518 160 592 netis,
182 535 241 579 vos
255 518 438 594 gubernatis.
475 518 508 579 Si
519 520 552 580 L.
569 518 696 578 Catilina
709 534 778 578 cum
792 536 849 580 suc
863 524 991 586 consilio
1005 528 1089 586 nela-

63 603 178 664 ricrum
198 600 366 677 hominum,
387 618 466 677 quos
487 617 591 661 secum
611 601 728 675 eduxit,
751 601 809 660 bac
823 603 862 663 da
877 621 911 664 re
924 617 1032 680 posset
1044 609 1089 669 iu·

63 687 177 759 dicare,
192 685 409 745 condemnaret
420 685 454 746 L.
468 685 640 744 Murenam=
655 683 682 744 si
695 683 865 745 interlicere
878 697 993 761 posset,
1008 690 1088 751 occi·

66 769 158 829 deret
200 762 308 828 Petunt
328 767 408 828 enim
429 767 562 828 rationes
584 765 679 839 iilius,
703 774 737 827 ut
760 767 882 827 orbetur
902 770 1014 830 amilio
1037 789 1088 833 res

63 848 1087 926 publica,ulminuoturcontrasuumluroramimperatorumcopia,

62 942 95 994 ut
116 930 216 992 maior
230 934 357 994 facultas
376 931 505 992 tribunis
524 931 624 1007 plebis
650 932 737 993 detur
760 932 890 1007 depulso
912 933 1088 996 adversario

63 1014 223 1077 seditionis
244 1031 281 1075 ac
302 1014 475 1075 discordiae
494 1015 700 1075 concitandae.
730 1016 854 1077 idemne
870 1014 961 1090 igitur
980 1016 1089 1077 delecti

63 1097 260 1174 amplissimis
286 1113 325 1158 ex
346 1095 502 1158 ordinibus
527 1097 735 1158 honestissimi
755 1105 848 1173 atque
872 1097 1089 1173 sapientissimi

62 1180 118 1241 riri
132 1180 326 1255 iudicabunt,
348 1181 431 1255 quod
444 1179 496 1258 ille
513 1180 791 1255 importunissimus
805 1180 969 1256 gladiator,
990 1180 1088 1243 hostis

60 1263 258 1339 reipublicae
271 1263 438 1324 iudicarett
463 1262 513 1324 84.
525 1263 599 1323 Mihi
610 1264 731 1338 credite,
743 1264 871 1339 iudices,
882 1263 913 1324 in
924 1264 982 1325 hac
994 1279 1089 1324 causa

61 1362 122 1406 non
138 1348 237 1407 solum
249 1348 287 1407 dc
297 1348 330 1406 L.
341 1347 494 1419 Murenae,
511 1346 721 1407 verumetiam
735 1349 774 1408 de
788 1354 891 1408 vestra
904 1349 1002 1409 salute
1017 1363 1086 1409 sen·

60 1427 184 1490 tentiam
201 1430 314 1491 ieratis.
351 1430 385 1490 In
400 1429 563 1491 discrimen
581 1439 747 1492 extremum
761 1426 917 1492 venimus=
946 1429 1020 1491 nihil
1039 1437 1087 1493 est

60 1513 119 1571 iam
133 1512 216 1572 unde
228 1529 286 1573 uos
297 1513 468 1574 reficiamus
483 1522 535 1574 aut
547 1512 599 1573 ubi
607 1513 687 1588 lapsi
697 1513 885 1575 resistamus.
907 1515 974 1574 Non
987 1515 1087 1576 solum

21 1616 28 1634 ι
60 1594 223 1654 minuenda
236 1612 298 1655 non
313 1604 383 1655 sunt
396 1594 523 1668 auxilia,
540 1610 619 1667 quae
635 1596 798 1667 habemus,
818 1596 979 1658 sedetiam
996 1612 1085 1670 nova,

60 1677 167 1737 silleri
181 1677 290 1751 possit,
306 1677 519 1750 comparanda.
546 1677 651 1736 Hostis
666 1686 714 1737 est
726 1677 806 1738 enim
820 1694 882 1739 non
896 1680 981 1755 apud
993 1681 1085 1739 Anic-

58 1774 137 1831 nem,
154 1759 238 1832 quod
252 1759 332 1817 bello
346 1756 459 1816 Punico
473 1756 686 1830 gravissimum
701 1758 801 1819 visum
814 1767 870 1831 est,
886 1762 987 1821 sedin
1001 1760 1085 1833 urbe,

56 1839 88 1901 in
101 1842 171 1899 loro
182 1870 225 1883 —
236 1838 267 1897 di
277 1838 476 1896 immortales!
493 1838 559 1896 sine
569 1837 682 1911 gemitu
692 1839 752 1900 hoc
767 1839 828 1899 dici
839 1856 900 1900 non
916 1849 1085 1915 potest-2

54 1939 122 1999 non
136 1935 225 1980 nemo
241 1917 330 1979 etiam
344 1917 375 1976 in
386 1919 437 1995 illo
448 1919 583 1978 sacrario
593 1917 639 1977 rel
649 1918 799 1992 publicae,
814 1919 845 1979 in
859 1921 938 1995 ipsa,
953 1921 1087 1996 inquam,

56 2000 145 2066 curia
161 2018 222 2062 non
238 2015 326 2063 nemo
341 1998 439 2061 hostis
459 2007 515 2061 est.
556 1999 593 2059 Di
614 2000 710 2061 laxint
727 2009 760 2063 ut
779 2017 866 2062 meus
887 2003 1018 2077 collega,
1038 2004 1086 2063 vir

56 2083 258 2157 fortissimus,
283 2084 342 2145 hoc
358 2083 501 2144 Catilinae
516 2083 663 2144 nefarium
677 2083 867 2146 latrocinium
882 2092 1015 2147 armatus
1030 2101 1085 2161 op·

56 2168 182 2245 primati
212 2167 277 2242 Ego
299 2175 435 2242 togatus,
457 2166 547 2228 vobis
564 2166 716 2242 bonisque
732 2167 872 2229 omnibus
887 2167 1085 2245 adiutoribus,

56 2252 126 2323 hoc,
143 2252 225 2325 quod
237 2258 419 2325 conceptum
428 2265 480 2311 res
494 2248 615 2325 publica
629 2250 794 2326 periculum
801 2250 941 2326 parturit,
956 2251 1084 2315 consilio

57 2333 219 2394 discutiam
234 2341 264 2394 et
280 2333 491 2407 comprimamt
521 2331 573 2395 85.
589 2333 651 2394 Sed
666 2334 740 2409 quid
755 2335 874 2395 tandem
890 2335 952 2410 flet,
967 2334 994 2396 si
1006 2336 1101 2396 haec

57 2417 164 2491 elapsa
178 2417 217 2476 de
230 2414 368 2475 manibus
383 2414 495 2476 nostris
509 2415 540 2475 in
561 2433 630 2477 eum
651 2433 778 2490 annum,
805 2417 857 2492 qui
877 2419 1082 2493 consequitur,

55 2498 274 2559 redundarint?
304 2498 391 2558 Unus
412 2496 468 2557 erit
487 2500 595 2559 consul
614 2507 644 2559 et
663 2499 690 2560 is
710 2515 773 2560 non
792 2499 822 2560 in
844 2500 1083 2560 administrando

56 2582 152 2654 bello,
174 2583 230 2642 sed
250 2581 280 2640 in
300 2578 482 2640 sufficiendo
504 2582 623 2655 collega
642 2591 819 2656 occupatus.
847 2584 936 2644 Hunc
955 2580 1015 2641 iarn
1031 2581 1085 2655 qui

56 2663 230 2738 impedituri
245 2662 314 2738 sint,
323 2661 403 2701 *Η*
412 2660 464 2722 illa
478 2663 574 2737 pestis
588 2663 737 2736 immanis,
752 2664 925 2741 importuna
940 2660 1084 2723 Catilinae

55 2755 246 2821 perrumpet,
264 2762 325 2821 qua
341 2745 466 2821 poterit:
484 2753 514 2806 et
530 2744 589 2804 iam
603 2748 719 2821 populo
735 2749 872 2808 Romano
887 2745 1032 2805 minatum
1045 2743 1084 2821 ,in

55 2844 148 2903 agros
172 2829 364 2889 suburbanos
388 2834 514 2902 repente
534 2829 702 2890 advolabit:
728 2830 900 2891 versabitur
919 2827 950 2886 in
975 2826 1083 2889 castris
1120 2856 1128 2875 ·

56 2911 148 2983 luror,
167 2912 198 2971 in
213 2910 296 2972 curia
309 2911 407 2984 timm,
424 2910 454 2971 in
471 2911 536 2971 loro
552 2911 729 2986 coniuratio,
749 2913 780 2974 in
797 2927 906 2986 campo
921 2911 1081 2983 exercitus,

54 2993 85 3053 in
102 2994 184 3068 agris
200 2992 339 3055 vastitasz
367 2995 447 3054 omni
467 3002 567 3054 autem
584 2996 614 3055 in
632 2995 707 3054 sede
727 3011 763 3055 ac
784 2996 853 3054 loco
871 2994 982 3054 ferrum
998 2993 1081 3054 iiam·

53 3092 197 3151 mamque
211 3086 388 3138 metuemus.
420 3078 503 3150 Quae
517 3076 576 3136 iam
592 3077 644 3137 diu
660 3085 888 3152 comparantur,
904 3077 1010 3137 eadem
1024 3076 1083 3138 ista

54 3159 173 3233 omnia,
199 3158 225 3220 si
246 3167 351 3220 ornata
372 3159 437 3220 suis
458 3159 619 3233 praesidiis
639 3161 695 3221 erit
714 3177 765 3220 res
786 3160 923 3235 publica,
949 3159 1037 3221 facile
1053 3168 1083 3219 et

54 3242 282 3317 magistratuum
289 3242 425 3304 consiliis
437 3252 466 3303 et
476 3244 662 3317 privatorum
672 3242 827 3316 diligentia
838 3243 1081 3319 comprimentur.

137 3326 197 3384 XL.
212 3324 262 3388 86.
286 3326 368 3398 Quae
383 3342 475 3400 quum
490 3327 531 3386 ita
545 3325 619 3398 sint,
636 3326 768 3399 iudices,
783 3324 911 3401 primurn
925 3325 970 3386 rei
984 3322 1081 3399 publi·

53 3424 110 3469 cae
125 3423 227 3482 causa,
244 3425 305 3482 qua
318 3409 400 3470 nulla
414 3425 465 3470 res
480 3409 620 3484 cuiquam
635 3409 736 3483 potior
750 3409 840 3470 debet
855 3425 935 3483 esse,
953 3423 1010 3468 vos
1024 3421 1081 3482 pro
