2340 3788
332 174 546 245 cArssa-ro.
568 188 594 251 a.
615 190 762 246 ae—na·
979 180 1062 248 deo

10 333 184 407 :uictorias
198 340 401 406 monumenta,
413 346 547 405 munera,
561 330 734 408 triumphos
744 331 903 395 audientes
913 342 945 396 et
957 337 1060 412 tegen-

10 456 12 463 ·
27 428 76 480 tes
91 425 170 477 tuos.
212 415 264 477 29.
279 414 341 480 Sed
355 414 415 475 nisi
426 416 502 476 heac
515 415 589 475 urbs
604 413 737 476 stabilita
752 411 811 474 tuis
825 416 961 478 consitiis
975 427 1005 480 et
1015 419 1060 481 iu·

10 498 141 565 :stitutis
156 497 228 572 erit,
251 496 410 573 vagabitur
423 498 515 558 modo
532 513 643 572 nomen
663 505 749 558 tuum
769 497 965 573 longamque
983 503 1061 566 iate.-

22 582 135 647 sedem
149 580 288 642 stabiiem
303 587 334 641 et
347 581 531 643 domicilium
548 588 662 641 eertum
676 595 739 641 non
751 577 885 640 habebit.
911 581 975 643 Erit
983 582 1062 646 inter

10 681 86 735 :aas
100 665 205 738 etiam,
222 662 275 738 qui
288 672 462 738 nascentur,
477 662 558 724 sicut
570 664 649 722 inter
662 678 721 723 uos
736 661 800 735 iuit,
816 676 926 738 magna
941 664 1059 729 dissen—

10 750 91 822 ;aio,
113 764 205 823 quum
225 745 276 806 aiii
291 745 433 807 laudibus
454 747 494 806 ad
514 746 632 807 caelum
650 744 702 805 res
721 752 790 806 tuas
805 753 910 820 pestus
924 745 1061 825 efferant,

10 829 77 903 2atii
93 831 223 890 tortasse
238 827 355 904 atiquid
367 827 532 904 requirent,
548 827 644 907 idque
663 828 713 888 vel
726 826 899 904 maximum,
914 828 1061 891 nisibeni

21 911 311 985 piviiis'incandium
324 910 422 985 salute
429 913 550 989 patriae
566 909 755 983 rusticitatis,
767 910 887 971 utillud
898 911 951 972 iuti
963 913 1061 975 tuisse

23 994 182 1068 rideatur,
201 995 261 1054 hoc
284 992 414 1053 consilii.
458 993 547 1055 Servi
561 992 652 1069 igitur
663 994 701 1055 iis
718 993 808 1054 etiam
821 992 990 1071 iudicibus,
1006 995 1059 1071 qui

10 1077 128 1154 pultis
143 1084 215 1151 post
228 1074 361 1136 saeculis
376 1077 415 1136 de
430 1084 462 1138 te
477 1075 654 1137 iudicabunt
667 1085 698 1138 et
709 1076 832 1152 quidem
843 1077 926 1137 haud
941 1075 1007 1138 seio
1021 1092 1060 1137 an

10 1157 233 1233 .;.ncorruptius
257 1173 348 1234 quam
368 1174 437 1220 nos.
479 1160 553 1219 Nam
569 1166 600 1220 ct
613 1159 679 1220 sine
693 1174 797 1220 amore
815 1166 844 1220 et
858 1157 927 1221 sine
944 1158 1059 1234 cupidi-

10 1250 87 1323 ,ιω
107 1249 139 1318 et
155 1256 262 1302 rursus
283 1239 350 1301 sine
371 1242 443 1302 odio
466 1250 497 1302 et
517 1241 584 1303 sine
597 1241 712 1303 invidia
728 1240 914 1304 iudicabunt.
956 1240 1008 1303 30.
1024 1242 1060 1302 ld

10 1333 127 1407 :tutem
141 1323 229 1384 adam
245 1322 272 1384 si
286 1331 348 1384 tum
363 1324 403 1383 ad
415 1332 462 1400 te,
475 1333 509 1385 ut
525 1322 647 1401 quidam
665 1326 743 1386 falso
757 1333 878 1400 putant,
892 1340 954 1385 non
967 1323 1059 1401 perti-

10 1404 124 1491 ⁵nobit,
144 1421 224 1467 nunc
239 1415 323 1468 certe
340 1405 471 1482 pertinet
497 1424 568 1469 esec
582 1415 612 1468 te
625 1409 729 1483 utam,
743 1415 783 1469 'ut
794 1414 862 1470 tuas
876 1408 984 1470 laudes
1005 1407 1060 1468 ab

10 1497 187 1575 jcumtura
201 1490 282 1550 nulia
297 1504 442 1565 umquam
461 1490 500 1551 sit
514 1489 638 1552 oblivio.

10 1612 35 1659 ς
83 1573 120 1635 Χ.
136 1574 283 1634 Diversae
296 1573 472 1634 voluntates
485 1573 596 1634 civium
611 1575 732 1635 merant
747 1571 974 1648 distractaeque
987 1588 1057 1635 seu·
1151 1599 1154 1605 ·

25 1654 147 1719 ..entiae
163 1656 231 1716 idon
243 1653 324 1715 anim
337 1654 474 1717 consitiis
491 1657 591 1717 solum
607 1664 637 1715 et
653 1654 772 1727 studiis,
788 1657 844 1716 sed
858 1656 950 1715 armis
968 1655 1058 1717 etiam

10 1728 56 1825 jot
70 1737 179 1798 castris
196 1737 438 1799 dissidebamus:
454 1747 519 1798 erat
532 1736 613 1796 enim
626 1736 798 1797 obscuritas
816 1739 1059 1812 quaedam-erat

10 1828 178 1909 ,pertamen
192 1818 270 1880 inter
281 1818 469 1881 clarissimos
480 1817 592 1878 duees=
607 1816 693 1878 muiti
704 1817 883 1887 dubitabant
891 1820 965 1892 quid
979 1821 1057 1893 opti-

15 1919 107 1995 ¹num
119 1908 210 1974 esset,
225 1901 309 1960 multi
325 1898 400 1975 quid
411 1898 472 1960 sibi
482 1899 649 1977 expediret,
665 1899 751 1961 multi
763 1899 837 1975 quid
849 1902 980 1974 deceret,
994 1915 1057 1960 non
1091 1912 1094 1919 ·

27 1984 99 2060 nulii
120 1983 211 2046 etiam
234 1982 307 2059 quid
326 1982 439 2045 liceret.
482 1981 533 2045 at.
553 1983 714 2044 Perfuncta
733 1982 921 2058 respublica
937 1982 1059 2043 esthoc

10 2060 137 2141 ¹[misero
153 2065 296 2141 fatalique
310 2065 407 2125 bello:
430 2064 504 2127 vicit
517 2065 560 2141 is,
583 2066 634 2142 qui
650 2081 711 2126 nou
726 2066 845 2126 fortuna
858 2064 1059 2126 inflammaret

12 2144 129 2213 'odium
145 2165 241 2221 suum,
256 2149 312 2210 sed
326 2147 459 2209 bonitate
469 2147 591 2210 tenireu
606 2164 664 2210 nec
676 2149 728 2223 qui
743 2164 859 2220 omnes,
877 2147 988 2221 quibus
998 2146 1057 2208 ira·

10 2230 74 2313 ¹'us
96 2241 192 2306 asset,
215 2233 341 2292 eosdem
363 2230 452 2293 etiam
472 2231 580 2294 exsilio
592 2239 643 2293 aut
662 2239 759 2293 morte
773 2229 883 2306 dignos
898 2229 1056 2292 iudicaret.

10 2312 118 2395 :erma
131 2316 170 2374 ab
187 2314 255 2375 aliis
271 2312 386 2391 posita,
407 2312 447 2374 ab
464 2314 530 2375 aliis
548 2323 652 2391 erepta
670 2321 749 2376 sunt.
792 2314 930 2390 Ingratus
945 2322 992 2375 est
1008 2312 1053 2375 in·

10 2386 187 2474 {uetusque
200 2395 294 2472 civis,
317 2395 369 2473 qui
389 2412 541 2459 armorum
557 2398 692 2475 periculo
708 2395 853 2459 tibertus
867 2395 999 2458 animum
1013 2404 1056 2456 ta·

10 2480 93 2565 'men
111 2480 220 2541 retinet
237 2488 401 2554 armatum,
415 2489 448 2541 ut
459 2478 548 2540 etiam
564 2479 614 2540 iila
628 2479 736 2541 melior
750 2476 798 2553 sit,
815 2478 910 2556 quiin
926 2478 993 2539 acic
1008 2494 1057 2538 ce·

10 2560 15 2567 ’
32 2563 112 2636 cidit,
135 2563 188 2638 qui
207 2562 238 2623 iu
254 2578 348 2623 causa
361 2561 490 2623 animam
507 2563 650 2639 profudit.
695 2562 779 2637 Quae
793 2560 874 2624 enim
890 2559 1058 2637 pertinacia

10 2624 222 2722 ²puibusdam,
244 2646 352 2706 eadam
376 2644 444 2706 aliis
465 2647 635 2707 constantia
656 2643 754 2705 videri
773 2652 885 2720 potest.
927 2641 978 2704 32.
995 2642 1058 2703 Sed

10 2704 84 2788 'am
106 2727 204 2789 omnis
225 2729 321 2789 tracta
343 2724 497 2788 dissensio
518 2734 565 2788 est
585 2726 677 2788 aruris
692 2736 722 2788 et
736 2725 887 2788 exstincta
906 2727 1058 2801 aequitate

10 2782 163 2903 frictorist
185 2818 281 2873 restat
290 2819 323 2873 ut
338 2826 446 2883 omnes
461 2825 555 2871 unum
569 2812 678 2885 velint,
700 2809 752 2886 qui
767 2811 859 2872 modo
875 2810 988 2869 habent
1004 2807 1056 2868 ali·

9 2894 101 3001 Euid
117 2908 178 2953 non
193 2896 293 2955 solum
310 2891 493 2970 sapientiae,
514 2895 571 2954 sed
595 2892 684 2957 etiam
700 2891 848 2955 sanitatis.
889 2890 956 2952 Nisi
970 2898 1008 2964 be,
1024 2891 1056 2950 C.

10 2991 147 3048 -naesar,
162 2977 249 3037 salvo
264 2985 295 3037 et
309 2975 339 3036 in
351 2975 411 3037 iata
425 2975 582 3049 sententia
599 2992 662 3051 qua
675 2992 769 3050 ouum
785 2982 875 3036 autea
889 2983 951 3035 tum
965 2973 1056 3035 bodie

10 3040 72 3120 ‘rel
86 3057 218 3120 maxime
232 3074 309 3120 usus
327 3076 371 3131 es,
386 3066 526 3121 monente
544 3058 622 3119 satvi
634 3074 705 3119 esse
719 3074 780 3118 non
796 3072 972 3132 possumus.
991 3056 1057 3130 Qun

10 3124 55 3204 'e
79 3158 186 3203 omncs
207 3150 253 3217 te,
279 3141 331 3218 qui
354 3142 430 3202 haec
446 3142 532 3202 salva
548 3158 618 3203 esse
634 3143 790 3213 volumus,
812 3146 842 3200 et
855 3138 1011 3201 hortamur
1027 3144 1058 3199 et

10 3198 222 3330 :fuscamus
231 3232 288 3302 ‚put
300 3223 383 3291 vitae
407 3233 478 3286 tuae
492 3231 522 3285 et
537 3223 628 3291 sabati
639 3226 800 3298 consulas,
811 3238 980 3301 omnesque
992 3220 1057 3294 ubi,

24 3316 52 3370 rt
73 3325 132 3385 pro
149 3307 217 3369 aliis
233 3306 323 3368 etiam
342 3309 453 3390 loquar
478 3308 562 3381 quod
582 3308 621 3367 de
636 3323 685 3368 me
701 3304 894 3383 ipse'seutio,
911 3303 1057 3383 quoniam

10 3367 155 3493 Jubesse
170 3388 286 3465 aliquid
299 3397 389 3465 putas
407 3389 492 3466 qnod
506 3388 675 3452 cavendum
692 3388 747 3464 sit,
766 3404 829 3451 non
850 3390 943 3451 modo
964 3400 1057 3449 excu-
