2340 3788
418 109 765 175 cAP.1-r.sr-·s
856 128 861 136 ·
1042 107 1107 173 459

72 264 219 337 pugnae:
246 257 377 319 reditum
390 258 431 317 ed
447 259 588 319 vestitum
606 260 763 320 conlectae
777 259 922 323 victoriae
942 270 1109 347 rescryate.

74 342 160 402 conl
159 340 238 399 ectio
254 358 294 399 au
295 348 355 399 tem
370 340 460 400 huius
476 340 547 401 belli
562 342 658 400 estD
673 341 757 401 Bruti
772 342 866 401 salus
909 342 938 403 2
960 330 1043 417 Quae
1056 361 1110 405 au·

70 434 139 486 tem
159 431 207 482 est
224 423 283 482 ista
297 422 462 497 sententia,
478 431 512 484 ut
531 421 561 482 in
580 423 760 486 hodiernum
774 423 856 484 diem
872 422 999 493 vestitus
1014 435 1108 490 mute-

69 517 142 577 tur,
159 502 279 566 deinde
285 518 353 567 cras
368 507 466 580 sagati
486 506 694 582 prodeamus?
735 507 798 566 Nos
811 522 885 568 vero
902 523 993 581 quum
1015 511 1110 570 semel

69 590 115 650 ad
132 604 213 662 eum,
229 605 319 663 quem
335 588 474 663 cupimus
490 597 701 664 optamusque,
718 588 858 650 vestitum
873 589 1061 664 redierimus,
1077 593 1110 652 id

26 678 30 683 '
70 687 217 748 agamus,
233 679 267 732 ul
281 687 351 732 eum
365 670 395 730 in
410 681 591 746 perpetuum
605 671 797 732 retineamus.
824 673 899 732 Nam
916 672 975 733 hoc
988 672 1110 748 quidem
1153 688 1156 693 ·

70 771 174 831 quum
194 763 283 829 turpe
298 763 345 815 est
358 763 421 815 tum
434 771 474 815 ne
489 755 536 815 dis
552 752 675 829 quidem
689 755 908 816 immortalibus
923 764 1055 830 gratum,
1070 755 1109 815 ab

68 853 186 899 eorum
206 837 283 912 aris,
314 838 354 896 ad
376 854 452 912 quas
479 837 573 913 togati
597 838 777 911 adiecimus,
804 838 845 898 ad
866 854 941 913 saga
962 837 1110 898 sumendo

69 917 250 983 discedere.
275 944 278 953 ·
294 917 324 979 3.
339 922 442 996 Atque
459 922 684 993 animadverto,
700 929 801 996 patres
818 919 997 994 conscripti,
1016 935 1109 995 quos·

71 1005 148 1064 dam
167 1001 238 1062 huic
255 1004 361 1062 lavere
377 1004 560 1078 sentcntiae,
583 1019 711 1078 quorum
731 1019 768 1063 ea
784 1019 872 1063 mens
892 1001 986 1077 idque
1007 1000 1107 1063 consi·

71 1086 148 1146 lium
171 1093 235 1156 est,
265 1094 297 1146 ιιι
319 1103 412 1161 quum
432 1085 557 1147 videant
577 1084 832 1161 gloriosissimum
852 1084 935 1146 illum
961 1087 998 1146 D.
1013 1086 1106 1147 Bruto

71 1169 209 1229 futurum
231 1169 326 1242 diem,
349 1186 409 1247 qup
426 1170 476 1229 die
491 1176 616 1245 propter
632 1169 699 1230 eius
719 1170 847 1230 salutem
864 1168 1044 1244 redierimus
1068 1167 1109 1226 ad

75 1249 234 1323 vestitum,
249 1250 330 1311 hunc
344 1259 458 1312 tantum
473 1252 501 1313 ei
515 1250 644 1315 fructum
658 1250 776 1326 eripere
790 1251 928 1327 cupiant,
942 1266 981 1311 ne
994 1266 1111 1335 memo-'fl

76 1334 140 1393 riae
160 1331 394 1409 posteritatique
417 1337 564 1411 prodatur
583 1343 710 1432 propter
731 1334 820 1397 unius
840 1335 916 1397 civis
937 1330 1105 1410 periculum

10 1448 14 1493 ·.
78 1417 225 1490 populum
245 1419 413 1479 Romanum
437 1420 477 1480 ad
493 1436 568 1495 saga
581 1420 660 1491 isse,
681 1428 805 1495 propter
819 1418 956 1481 eiusdem
977 1420 1106 1491 salutem

10 1494 46 1557 ῗ“
77 1497 197 1558 redisse
218 1499 258 1559 ad
278 1508 376 1574 togas.
411 1501 517 1562 Tollite
536 1502 629 1560 benc=
650 1502 764 1561 nullam
777 1509 837 1560 tam
856 1518 970 1575 pravae
988 1511 1106 1563 senten·

64 1579 138 1641 ¹liae
160 1595 285 1638 causam
304 1579 473 1653 reperietis.
508 1583 574 1639 Vos
595 1594 687 1650 vero,
707 1590 810 1653 patres
832 1583 1011 1656 conscripti,
1033 1600 1104 1643 con·

77 1667 201 1723 servate
221 1662 431 1722 auctoritatem
449 1667 597 1732 vestram,
621 1660 793 1729 manetem
818 1665 981 1733 sententia,
1006 1671 1106 1722 tenete

77 1749 182 1803 vestra
205 1741 363 1813 memoria,
386 1742 471 1816 quod
494 1742 588 1814 saepe
607 1741 799 1816 ostendistis,
821 1742 910 1803 huius
927 1742 1019 1804 totius
1036 1743 1108 1804 belli
1137 1812 1140 1817 ¹

77 1826 107 1887 in
118 1826 210 1886 unius
224 1824 281 1884 viri
295 1823 450 1885 fortissimi
463 1832 493 1885 ιι
503 1822 625 1884 maximi
636 1821 698 1883 vita
708 1824 840 1897 positum
852 1840 924 1886 esse
934 1823 1106 1886 discrimen.
1153 1864 1159 1873 -

77 1908 112 1969 11
129 1906 161 1970 t.
182 1909 281 1968 AdD
295 1908 421 1970 Brutum
440 1907 628 1968 liberandum
644 1905 735 1982 legali
754 1905 840 1967 missi
860 1908 1015 1982 principes
1033 1907 1105 1969 civi-

10 1994 29 2075 ι·
77 1990 164 2064 tatis,
187 1991 240 2065 qui
259 1991 302 2051 illi
321 1990 404 2053 hosti
416 2007 453 2052 ac
474 1989 645 2066 parricidae
660 1989 892 2062 denunciarent,
913 1997 947 2052 ιιι
961 2007 979 2050 a
992 1989 1106 2051 Mutina

10 2070 27 2147 ,ι
78 2074 266 2135 discederet:
283 2075 479 2135 eiusdemD
492 2073 577 2135 Bruti
593 2072 902 2148 conservandigratia
917 2073 1026 2134 consul
1040 2089 1105 2135 sor·

78 2156 184 2218 tituad
198 2158 309 2218 bellurn
328 2158 484 2232 profectus
500 2158 538 2216 Α.
555 2158 682 2230 Hirtius,
703 2157 791 2218 cuius
806 2155 990 2218 imbecillitati
978 2165 1037 2217 tem
1053 2172 1104 2216 va

10 2184 219 2301 'taurinis
234 2237 327 2299 animi
340 2240 436 2301 virtus
456 2249 486 2300 et
501 2256 575 2314 spes
595 2239 741 2301 victoriae
758 2240 961 2302 confirmavit:
984 2240 1104 2312 Caesar,

78 2338 172 2399 quum
185 2320 323 2383 exercitu
338 2339 394 2397 per
408 2339 443 2383 se
459 2330 635 2398 comparato
652 2322 758 2398 primis
775 2321 914 2397 pestibus
927 2339 991 2385 rem
1006 2320 1104 2396 publi—

77 2420 144 2469 cem
164 2405 341 2476 liberasset,
365 2422 404 2465 ne
420 2405 494 2480 quid
507 2414 617 2480 postea
637 2407 762 2467 sceleris
782 2404 924 2478 oriretur,
949 2406 1104 2480 proiectus

76 2496 125 2549 est
149 2488 190 2548 ad
210 2489 352 2549 eumdem
372 2488 498 2548 Brutum
520 2487 706 2550 liberandum
729 2486 864 2562 vicitque
890 2490 1028 2549 dolorem
1051 2485 1104 2546 ali-

75 2580 168 2647 quem
189 2571 389 2633 domesticum
411 2571 527 2644 patriae
550 2570 683 2632 caritate.
726 2570 756 2632 5.
778 2570 856 2644 Quid
877 2573 908 2634 C.
926 2570 1025 2631 Pansa
1044 2568 1105 2643 egit

74 2655 160 2715 eliud
185 2653 347 2716 dilectibus
376 2653 541 2729 habendis,
573 2653 704 2729 pecunia
728 2655 950 2729 comparando,
979 2660 1104 2714 senatus

73 2737 224 2799 camullia
238 2734 387 2799 iaciendis
404 2735 591 2812 gravissimis
605 2736 637 2798 in
651 2737 826 2811 Antonium,
840 2738 930 2799 uobis
944 2735 1104 2797 cohortan-

72 2820 133 2894 dis,
152 2823 270 2896 populo
288 2822 427 2882 Romano
447 2820 487 2881 ad
508 2837 633 2881 causam
649 2820 795 2882 libertatis
816 2820 971 2894 vocando,
995 2816 1055 2879 nisi
1072 2823 1105 2876 ιιι

71 2904 108 2965 B.
120 2902 236 2965 Brutus
249 2903 449 2965 liberaretur?
467 2907 569 2977 Auno
584 2906 718 2979 populus
733 2905 889 2965 Romanus
905 2905 1049 2978 frequens
1064 2899 1105 2960 ita

71 2986 249 3049 ulutcmll
253 2987 338 3049 Bruti
349 3001 495 3049 unnvoce
508 2987 700 3063 depoposcit,
715 2996 748 3049 ut
758 3004 824 3049 eam
837 3003 898 3049 non
910 2987 1009 3049 solum
1019 2998 1104 3046 com-

71 3069 176 3133 modis
195 3069 276 3142 suis,
302 3071 359 3132 sed
378 3069 468 3131 etiam
487 3069 663 3132 necessitati
682 3070 781 3133 victus
799 3071 972 3132 anteferret
1017 3063 1104 3156 Quod

72 3168 202 3231 operere
221 3168 279 3214 nos
300 3153 423 3229 quidem
440 3141 604 3226 debemus,
631 3163 733 3228 patres
755 3153 933 3229 conscripti,
955 3159 1008 3213 aut
1030 3142 1105 3208 inibi

70 3250 145 3299 m
160 3239 235 3297 eut
227 3251 287 3296 ram
302 3252 374 3297 esse
390 3237 577 3298 conlectumr
602 3237 659 3296 ιιι
671 3235 738 3312 spei
752 3238 901 3328 fructum
900 3233 945 3296 rei
961 3225 1104 3294 convenit

68 3326 102 3381 et
113 3317 240 3381 eventu·
255 3319 420 3394 reservari,
435 3335 475 3380 ne
488 3325 539 3379 aut
557 3320 683 3380 deorum
698 3294 909 3381 immortalium
922 3314 1102 3379 beneficium
